4782 6068
642 614 742 688 ,628
1101 609 1531 702 ‚matraid

664 800 740 892 lice,
767 823 842 874 cnm
868 807 960 874 esset
985 799 1147 894 indignus.
1199 797 1327 872 Verum
1351 795 1541 888 roboretur,
1569 805 1604 870 et
1629 795 1895 872 contortorum
1922 805 2040 876 omni-

665 912 728 988 bns
756 940 842 1012 quae
868 914 927 989 tihi
953 927 1029 989 suut
1054 915 1191 1013 placitu:
1217 923 1254 988 ut
1280 915 1371 1007 digni
1396 917 1499 988 simus
1519 937 1593 986 cum
1611 916 1817 988 conscientia
1836 940 1920 1013 pura
1939 941 2042 992 com-

666 1034 852 1107 municandi
879 1037 1013 1129 corpori
1040 1044 1075 1106 et
1100 1015 1253 1126 sanguini
1268 1029 1388 1104 Christi
1415 1034 1472 1103 tui.
1504 1029 1550 1104 Ut
1576 1028 1707 1126 quando
1735 1028 1895 1104 stabimus
1922 1056 2037 1110 eoram
2085 1049 2090 1058 ’

666 1159 701 1220 te
733 1152 769 1222 in
800 1149 856 1224 illo
891 1148 1046 1224 tribunali
1075 1148 1247 1222 tremendo
1282 1157 1325 1220 et
1351 1148 1521 1238 glorioso,
1554 1168 1668 1219 coram
1702 1145 1821 1219 throno
1856 1155 2041 1243 majestatis

665 1273 754 1354 tuae,
782 1268 990 1338 inveniamus
1017 1264 1277 1352 misericordiam
1304 1272 1337 1335 et
1364 1266 1514 1355 gratiam,
1542 1262 1756 1358 fruamurque
1781 1264 1881 1338 bonis
1907 1265 2040 1356 tunna,

666 1401 733 1452 non
767 1385 974 1473 transituris,
1001 1404 1086 1454 cum
1123 1378 1275 1454 omnihus
1317 1381 1372 1474 qui
1408 1403 1428 1450 a
1461 1377 1597 1452 sacerdo
1632 1378 1828 1475 placuerunt
1863 1382 1943 1454 tibi:
1976 1405 2038 1480 per

666 1501 812 1588 gratiam
839 1508 873 1570 et
898 1501 1130 1571 miserationes
1156 1496 1327 1590 Unigeniti
1353 1497 1417 1567 tui:
1446 1517 1519 1567 cum
1547 1516 1613 1589 quo
1640 1493 1699 1566 tibi
1725 1497 1889 1588 Domine,
1915 1498 2038 1590 gloria,

665 1612 790 1705 honor,
817 1624 968 1710 potestas
995 1625 1030 1688 et
1056 1614 1237 1703 exaltatio,
1268 1633 1341 1684 cum
1368 1611 1492 1707 Spiritu
1518 1622 1576 1684 tuo
1602 1613 1684 1683 vivo
1712 1621 1829 1685 sancto
1857 1623 1892 1685 et
1917 1615 2037 1688 vivili-

666 1740 782 1822 cante,
808 1753 895 1803 nunc
921 1741 955 1804 et
980 1753 1114 1828 semper
1140 1742 1175 1804 et
1199 1733 1234 1802 in
1259 1725 1396 1802 soecula
1423 1727 1641 1800 saeculorum.

767 1847 919 1942 Reliqua
940 1850 1168 1942 perficimtlcn
1192 1847 1372 1918 secundam
1397 1845 1590 1938 Limrqiam
1615 1845 1868 1938 Apostolorum.

769 1964 889 2036 Canon
914 1969 973 2059 qai
998 1965 1123 2036 dicitnr
1149 1964 1227 2036 loco
1253 1962 1344 2035 illice
1370 1964 1540 2034 orationis
1566 1983 1654 2056 qaae
1684 1964 1815 2054 incipit.
1852 2001 1855 2020 =

768 2079 900 2173 Dignos
921 2079 981 2152 fac
1006 2101 1070 2154 nos
1096 2079 1251 2168 Domine,
1277 2089 1357 2153 orele
1385 2082 1581 2153 Orationem
1608 2081 1831 2153 Dominicam.

766 2195 911 2269 Domine
936 2194 1086 2270 hahitare
1111 2196 1165 2269 fac
1191 2197 1457 2294 tranquillitatem
1484 2208 1573 2271 tuam
1597 2201 1682 2269 inter
1706 2218 1784 2287 nos,
1811 2219 1929 2293 pacem
1944 2206 2034 2268 tuam

662 2317 697 2386 in
723 2311 886 2386 mentibus
912 2314 1054 2388 nostris:
1080 2316 1257 2385 veritatem
1283 2324 1372 2385 tuam
1398 2323 1636 2387 commemoret
1658 2312 1773 2406 lingna
1790 2325 1924 2386 nostra:
1949 2333 2037 2386 crux

663 2439 719 2502 tua
747 2432 789 2502 sit
814 2438 928 2504 custos
956 2431 1138 2502 animarum
1163 2438 1368 2503 nostrarum:
1396 2433 1519 2527 quippe
1544 2429 1683 2504 facimus
1711 2451 1771 2501 ora
1786 2438 1902 2504 nostra
1922 2427 2034 2502 citha-

661 2567 720 2618 ras
746 2567 876 2634 novas,
902 2557 937 2618 et
962 2546 1110 2618 canimus
1135 2543 1233 2618 labiis
1258 2543 1476 2617 inflammatis.
1518 2546 1657 2619 Praesta
1682 2545 1780 2620 nohis
1807 2547 1971 2631 Domine,
1999 2553 2035 2617 ut

663 2685 738 2734 cnm
763 2660 882 2733 fiducia
910 2683 997 2756 quae
1023 2685 1044 2734 a
1068 2671 1104 2734 te
1129 2663 1190 2750 sit,
1218 2664 1476 2756 pronunciemus
1503 2683 1619 2734 coram
1650 2672 1684 2734 te
1717 2665 1903 2735 oraticnem
1933 2663 2034 2732 istam

661 2799 779 2873 puram
813 2788 846 2848 et
881 2787 1045 2866 sanctam,
1081 2799 1179 2873 quam
1211 2775 1323 2849 docuit
1352 2795 1393 2849 os
1426 2786 1517 2849 tuum
1548 2775 1718 2850 vivificum
1752 2775 1933 2871 discipulos
1958 2783 2035 2848 tuos

661 2902 797 2966 sanctos
823 2894 1003 2989 participes
1030 2895 1265 2989 mysteriorum
1292 2901 1440 2982 tuorum,
1475 2915 1549 2964 curn
1585 2891 1685 2982 dixit,
1719 2892 1851 2989 quaudo
1884 2889 2034 2978 orabitis,

661 3007 760 3081 dicite
796 3010 846 3080 sic
872 3019 1018 3097 orantes,
1048 3009 1176 3102 gratias
1202 3018 1362 3101 agentes,
1389 3007 1558 3098 dicentes,
1585 3018 1620 3080 et
1644 3008 1907 3105 respondentes,
1932 3005 2034 3080 Pater

659 3135 776 3198 noster
803 3126 857 3219 qni
883 3147 921 3199 es
948 3127 983 3198 in
1008 3123 1133 3216 coelis,
1158 3133 1221 3197 ete.

959 3399 1081 3471 Oratio
1105 3405 1185 3494 port
1209 3403 1455 3494 susceptionem
1481 3402 1725 3494 mysteriorum.

764 3587 850 3675 Quia
877 3591 1067 3686 accepimus
1094 3611 1219 3686 corpus
1245 3599 1334 3660 tuum
1361 3587 1551 3680 manifeste,
1583 3588 1707 3663 habitet
1739 3593 1773 3661 in
1798 3587 1897 3661 uobis
1922 3592 2029 3661 virtus

658 3715 714 3788 tua
743 3716 889 3794 secreto,
915 3712 951 3776 ut
977 3726 1137 3778 exeamus
1162 3707 1195 3777 in
1223 3727 1398 3778 occursum
1425 3714 1514 3778 tuum
1541 3705 1717 3796 laetanter,
1743 3717 1859 3802 terque
1885 3704 1943 3777 tibi
1962 3727 2028 3776 ca-

658 3841 775 3893 namus
801 3819 957 3913 gloriam,
984 3843 1060 3896 cum
1077 3824 1171 3895 veris
1191 3821 1266 3894 liliis
1290 3823 1525 3917 mysteriorum
1547 3833 1688 3912 tuorum,
1707 3825 1852 3896 Domine
1874 3823 2028 3894 omnium.

764 3932 895 4032 Carpus
921 3947 1012 4009 tuum
1038 3937 1180 4011 Domine
1205 3938 1320 4010 vivum
1348 3936 1435 4031 quod
1461 3937 1684 4029 comedimus,
1716 3947 1751 4012 et
1783 3939 1921 4030 sanguis
1952 3945 2028 4008 tuus

658 4073 762 4148 purus
790 4073 888 4147 quem
914 4051 1073 4138 bibimus,
1099 4074 1143 4124 ne
1169 4054 1213 4127 sit
1237 4053 1335 4126 nobis
1362 4051 1506 4124 Domine
1530 4055 1564 4125 in
1589 4062 1821 4126 nocumentum
1848 4061 1906 4125 ant
1929 4050 2027 4122 infir-

658 4171 822 4259 mitatem,
855 4167 916 4241 sed
943 4167 985 4240 ad
1011 4170 1236 4265 expiationem
1263 4167 1457 4240 delictorum
1483 4178 1518 4241 ct
1550 4172 1780 4244 remissionem
1813 4176 2027 4265 peccatorum

656 4284 800 4357 Domine
826 4286 980 4358 omnium.

763 4400 961 4494 Obeipoatio
988 4403 1222 4494 mysteriorum
1246 4423 1307 4474 aea
1333 4400 1451 4472 altimo
1476 4397 1670 4473 benedictio
1699 4425 1787 4497 qaae
1821 4402 1948 4473 dicitnr
1980 4399 2028 4470 od

657 4520 780 4588 celiam
806 4517 1043 4590 cancellorum.

761 4632 803 4704 Ei
830 4636 886 4728 qui
913 4636 1030 4730 expiat
1056 4633 1176 4706 delicta
1202 4643 1318 4707 nostra
1343 4655 1407 4729 per
1432 4655 1555 4731 corpus
1581 4657 1686 4723 snum,
1713 4643 1748 4706 et
1773 4632 1863 4710 delet
1886 4643 2027 4730 peecata

657 4758 773 4824 nostra
798 4771 861 4845 per
887 4751 1084 4843 sanguinem
1110 4771 1224 4839 sunm,
1249 4747 1323 4822 laus
1350 4753 1393 4822 sit
1417 4753 1452 4822 in
1476 4748 1632 4823 Ecclesia
1658 4753 1747 4844 ejus:
1774 4759 1808 4822 et
1834 4769 2027 4846 supervos

658 4888 781 4941 servos
807 4866 941 4940 Domini
968 4874 1003 4938 et
1028 4887 1114 4939 ores
1138 4887 1287 4963 pascuae
1314 4868 1387 4958 ejus
1413 4865 1557 4940 effundat
1582 4865 1672 4940 hona
1699 4887 1772 4956 sna,
1798 4874 1833 4938 et
1848 4864 1941 4961 pluat
1961 4887 2027 4938 su-

660 5005 723 5079 per
748 5003 814 5055 vos
839 4978 1090 5055 benedictiones
1116 5003 1212 5056 suas:
1238 4979 1358 5054 liberet
1382 5005 1448 5058 vos
1475 5005 1495 5055 a
1521 4980 1622 5073 malo,
1649 4991 1683 5055 et
1698 4979 1915 5080 potestatibus
1935 4983 2026 5075 ejus:

656 5097 759 5172 iaciat
785 5119 852 5172 vos
878 5119 964 5171 vasa
989 5097 1165 5196 praeclara
1192 5098 1233 5171 ad
1258 5097 1422 5172 honorem
1447 5097 1625 5174 divinitatis
1640 5120 1739 5172 suae:
1767 5107 1897 5172 avertat
1913 5121 1933 5170 a
1951 5118 2025 5170 vo-
