4782 6068
684 538 761 615 618
1254 536 1486 615 NOTAE

681 721 865 802 haereseos,
889 722 1023 802 quamvis
1045 737 1107 782 non
1128 727 1214 784 recte
1237 721 1443 805 intelligantur
1465 721 1502 784 ab
1526 722 1591 803 ejus
1614 720 1824 806 sectatoribus.
1870 719 1956 782 Unde
1979 723 2062 784 anti-

684 823 792 902 quiora
815 828 884 884 sunt
905 821 1044 882 fortassis
1068 837 1157 899 quam
1179 821 1245 901 ipsa
1269 819 1414 896 haeresis,
1436 838 1545 901 nempe
1568 818 1649 900 quod
1672 818 1710 881 ad
1733 827 1869 883 veterem
1887 819 1985 882 Ritum
1997 820 2062 881 Ec-

684 919 843 983 clesiarum
866 919 1102 998 Mesopotamiae
1126 919 1326 998 pertinebant,
1350 937 1439 999 quem
1461 919 1660 997 recentiores,
1684 919 1736 999 qui
1758 936 1812 981 eas
1833 925 2062 999 occupaverunt

683 1017 868 1094 Nestoriani,
890 1016 1096 1093 retinuerunt,
1127 1025 1162 1079 et·
1180 1035 1218 1079 ne
1241 1023 1405 1093 mutarent,
1436 1017 1585 1097 religione
1608 1017 1797 1081 tenebantur.
1842 1018 1918 1079 Nam
1941 1016 2060 1079 inullis

685 1118 796 1181 Officiis
820 1135 947 1198 quorum
971 1132 1031 1176 non
1055 1124 1103 1177 est
1126 1115 1231 1194 eadem
1254 1117 1424 1196 antiquitas,
1447 1115 1538 1178 multu
1553 1115 1744 1195 interspersa
1768 1123 1848 1196 sunt,
1872 1134 1951 1198 quae
1975 1133 2062 1178 com·

684 1217 774 1279 mode
797 1215 952 1296 explicare
976 1232 1065 1277 nemo
1089 1216 1195 1294 possit.

823 1562 859 1630 5.
902 1559 967 1645 Oui
994 1584 1068 1631 cum
1094 1561 1273 1653 Apostolos
1298 1563 1369 1630 suis
1396 1582 1439 1630 eu
1466 1564 1568 1679 nocte
1594 1581 1664 1652 quo
1690 1559 1837 1630 traditos
1863 1564 1925 1630 eal.

786 1751 930 1844 Qunnvrs
953 1763 984 1824 in
1000 1765 1096 1843 prima
1112 1762 1261 1846 Liturgia,
1283 1769 1314 1824 et
1337 1764 1367 1824 in
1392 1761 1457 1824 aliis
1480 1779 1578 1843 prope
1601 1761 1739 1824 omnibus
1763 1761 1979 1842 cujuscumque
2001 1761 2064 1823 lin-

684 1885 765 1951 guae
787 1867 1006 1947 interjiciantur
1028 1867 1194 1944 orationes,
1217 1865 1445 1928 benedictiones
1469 1872 1500 1927 et
1522 1865 1743 1940 caeremoniae,
1767 1882 1845 1945 quae
1868 1864 1899 1926 in
1921 1864 1978 1926 ista
2000 1882 2065 1928 non

684 1972 874 2042 annotantur,
897 1973 997 2026 tamen
1020 1966 1050 2026 in
1073 1967 1130 2029 ista
1153 1982 1274 2046 quoque
1303 1972 1335 2025 ut
1357 1965 1387 2027 in
1410 1964 1469 2027 aliu
1491 1964 1649 2028 observari
1672 1962 1778 2026 eadem
1800 1965 1899 2026 omnia
1923 1963 2064 2025 certissi-

684 2084 764 2128 mum
786 2073 843 2126 est.
888 2063 948 2126 Sed
972 2072 1005 2126 ut
1026 2063 1096 2126 alibi
1124 2064 1234 2127 dictum
1263 2063 1334 2138 luit,
1366 2071 1469 2126 carent
1500 2063 1629 2127 rubricis
1660 2064 1781 2143 antiqua
1812 2061 1997 2136 Ollinia,.et
2026 2080 2064 2124 ea

684 2163 863 2244 praesertim
893 2179 970 2242 quae
1000 2163 1037 2224 ad
1061 2163 1141 2225 aliud
1163 2164 1336 2245 primarium
1357 2163 1438 2225 unde
1462 2162 1551 2225 multa
1574 2162 1704 2242 petenda
1728 2157 1816 2224 erant
1837 2158 2061 2224 referebantur.

684 2255 835 2341 Quidquid
858 2263 937 2324 enim
960 2262 1137 2344 inLiturgia
1154 2261 1373 2343 Apostolorum
1396 2262 1624 2342 praescribitur,
1647 2261 1685 2323 ad
1709 2261 1820 2324 alteras
1843 2258 1918 2322 duas
1941 2277 2064 2340 quoque

683 2361 826 2441 pertinet.
869 2359 903 2422 ln
933 2361 990 2423 ista
1021 2379 1096 2424 vero
1126 2363 1292 2423 recitantur
1317 2363 1402 2443 Juxta
1431 2362 1562 2423 omnium
1583 2361 1788 2423 Ecclesiarum
1813 2359 2063 2422 consuetudinem

684 2458 778 2520 verba
810 2459 921 2521 Christi
953 2459 1070 2520 Domini
1101 2460 1343 2539 consecratoria,
1375 2478 1433 2522 nec
1464 2460 1552 2522 aliter
1582 2477 1668 2540 quam
1700 2458 1844 2541 leguntur·
1871 2459 1901 2519 in
1926 2458 2064 2538 Graecis,

686 2556 838 2638 Copticis‚
870 2556 971 2639 Syris,
1001 2566 1032 2620 et
1055 2558 1179 2620 aliarum
1202 2558 1373 2640 linguarum
1395 2559 1548 2644 Liturgiis.
1595 2557 1805 2638 Corruptionis
1836 2573 1944 2638 porro,
1973 2574 2064 2636 quum

685 2654 746 2718 boc
769 2657 799 2717 in
822 2655 890 2718 loco
915 2656 1149 2736 Diamperenses
1171 2656 1320 2742 Theologi
1343 2657 1494 2720 inductam
1516 2678 1534 2720 a
1555 2655 1706 2720 nonnullis
1728 2655 1979 2718 Nestorianorum
2001 2653 2065 2718 Ca-

687 2753 807 2817 tholicis
832 2756 1071 2835 affirmaverunt,
1100 2775 1139 2818 ne
1162 2756 1346 2820 levissimum
1369 2758 1489 2838 quidem
1511 2757 1672 2839 vestigium
1695 2757 1838 2818 occurrit.
1884 2753 1961 2828 Quid
1984 2757 2065 2818 enim

687 2852 898 2923 Nestorianum
910 2873 1031 2919 causam
1041 2857 1138 2937 Juvat,
1161 2857 1347 2938 Euangeliou
1361 2855 1472 2919 Christi
1488 2855 1582 2918 verba
1604 2853 1714 2917 referri
1736 2852 1888 2934 quomodo
1910 2855 1940 2915 in
1957 2853 2065 2916 Evan-

684 2953 774 3035 geliis
803 2961 834 3017 et
864 2955 893 3016 in
916 2955 1052 3036 Epistola
1075 2956 1170 3036 prima
1193 2954 1230 3017 ad
1255 2955 1426 3018 Corinthios
1448 2956 1608 3036 leguntur,
1632 2960 1662 3016 et
1685 2953 1722 3015 ab
1744 2952 1896 3014 universis
1920 2951 2065 3038 Orienta-¹

683 3051 762 3114 libus
791 3052 936 3116 Ecclesiis
968 3055 1209 3135 pronunciantur
1238 3072 1255 3115 a
1283 3054 1383 3118 multis
1413 3053 1560 3131 saeculis,
1607 3052 1717 3115 dudum
1750 3058 1908 3131 antequam
1930 3051 2065 3114 Nestorii

684 3168 793 3214 nomen
825 3153 958 3216 auditum
987 3152 1120 3216 luisset?
1165 3151 1270 3234 ltaque
1301 3170 1358 3215 cur
1391 3152 1650 3216 Malabarensibus
1681 3151 1858 3216 Christianis
1888 3155 2065 3235 corruptela

684 3249 772 3332 hujus
799 3251 859 3313 loci
889 3253 1088 3333 objiceretur,
1118 3252 1196 3314 ratio
1226 3251 1307 3314 nulla
1338 3261 1419 3316 erat:
1450 3272 1517 3315 nam
1548 3252 1627 3314 idem
1658 3252 1771 3314 crimen
1802 3251 1926 3334 impingi
1957 3261 2063 3334 posset

686 3349 832 3425 Graecis,
866 3351 970 3431 Syris,
1002 3351 1131 3431 Coptitis
1162 3358 1193 3414 et
1223 3351 1360 3414 omnibus
1388 3351 1469 3432 aliis,
1501 3352 1552 3432 qui
1582 3351 1640 3414 boc
1667 3353 1788 3445 nomine
1816 3368 1968 3431 uunquam
1993 3360 2065 3414 sunt

685 3449 829 3512 accusati.

774 3547 1004 3611 Observandum
1034 3567 1156 3629 quoque
1179 3550 1210 3610 in
1240 3550 1298 3610 ista
1327 3548 1477 3631 Liturgia,
1508 3557 1541 3611 ut
1570 3551 1598 3611 in
1630 3548 1694 3611 aliis
1725 3547 1854 3628 aliquot,
1882 3549 2063 3627 praesertim

686 3647 804 3710 Graeca
825 3647 937 3724 Murci,
962 3666 1041 3727 quae
1067 3647 1216 3728 Copticae
1239 3647 1345 3728 Cyrilli
1366 3648 1471 3711 similis
1495 3657 1558 3726 est,
1581 3649 1660 3710 inter
1681 3647 1776 3710 verba
1799 3644 1911 3710 Christi
1932 3645 2062 3725 Domini,
2093 3699 2100 3704 .

685 3753 717 3808 et
738 3745 961 3808 invocationem
985 3744 1117 3827 Spiritus
1140 3748 1248 3825 sancti,
1271 3748 1412 3809 interseri
1436 3749 1588 3811 orationes
1610 3748 1736 3823 multas,
1760 3753 1791 3808 et
1812 3746 1886 3807 sutis
1908 3745 2063 3825 prolixas:

687 3845 743 3907 etsi
774 3844 853 3907 dona
882 3847 1041 3926 proposita
1075 3845 1219 3908 venerari
1244 3846 1305 3927 jam
1335 3847 1480 3927 incipiant
1508 3855 1648 3928 tanquam
1680 3863 1792 3925 corpus
1824 3852 1855 3907 et
1883 3845 2064 3926 sanguinem

688 3939 800 4005 Christi
823 3944 951 4007 Domini.
996 3943 1098 4025 Atque
1122 3963 1161 4006 ex
1183 3945 1236 4007 illo
1264 3953 1460 4027 argumento,
1489 3953 1522 4007 ut
1548 3953 1578 4007 et
1601 3945 1699 4006 mullis
1723 3943 1788 4006 aliis
1811 3963 1889 4024 quae
1911 3942 1982 4004 alibi
2004 3943 2064 4005 ad-

686 4040 776 4103 ducta
800 4050 879 4121 sunt,
902 4043 1091 4106 manifestum
1107 4052 1164 4122 est,
1184 4061 1307 4106 errasse
1319 4063 1381 4107 non
1394 4044 1587 4107 mediocriter
1601 4045 1791 4108 recentiores
1804 4044 1918 4124 aliquot
1928 4041 2065 4122 scripto-

685 4157 738 4202 res
762 4145 897 4221 quamvis
922 4142 1072 4220 eruditos,
1097 4143 1148 4223 qui
1172 4142 1341 4205 Orientales
1364 4143 1475 4205 nullum
1497 4152 1548 4206 aut
1571 4145 1711 4226 exiguam
1735 4140 1845 4205 Christi
1870 4145 1974 4206 verbis
1997 4143 2065 4206 vir-

684 4245 778 4302 tutem
790 4239 923 4302 tribuere
936 4239 1091 4319 ulllrmant,
1115 4243 1201 4321 quasi
1223 4242 1290 4304 sola
1312 4242 1440 4324 Spiritus
1464 4243 1561 4305 sancti
1583 4242 1778 4305 lnvooatione
1801 4244 2065 4306 consecrationem

684 4337 792 4418 perlici
815 4338 985 4401 crederent.
1022 4339 1098 4402 Nam
1120 4345 1153 4401 ut
1176 4339 1214 4403 de
1236 4341 1424 4404 Nestorianis
1445 4340 1520 4404 solis
1544 4340 1693 4420 dicamus,
1716 4341 1784 4404 illos
1807 4343 1837 4403 in
1860 4342 1918 4404 aliu
1941 4346 2064 4406 omnino

686 4436 835 4499 sententia
853 4454 924 4500 esse
939 4438 1196 4522 probatLiturgia
1211 4439 1332 4502 illorum
1355 4442 1450 4521 prima
1473 4448 1503 4502 et
1525 4443 1701 4522 praecipua,
1724 4443 1754 4503 in
1777 4459 1836 4520 qua
1859 4440 2063 4504 invocationis

684 4543 755 4614 post
773 4536 970 4615 pronunciata
983 4536 1076 4600 verba
1091 4538 1245 4603 Dominica
1261 4537 1355 4602 forma
1371 4540 1453 4602 nulla
1477 4546 1537 4602 est:
1561 4557 1619 4602 nec
1641 4547 1741 4603 tamen
1764 4538 1801 4601 de
1827 4539 2062 4603 consecratione

684 4632 820 4713 perlecta
844 4633 989 4697 dubitant.
