4728 6028
650 1194 1039 1314 LITURGIA
1075 1189 1097 1254 ¹·
1150 1197 1385 1314 PETRI
1435 1197 1494 1315 ll.

882 1466 1003 1539 Oratio
1030 1476 1110 1540 ante
1137 1468 1275 1540 Paeane.

493 1760 676 1834 Sacerdos.
711 1737 986 1840 Trocmorum
1000 1772 1045 1852 te,
1068 1762 1224 1851 Domine,
1242 1760 1436 1832 inclinamus
1453 1757 1540 1831 colla
1560 1762 1752 1850 animarum,
1801 1779 1830 1830 nt
1840 1776 1889 1829 aa
1903 1779 1973 1836 aaa
1985 1797 2011 1848 p
2026 1778 2071 1832 ss.

392 1900 635 1975 corporumque
660 1890 865 1965 nostrorum,
893 1889 927 1950 nt
954 1901 973 1950 a
1001 1887 1034 1949 te
1059 1879 1257 1974 accipiamus
1283 1875 1562 1964 benedictionem,
1590 1887 1624 1948 et
1649 1879 1753 1950 auxi-
1766 1862 1825 1917 ⁰⁰st
1842 1865 1899 1933 sa.
1918 1864 1947 1918 θ·
1967 1865 2008 1916 ¹¹·

390 1995 468 2068 lium
494 1994 669 2068 infirmitati
694 2007 848 2085 nostrae,
883 1999 958 2090 quia
986 2005 1021 2067 tn
1046 1993 1177 2086 adjutor
1202 2002 1236 2065 et
1261 1991 1425 2085 refugium
1452 1995 1594 2067 omnium
1630 2016 1685 2082 es,
1719 1999 1766 2067 et

392 2111 449 2184 tibi
475 2112 617 2206 gloriam
642 2120 677 2183 et
701 2112 832 2186 landem
859 2110 1034 2184 referimus
1060 2120 1094 2182 et
1125 2112 1294 2202 unigenito
1323 2108 1408 2182 nino
1442 2119 1517 2199 tuo,
1550 2119 1584 2180 et
1617 2109 1753 2207 Spiritui

394 2237 519 2301 sancto.

494 2343 668 2417 Sacerdos
694 2345 831 2417 elevato
855 2365 980 2415 coeam.
1034 2341 1084 2414 Τιι
1112 2345 1306 2432 etiamnum,
1339 2343 1500 2432 Domine,
1524 2342 1669 2414 illumina
1694 2341 1753 2415 l·
1809 2425 1812 2431 ,

393 2463 477 2533 ciem
503 2471 591 2532 tuam
619 2481 825 2556 supernos,
853 2469 887 2532 et
913 2459 954 2532 ab
981 2457 1132 2532 omnibus
1158 2462 1318 2549 inimicis,
1334 2462 1401 2556 ¹qui
1427 2459 1504 2532 odio
1530 2479 1593 2532 nos
1619 2458 1753 2548 babent,

392 2576 496 2651 libera
522 2601 602 2652 nos:
630 2578 725 2668 dele,
751 2586 785 2649 et
811 2575 934 2648 dimitto
960 2579 1137 2649 universas
1160 2577 1350 2670 iniquitates
1376 2586 1527 2667 nostras,
1559 2584 1592 2647 et
1617 2573 1753 2648 refere-

314 2689 315 2694 ’
393 2715 486 2784 mna,
513 2703 575 2766 etc.

496 2809 655 2902 Papulas.
708 2810 826 2884 Amen.

496 2924 700 2998 Sacerdos·
732 2924 825 2997 Deus
854 2925 966 3020 pacis,
998 2933 1031 2994 et
1063 2923 1224 2996 Dominus
1255 2919 1494 3018 tranquillitatis
1520 2918 1681 3012 Domine,
1714 2922 1755 2995 da

394 3038 492 3113 nobis
518 3041 685 3129 omnibus,
719 3039 906 3135 dignosque
931 3057 993 3111 nos
1025 3037 1135 3128 effice,
1169 3048 1206 3110 ut
1237 3041 1353 3134 spiritu
1388 3061 1407 3109 a
1442 3037 1667 3110 misericordia
1699 3049 1755 3111 tna

394 3177 462 3228 non
488 3157 616 3246 diviso,
643 3155 878 3255 amplectamur
903 3159 1063 3244 induem,
1094 3159 1129 3226 in
1156 3154 1272 3228 osculo
1299 3153 1367 3226 doli
1393 3164 1534 3250 experte
1560 3162 1595 3225 et
1619 3153 1756 3226 relere-

395 3295 467 3346 mus
486 3273 552 3348 'nbi
578 3272 737 3367 gloriam,
764 3282 826 3344 etc.
1811 3267 1813 3272 ’

497 3390 658 3486 Populus.
709 3391 829 3462 Amen.

493 3508 681 3580 moeonas.
733 3506 866 3579 Stemus
894 3502 1059 3576 decenter.
1111 3501 1198 3574 Date
1224 3522 1352 3596 pacem.
1425 3490 1431 3503 '

494 3623 677 3697 Sacerdos.
732 3621 882 3712 Caritas,
909 3629 972 3692 etc.

493 3741 654 3834 Populus.
708 3739 827 3816 Amen.

493 3856 678 3928 Sacerdos.
732 3855 870 3928 Sursum
896 3851 1009 3926 eorda.

495 3973 656 4067 Populus.
708 3970 878 4044 Habemus
905 3968 948 4041 ad
973 3970 1160 4042 Dominum.

494 4088 692 4160 Sacerdos·
732 4088 863 4160 Gratias
891 4107 1028 4180 agamus
1055 4085 1209 4157 Domino.

494 4204 655 4299 Populus.
707 4204 852 4296 Dignum
880 4210 913 4273 et
934 4205 1058 4296 justum
1086 4210 1147 4276 est.

495 4319 670 4392 Sacerdos
695 4321 886 4391 inclinatas.
938 4318 1031 4390 Vere
1058 4341 1220 4414 aequum,
1255 4328 1289 4390 et
1310 4322 1433 4412 J‘nstum
1460 4327 1529 4406 est,
1555 4327 1590 4388 ut
1615 4326 1649 4389 te
1674 4315 1754 4388 lau-

395 4433 520 4528 demus,
547 4445 581 4507 et
607 4435 818 4524 extollamnS,
845 4435 996 4531 opificem
1023 4437 1168 4507 omnium
1194 4445 1430 4525 creaturarum,
1456 4441 1522 4504 tam
1549 4435 1755 4528 superiorum

395 4573 491 4645 qnam
521 4548 723 4625 inferiorum.
1725 4616 1727 4623 ,
1766 4551 1770 4564 ’

496 4669 645 4742 Eteonos
670 4690 794 4740 coeca.
846 4667 1035 4741 Laudamus
1061 4676 1113 4755 te,
1139 4667 1301 4756 Domine,
1328 4691 1401 4740 cnm
1426 4665 1585 4760 Angelis,
1618 4659 1654 4738 et
1679 4667 1755 4739 nr-

395 4781 628 4878 cbangelornm
654 4784 861 4880 legionibus,
894 4787 950 4880 qui
979 4783 1120 4858 vocibus
1152 4782 1258 4858 laudis
1290 4783 1484 4873 inclamant,
1516 4779 1756 4875 vociferantur,

395 4911 428 4973 et
454 4901 572 4977 dicunt

497 5017 657 5113 Populos.
710 5015 871 5112 Sanctus,
897 5015 1050 5100 Sanctus.

420 5155 543 5202 romualt.
1498 5135 1548 5210 23
