4730 6038
707 486 989 565 lllTlllllll
1025 482 1305 563 tistulis.
1607 479 1682 558 351

319 672 393 747 Filii
419 679 475 764 tui,
503 699 578 748 cum
604 677 701 750 suavi
727 673 910 765 harmonia,
936 684 971 748 ot
997 675 1131 768 gemitu,
1160 693 1294 748 oremus
1320 682 1355 745 et
1381 670 1537 744 dicamus.
1583 669 1686 743 Pater

320 801 435 866 noster
461 795 517 887 qui
544 813 581 864 es
607 795 641 863 in
668 790 782 865 coelis.

310 1005 312 1012 y
422 906 583 1000 Populus.
636 904 874 980 Sanctificetur.

423 1021 607 1094 Sacerdos.
661 1022 789 1108 Omnia,
817 1021 1034 1116 quaomnia,
1068 1027 1103 1092 et
1127 1021 1208 1091 vitia
1236 1029 1431 1116 operantur,
1463 1020 1496 1088 in
1531 1040 1686 1115 eaquae

320 1137 410 1210 bona
436 1147 469 1210 et
494 1142 636 1210 virtutos
663 1136 848 1232 producunt
874 1140 939 1210 oito
966 1145 1128 1209 converte
1154 1156 1237 1228 erga
1270 1157 1334 1208 nos
1366 1134 1525 1206 Domine:
1559 1143 1594 1206 et
1624 1158 1688 1206 re-

319 1253 465 1328 feremus
491 1252 550 1326 tibi
576 1253 719 1347 gloriam
746 1263 780 1326 et
805 1253 948 1346 taudem,
975 1262 1038 1325 etc.

424 1369 585 1463 Populus.
638 1370 757 1442 Amen.

258 1543 265 1555 .
422 1484 607 1558 Sacerdos.
659 1484 742 1558 Pax.

423 1600 584 1694 Populus.
637 1599 781 1673 Etcum
809 1603 924 1698 spiritu
950 1611 1016 1674 tuo.

422 1716 610 1789 Diaconos.
662 1715 822 1790 inclinate
848 1719 956 1812 cupita
981 1725 1096 1789 vestra
1122 1735 1238 1788 coram
1263 1710 1349 1785 Deo.

422 1831 583 1926 Populos.
638 1830 762 1905 Coram
789 1841 822 1905 te
847 1833 1000 1906 Domine.
1191 1835 1195 1854 '

422 1947 606 2020 Sacerdos.
659 1948 821 2046 Populum
847 1970 961 2021 eorum
996 1951 1050 2044 qui
1082 1947 1340 2046 procumbentes
1366 1970 1481 2024 coram
1514 1957 1548 2020 te
1583 1948 1687 2020 incli-

320 2068 388 2138 nati
414 2076 501 2156 sunt,
527 2075 562 2138 et
586 2069 817 2139 miserationes
844 2075 918 2138 tuas
945 2065 1112 2138 coelestes
1139 2069 1312 2162 suscipere
1338 2087 1378 2139 se
1405 2073 1601 2161 expectant,
1629 2063 1686 2136 di-

321 2203 407 2274 gnos
432 2180 489 2253 fac
514 2183 766 2278 participatione
788 2185 1023 2278 mysteriorum
1039 2192 1170 2255 tuorum
1202 2191 1415 2271 sauctorum,
1441 2180 1536 2255 etad
1563 2180 1686 2274 gaudia

320 2295 457 2369 menda
484 2305 598 2369 tecum
619 2301 654 2370 in
680 2319 788 2390 reguo
822 2309 878 2371 tuo
911 2296 986 2369 illos
1012 2320 1196 2396 praepara:
1231 2307 1265 2370 et
1296 2295 1481 2372 referemus
1513 2296 1571 2370 tihi
1602 2296 1686 2390 glo-

321 2415 403 2486 riam
429 2424 463 2486 et
489 2412 632 2504 laudem,
660 2423 722 2485 etc.

422 2529 585 2623 Populos.
638 2530 758 2602 Amen.

422 2645 606 2717 Sacerdos.
658 2647 743 2718 Pax.

424 2760 584 2854 Populus.
638 2760 682 2834 Et
708 2784 781 2834 cum
808 2764 925 2859 spiritu
951 2774 1018 2838 tuo,

423 2877 607 2950 Sacerdos.
660 2877 721 2950 Sit.

422 2993 611 3066 Diaconos.
664 2994 900 3089 Unusquisque
925 3016 1000 3065 cum
1026 2996 1154 3066 timore.

423 3108 607 3180 Sacerdos.
662 3108 787 3182 Sancta
814 3111 947 3184 sanctis.

422 3225 584 3319 Populus.
636 3224 729 3299 Unus
756 3225 857 3298 Pater
883 3236 1027 3300 sanctus.

422 3338 606 3413 Sacerdos.
658 3340 752 3414 Unus
778 3342 878 3414 Pater
903 3351 1050 3433 sancus,
1077 3351 1140 3414 etc.

423 3458 609 3529 utacum
661 3456 743 3530 Fac.

421 3573 605 3647 Sacerdos.
658 3573 774 3647 Gloria
800 3573 866 3647 tibi.

420 3689 609 3761 Diaconos.
661 3688 795 3763 Stemus
823 3689 988 3762 decenter.

421 3806 582 3900 Populus.
634 3804 834 3880 Laudamus.

424 3920 607 3994 Sacerdos.
661 3921 729 3994 Oro
756 3945 824 3996 uon
851 3923 1011 3996 sufficiunt
1036 3922 1079 3995 ad
1107 3920 1305 3995 laudandum
1331 3929 1381 3992 te:
1417 3943 1526 4016 nequa
1551 3920 1685 4014 linguae

321 4037 363 4109 ad
389 4037 610 4110 enarrandam
637 4037 779 4131 gloriam
806 4048 916 4128 tuam,
950 4038 1038 4134 quod
1071 4039 1171 4132 digna
1197 4038 1252 4111 illa
1273 4035 1384 4111 iecisti
1418 4036 1563 4126 deliciis,
1596 4062 1682 4135 quae

320 4154 544 4248 percipiuntur
570 4157 604 4224 in
630 4175 774 4251 corpore
801 4164 835 4227 et
861 4157 1024 4248 sauguine
1048 4157 1207 4250 unigeniti
1232 4153 1308 4226 Filii
1335 4155 1398 4225 tui:
1431 4176 1493 4250 per
1526 4178 1624 4250 quem
1651 4167 1685 4228 et

192 4306 193 4314 κ
320 4291 395 4340 cum
422 4291 486 4365 qno
514 4280 547 4342 te
574 4268 672 4341 decet
697 4269 818 4363 gloria,
845 4269 952 4343 honor
979 4282 1012 4343 ot
1037 4281 1186 4369 potestus
1221 4293 1295 4344 cum
1322 4269 1446 4368 Spiritu
1472 4281 1528 4344 tuo
1555 4284 1683 4346 sancto.

423 4384 584 4478 Populos.
635 4387 756 4458 Amen.

423 4487 606 4560 Sacerdos.
653 4490 738 4561 Pax.

421 4603 583 4698 Populus.
634 4603 779 4678 Etcum
805 4609 920 4703 spiritu
945 4614 1014 4680 tuo.

423 4721 611 4792 Diaconos.
665 4722 755 4794 Post.

424 4835 584 4930 Populus.
638 4836 761 4910 Coram
788 4848 831 4909 te.

424 4949 607 5025 Sacerdos.
662 4953 801 5054 Christe,
827 4957 881 5051 qui
919 4953 1037 5028 dedisti
1077 4977 1199 5054 corpus
1239 4965 1328 5028 tuum
1367 4965 1404 5028 ut
1442 4956 1684 5047 comederam,
