4730 6038
796 581 842 656 lll
867 575 1121 657 L'l'lUllClAld
1146 578 1368 658 btoscottt.
1686 581 1762 655 299

396 761 456 826 lide
479 771 683 844 exspectatur,
706 763 872 828 subtrahat.
923 763 1087 827 Fatendum
1116 763 1232 828 scilicet
1261 782 1315 828 eos
1346 767 1480 846 quamvis
1511 765 1549 830 de
1579 766 1762 830 sacerdotali

398 861 542 946 dignitate
564 863 721 944 praeclare
743 865 889 943 sentiant,
918 862 956 927 de
979 881 1036 944 qua
1059 863 1126 928 luse
1149 865 1310 945 loquuntur
1338 865 1368 927 in
1397 865 1582 929 orationibus
1614 883 1692 947 quae
1723 866 1761 928 ad

398 961 586 1026 Ordinandos
610 960 790 1044 Sacerdotes
812 970 1005 1044 usurpantur,
1028 967 1147 1034 nescire
1173 971 1273 1025 tamen
1295 963 1396 1042 multa,
1421 982 1498 1046 quae
1522 965 1560 1027 de
1583 967 1760 1045 operatione

397 1059 523 1124 llinistri
547 1060 585 1123 ad
607 1061 843 1126 consecrandum
865 1080 972 1143 panem
995 1070 1025 1124 et
1048 1063 1171 1126 calicem
1199 1063 1230 1124 in
1257 1079 1368 1144 corpus
1397 1072 1428 1126 et
1449 1064 1626 1146 sanguinem
1650 1064 1761 1129 Christi

396 1160 629 1224 subtilissimae
652 1161 763 1223 nostris
780 1160 944 1244 Theologis
968 1161 1117 1244 disputata
1140 1161 1210 1224 olim
1233 1161 1362 1226 luerunt.
1396 1163 1501 1244 Neque
1516 1164 1547 1224 in
1561 1181 1598 1226 ea
1620 1164 1762 1245 opinione

396 1267 476 1338 sunt,
498 1268 531 1322 ut
553 1260 725 1323 existiment
736 1260 931 1324 Sacerdotem
953 1261 1010 1348 nisi
1031 1261 1216 1341 imperando,
1240 1261 1311 1324 nihil
1332 1261 1596 1326 elicerenverum
1620 1260 1761 1343 precibus

395 1359 552 1423 Ecclesiae
576 1357 732 1439 plurimum
753 1359 900 1422 tribuunt:
923 1359 1034 1424 homini
1056 1368 1178 1441 praeter
1193 1361 1386 1424 ministerium
1408 1361 1492 1440 nihil,
1515 1362 1573 1424 nisi
1594 1370 1627 1423 ut
1649 1368 1761 1423 certam

396 1466 533 1537 spernet
555 1457 643 1520 fidem
666 1457 815 1522 Sacerdos
843 1458 962 1537 habeat,
992 1460 1088 1524 Deum
1116 1479 1173 1542 per
1203 1459 1343 1541 Spiritum
1372 1467 1523 1541 sanctum,
1553 1468 1705 1538 autorem,
1728 1468 1761 1522 ut

396 1575 489 1638 saepe
511 1565 648 1635 vocatur,
672 1558 931 1620 Sacrameutorum
943 1566 974 1621 et
984 1568 1264 1634 consummatorem,
1286 1576 1396 1641 preces
1419 1559 1534 1640 audire,
1558 1567 1588 1622 et
1610 1558 1758 1642 perlicere

330 1723 331 1727 ,
394 1655 534 1718 invisibili
564 1655 688 1736 ellectu,
716 1657 747 1720 id
775 1656 856 1739 quod
883 1657 992 1720 visibili
1021 1659 1185 1722 ministerio
1215 1657 1394 1723 celebratur.
1444 1658 1513 1722 Non
1540 1660 1633 1742 igitur
1660 1658 1758 1740 rigide

394 1754 588 1838 intelligenda
611 1755 685 1818 haec
708 1758 803 1818 oratio
826 1765 889 1818 est:
920 1775 1019 1837 neque
1049 1757 1160 1820 similes
1183 1757 1309 1820 allectus
1332 1759 1362 1820 in
1385 1757 1560 1839 quibusdam
1591 1756 1655 1821 aliis
1686 1775 1758 1820 ora-

394 1855 525 1917 tionibus
555 1855 775 1936 supprimendi‚
807 1874 898 1919 causa
925 1858 998 1920 satis
1028 1857 1135 1920 idonea
1165 1858 1300 1935 videtur,
1331 1875 1418 1939 quam
1448 1856 1581 1920 Lusitani
1611 1874 1758 1920 censores

395 1954 559 2016 attulerunt
586 1954 617 2016 in
648 1953 770 2035 Synodo
799 1955 1023 2036 Diamperensi,
1058 1957 1127 2020 inde
1160 1957 1322 2019 existimari
1350 1973 1442 2036 posse
1473 1956 1668 2022 Sacerdotem
1697 1972 1757 2019 non

394 2070 587 2129 consecrare,
610 2053 665 2116 sed
689 2052 831 2135 Spiritum
853 2062 997 2118 sanctum.

480 2152 568 2215 Plura
592 2151 630 2214 de
653 2151 711 2215 hoc
734 2161 910 2235 argumento
933 2154 991 2216 dici
1013 2161 1149 2235 possent,
1173 2161 1203 2216 et
1225 2154 1316 2216 variis
1340 2153 1564 2235 theologorum
1586 2152 1757 2215 autoritati-

392 2251 449 2315 bus
472 2251 650 2330 conhrmari,
675 2251 729 2314 sed
751 2271 811 2315 una
833 2251 957 2315 sufficiet
979 2252 1068 2316 dueta
1098 2272 1139 2316 ex
1160 2253 1327 2335 Synaxario
1356 2253 1471 2335 majore
1499 2251 1657 2314 Ecclesiae
1678 2251 1756 2315 Ale-

391 2348 556 2414 xandrinae
585 2351 643 2413 lds.
673 2351 806 2414 Arabico
835 2351 1038 2420 Bibliothecae
1077 2353 1300 2434 Sequierianac.
1351 2351 1385 2413 ln
1421 2367 1459 2413 ec
1490 2350 1527 2413 ad
1557 2351 1634 2413 diem
1662 2349 1753 2414 XXX.

391 2450 502 2513 mensis
525 2450 647 2529 Cohinc‚
670 2453 911 2514 commemoratio
933 2451 1102 2514 litAbbatis
1120 2452 1243 2515 loannis
1257 2451 1524 2525 Archimandvitae,
1547 2448 1654 2512 famosi
1675 2449 1754 2513 illius

390 2549 421 2612 in
444 2551 526 2615 sceti
549 2549 585 2612 ad
610 2550 641 2613 S.
663 2549 825 2614 Macarium
846 2551 1031 2616 llonasterii.
1084 2551 1117 2614 ln
1139 2553 1205 2632 ejus
1227 2552 1289 2613 vita
1312 2550 1418 2613 dicitur
1447 2549 1529 2613 illum
1558 2567 1624 2611 oum
1653 2549 1755 2611 Litur-

390 2650 470 2732 giam
493 2648 662 2713 celebraret
684 2657 715 2712 et
735 2651 849 2732 populo
873 2650 1066 2715 Sacramenta
1094 2649 1287 2713 distribueret
1314 2650 1477 2733 agnovisse
1507 2649 1647 2712 divinitus
1677 2667 1754 2730 pec-

391 2756 511 2812 catores
541 2755 572 2810 et
595 2749 710 2829 justos:
747 2767 900 2830 saepeque
928 2749 1040 2813 vidisse
1069 2749 1218 2814 Christum
1250 2749 1408 2812 Dominum
1437 2756 1467 2811 et
1495 2746 1632 2832 Angelos
1660 2766 1755 2830 super

390 2848 493 2912 altare.
531 2847 650 2911 Accidit
672 2849 800 2929 quodam
823 2849 871 2911 die
894 2857 926 2912 ut
949 2848 1098 2913 Sacerdos
1120 2849 1215 2912 malae
1239 2848 1346 2928 lamae,
1369 2850 1488 2912 veniret
1511 2845 1548 2909 ad
1570 2846 1752 2910 Ecclesiam:

391 2966 516 3029 cumque
538 2945 576 3008 ad
599 2947 706 3009 ostium
728 2949 929 3028 pervenisset,
953 2947 1026 3010 vidit
1053 2965 1119 3010 eum
1148 2947 1280 3011 Joannes
1308 2956 1425 3028 septum
1449 2946 1601 3029 spiritibus
1624 2947 1754 3009 immun-

389 3044 445 3126 dis,
468 3047 519 3129 qui
541 3045 676 3110 fraenum
698 3047 743 3108 ori
767 3047 831 3127 ejus
854 3048 1030 3129 injecerant.
1063 3047 1226 3129 Statimque
1249 3047 1323 3110 vidit
1344 3046 1494 3128 Angelum
1516 3045 1635 3109 Domini
1657 3064 1753 3128 egre-

389 3144 518 3208 dientem
540 3163 581 3207 ex
609 3145 712 3224 altari,
742 3164 808 3207 cum
837 3145 937 3229 gladio
967 3144 1121 3223 flammeo,
1155 3148 1205 3227 qui
1232 3165 1288 3210 eos
1318 3145 1439 3227 depulit.
1494 3145 1618 3208 lntravit
1650 3147 1752 3225 itaque

389 3244 538 3310 Sacerdos
568 3245 619 3307 ille
650 3245 680 3307 in
707 3242 874 3308 Ecclesiam
905 3251 936 3307 et
963 3244 1014 3307 ubi
1048 3254 1223 3308 ornamenta
1256 3243 1456 3308 sacerdotalia
1485 3244 1647 3322 induisset,
1670 3252 1750 3308 totus

387 3341 458 3424 igne
481 3343 681 3408 circumdatus
704 3347 855 3424 apparuit:
885 3343 981 3407 sacris
1009 3345 1159 3424 mysteriis
1182 3342 1341 3407 celebratis
1365 3351 1395 3406 et
1417 3345 1599 3406 ornamentis
1623 3343 1749 3424 deposi-

388 3441 436 3519 tis,
459 3448 491 3504 ut
512 3441 649 3507 Ecclesia
672 3442 779 3525 pedem
803 3442 918 3522 extulit,
943 3443 1103 3506 daemones
1137 3443 1225 3506 iidem
1247 3442 1329 3506 illum
1351 3442 1610 3505 circumdederunt
1638 3450 1670 3505 et
1692 3444 1749 3504 ab·

388 3538 546 3606 duxemmt.
596 3543 680 3604 llanc
702 3543 848 3604 visionem
877 3541 1018 3603 narrabat
1045 3541 1148 3604 Abbas
1165 3542 1328 3620 domnos,
1357 3543 1451 3622 inquit
1480 3549 1585 3619 autor,
1605 3539 1748 3604 fratribus

388 3640 460 3719 suis,
482 3648 516 3702 ut
538 3640 663 3704 doceret
684 3645 913 3723 ecs,'quantum
936 3641 1114 3704 adsacrum
1136 3641 1341 3718 ministerium,
1364 3641 1523 3704 discrimen
1544 3640 1657 3703 nullum
1679 3658 1748 3703 esse

387 3739 467 3802 inter
490 3740 682 3806 Sacerdotem
702 3742 825 3823 justum,
849 3749 879 3804 et
910 3749 1117 3822 peccatorem:
1148 3743 1217 3822 quia
1239 3747 1366 3822 propter
1386 3740 1474 3803 iidem
1497 3739 1611 3822 plebis,
1641 3738 1748 3802 eodem

386 3836 475 3901 modo
499 3842 584 3921 panis
614 3841 740 3903 ellicitur
769 3859 880 3923 corpus
912 3841 1035 3904 Christi:
1077 3842 1146 3921 quia
1173 3849 1205 3904 ut
1232 3840 1362 3925 sigillum
1390 3841 1473 3923 regis
1502 3841 1533 3902 in
1562 3857 1749 3920 quacumque

386 3939 509 4000 materia
532 3939 581 4017 sit,
603 3939 685 4003 serra
708 3940 758 4003 vel
781 3958 867 4018 auro,
890 3957 979 4002 unum
1009 3947 1071 4014 est;
1100 3940 1140 4002 ita
1163 3939 1365 4003 sacerdotium
1386 3958 1476 4002 unum
1499 3947 1560 4001 est:
1590 3937 1645 4001 sed
1666 3937 1748 4000 Deus

386 4035 485 4100 reddit
518 4039 679 4120 unicuique
713 4039 878 4103 secundum
912 4057 1005 4120 opera
1040 4057 1103 4102 sua.
1166 4039 1325 4103 Historiam
1358 4039 1582 4119 qualiscumque
1609 4038 1648 4100 sit
1676 4037 1749 4100 nihil

386 4153 551 4201 moramur:
574 4157 673 4221 neque
695 4141 774 4203 enim
795 4141 977 4224 ignoramus,
1001 4157 1088 4221 quam
1115 4138 1218 4203 faciles
1249 4141 1309 4202 sint
1337 4137 1504 4202 Orientales
1527 4139 1557 4200 in
1579 4137 1747 4200 referendis

387 4235 548 4302 miraculis.
592 4239 704 4303 Verum
727 4259 767 4302 ex
788 4240 861 4322 ipsis
883 4237 991 4301 fabulis
1014 4242 1126 4303 veritas
1149 4240 1281 4303 elicitur:
1304 4257 1372 4302 nem
1394 4240 1444 4319 qui
1466 4245 1589 4301 narrant
1611 4237 1747 4300 sanatio-

386 4353 442 4400 nes
464 4336 603 4400 divinitus
624 4336 719 4400 iactas
743 4339 779 4401 ad
802 4338 942 4419 sepulcra
964 4339 1139 4420 Martyrum,
1170 4346 1220 4402 aut
1240 4357 1298 4420 per
1319 4336 1436 4400 illorum
1458 4338 1610 4420 reliquias,
1633 4334 1764 4397 frustra.

387 4453 440 4498 eos
463 4454 524 4499 non
545 4437 679 4500 invocari
702 4437 842 4499 credunt:
866 4438 917 4518 qui
939 4439 1115 4518 apparuisse
1130 4456 1250 4501 carnem
1273 4445 1303 4500 et
1324 4437 1544 4518 sanguinemin
1558 4435 1745 4499 Eucharistia
1816 4490 1818 4494 ,

387 4535 523 4614 credunt,
550 4535 592 4598 illi
620 4555 725 4599 verum
752 4535 863 4599 Christi
893 4534 1010 4617 Corpus
1035 4544 1065 4598 et
1088 4537 1271 4622 Sanguinem
1297 4537 1377 4599 illam
1407 4555 1477 4599 esse
1510 4553 1570 4598 non
1600 4534 1743 4598 dubitant.

386 4633 525 4698 Similiter
547 4654 587 4698 ex
608 4635 658 4698 illa
680 4637 853 4699 narratione
875 4635 1063 4698 manifestum
1085 4636 1313 4718 est-Orientales
1336 4635 1462 4700 credere
1485 4637 1745 4701 sacramentorum

385 4732 524 4796 ellectum
547 4753 563 4796 a
585 4735 712 4808 ministri
734 4733 879 4816 dignitate
902 4753 964 4798 uon
985 4735 1131 4817 pendere.
1168 4789 1172 4796 .

471 4833 606 4915 Reliqua,
631 4853 697 4897 cum
720 4837 866 4897 communi
890 4833 1025 4897 omnibus
1047 4833 1190 4918 Liturgiis
1213 4833 1388 4915 disciplinae
1411 4834 1633 4914 respondeant,
1663 4831 1744 4896 nulla

384 4927 453 4995 luce
477 4951 553 5014 opus
575 4931 695 5014 habent,
719 4934 791 4996 satis
814 4953 853 4998 ex
874 4951 910 4997 se
932 4934 1102 5015 perspicua.

809 5122 1324 5168 wem—-

436 5215 560 5260 ronceu.
1488 5195 1535 5268 41

934 5437 1196 5590 ,βιῖιῖιῖὄιεὴν

977 5583 1151 5636 carone

970 5671 1161 5756 Museo*
