4804 6026
542 533 591 610 ot
608 527 776 608 SYRIACIS
803 526 1071 608 Mtttttrrttott
1091 530 1137 606 ΕΤ
1158 513 1422 608 Jacosstttuhtt
1448 529 1643 606 LITURGIIS.
1720 527 1770 600 Xi

409 722 547 794 sinceris
576 721 782 812 vetustisque
810 715 999 808 codicibus,
1026 726 1059 788 et
1086 737 1199 788 earum
1226 739 1320 788 usum
1352 720 1503 808 tiguhse
1535 717 1675 790 dubitari
1708 721 1770 790 vix

410 847 518 933 queat.
572 834 825 907 Observandum
861 855 965 931 porro
1001 841 1070 922 est,
1108 831 1332 906 Jacobitamm
1367 837 1536 929 propriam
1576 843 1610 905 et
1644 845 1770 906 certam

408 965 522 1027 notam
554 951 736 1025 ambitiosis
770 949 834 1024 illis
873 951 972 1025 titulis
1012 952 1192 1039 contineri,
1226 951 1375 1046 quamvh
1410 954 1444 1021 in
1476 954 1550 1047 ipsa
1585 955 1769 1024 orationum

410 1073 519 1161 serie,
544 1073 606 1142 vix
638 1065 813 1163 quidquam
849 1068 1018 1162 singudare
1051 1067 1094 1140 ad
1128 1067 1257 1140 illorum
1289 1071 1478 1164 opinionem
1513 1067 1771 1140 confirmandam

410 1211 448 1262 se
475 1187 601 1259 obierat.
654 1183 783 1281 Nempe
809 1195 845 1256 ut
871 1185 969 1274 alibi,
996 1189 1025 1259 si
1055 1189 1125 1258 vita
1152 1193 1323 1281 suppetet,
1351 1187 1538 1258 accuratius
1563 1183 1770 1280 probabitur,

406 1304 578 1396 jactabant
603 1313 738 1375 veteres
765 1301 1023 1400 Menophpsitae
1048 1304 1209 1394 majorem
1234 1305 1268 1374 in
1293 1300 1424 1374 modum
1452 1303 1640 1374 testimonia
1665 1309 1771 1373 vete-

409 1441 481 1492 rum
507 1418 641 1491 Patmm
667 1440 753 1513 quae
778 1440 890 1490 novae
917 1441 999 1492 suae
1025 1417 1232 1510 Theologiee
1256 1416 1375 1490 favere
1409 1416 1627 1506 videbantur,
1661 1439 1771 1511 neque

410 1537 586 1608 nubantur
611 1535 710 1608 modo
739 1538 908 1608 sententiis
935 1557 980 1606 ex
1005 1533 1210 1624 Athanasio,
1241 1533 1384 1624 Basilio,
1419 1531 1586 1626 Gregorio
1617 1533 1770 1604 Nazian-

410 1675 515 1744 ueno,
555 1663 588 1723 et
621 1649 798 1748 Nysseno,
834 1651 972 1746 aliisque
1006 1648 1180 1740 Patribus,
1215 1671 1340 1742 magna
1373 1673 1452 1724 cura
1486 1652 1675 1746 excerptis,
1710 1649 1771 1722 sed

411 1767 565 1861 Gregorii
592 1766 830 1859 Thaumaturgi
856 1777 889 1838 et
913 1765 1143 1838 nonnullorum
1173 1770 1392 1838 vetustiomm
1425 1770 1600 1840 autoritate
1634 1787 1770 1861 pugna-

409 1883 498 1957 bant.
550 1885 624 1956 Neo
651 1882 714 1956 iliis
742 1885 903 1971 contenti,
928 1881 1095 1978 Epistulas
1123 1881 1201 1956 Julii
1225 1884 1359 1978 Papae,
1393 1891 1427 1956 ct
1459 1893 1576 1956 vetem
1609 1882 1771 1977 quaedam

411 2005 532 2096 scripta
560 1998 642 2088 aha,
668 2021 806 2094 quorum
833 1997 962 2072 ialsitas
991 1998 1110 2070 dudum
1134 2007 1311 2096 perspecta
1329 2009 1394 2087 est,
1417 1997 1659 2095 producebant:
1687 2001 1772 2070 inter

411 2139 494 2211 quae
521 2115 598 2186 iliud
625 2119 804 2212 praecipue
830 2114 1009 2188 notandum
1035 2125 1107 2204 est,
1135 2119 1258 2211 scripta
1282 2117 1437 2211 Dionysii
1463 2115 1710 2210 Areopagitae,
1736 2125 1772 2186 ut

411 2231 488 2304 olim
515 2229 728 2321 credebatur,
754 2234 846 2327 prius
880 2235 1014 2324 ignota,
1052 2235 1193 2327 primurn
1227 2231 1371 2325 allegata
1399 2255 1419 2304 a
1445 2232 1640 2305 Severianis
1665 2231 1771 2305 inisse

410 2347 647 2420 incohatione
666 2345 954 2442 Constantinopoli
979 2345 1090 2420 habita
1117 2346 1178 2422 sub
1193 2349 1379 2422 Justiuiano
1397 2347 1680 2420 annoDXXXIII.
1719 2347 1771 2419 Ea

409 2467 509 2557 igitur
534 2469 620 2537 ratio
646 2465 778 2537 udatur
802 2463 921 2548 fuisse,
949 2450 1110 2536 curxdulii
1134 2465 1249 2561 Papae
1274 2468 1407 2537 nomine
1423 2463 1606 2557 liturgiam
1626 2486 1771 2560 compo-

411 2583 553 2671 suerint,
580 2589 616 2652 ut
642 2584 734 2673 eujm
760 2583 956 2652 testimoniis
982 2583 1109 2677 passim
1135 2579 1329 2670 utebantur,
1364 2580 1450 2653 ihius
1476 2583 1600 2652 nomini
1632 2587 1771 2673 gravior

410 2719 456 2769 ex
479 2696 659 2790 Liturgiae·
678 2695 771 2769 titulo
799 2701 957 2769 autoritas
985 2697 1171 2770 accederet
1222 2696 1391 2789 Liturgias
1412 2700 1499 2768 enim
1517 2696 1675 2787 seribere,
1703 2721 1770 2772 nou

410 2815 644 2908 cujuscumque
669 2812 808 2886 hominis
834 2813 912 2904 mir,
940 2813 1000 2886 sed
1025 2812 1152 2884 illomm
1179 2817 1234 2909 qui
1259 2812 1317 2886 vel
1348 2813 1514 2906 diguitatis
1548 2812 1770 2909 amplitudine,
1831 2797 1833 2802 ’

411 2928 468 3002 vel
494 2928 664 3001 doctrinae
689 2927 778 3001 fama
806 2933 950 3003 caeteris
976 2931 1229 3026 praestitissent.
1281 2930 1378 3003 Unde
1404 2933 1562 3004 excusari
1575 2953 1642 3002 nou
1659 2940 1771 3026 potest

409 3046 539 3116 iliorum
565 3047 777 3137 incogitantia
802 3043 860 3117 vel
885 3049 1092 3138 ignorantia,
1118 3049 1173 3141 qui
1201 3047 1276 3119 dum
1294 3046 1454 3144 Syriacas
1478 3046 1657 3140 liturgias,
1684 3069 1771 3142 quae

410 3159 581 3233 Maronitis
608 3171 641 3232 et
667 3162 764 3259 Syris
801 3160 874 3234 aliis
906 3163 1048 3235 utendae
1080 3165 1406 3260 praescriberentur,
1442 3164 1495 3236 edi
1530 3172 1703 3253 curarent,
1736 3173 1770 3234 ut

411 3299 511 3350 sanas
538 3287 572 3350 et
598 3281 686 3350 omui
712 3281 837 3350 erroris
864 3281 1053 3375 suspicione
1079 3301 1222 3370 vacuas,
1249 3303 1308 3352 aas
1333 3281 1659 3370 commendaverunt,
1687 3301 1771 3374 quae

411 3405 536 3466 certam
563 3403 676 3466 sectae
702 3392 908 3466 Jacobiticae
934 3403 1097 3466 tesseram
1122 3395 1365 3490 praeferebant.

512 3511 618 3598 XIX.¹
654 3510 784 3602 ignatio
810 3510 951 3607 hiartpri
976 3533 1075 3584 unam
1108 3509 1292 3582 athibutam
1324 3510 1448 3600 fuisse,
1482 3511 1546 3583 aha
1578 3515 1664 3583 ratio
1698 3510 1771 3600 iuit,
1804 3539 1844 3594 n,
1861 3541 1977 3610 Lamp.
1992 3539 2092 3610 lmese

411 3649 529 3722 nempe
556 3625 644 3721 quod
669 3625 912 3698 Antiochenam
939 3627 1054 3701 sedem
1087 3629 1267 3717 tenuisset,
1300 3625 1361 3699 sub
1396 3628 1490 3718 cujrus
1523 3627 1600 3699 olim
1628 3627 1770 3718 jurisdi-
1783 3625 1909 3679 “tribuit-

412 3747 521 3816 ctione
546 3742 606 3814 iuit
631 3746 822 3816 vastissima
853 3744 1031 3817 Dioecesis
1065 3744 1225 3832 Orientis,
1268 3765 1314 3816 ax
1346 3765 1411 3838 qua
1448 3744 1491 3817 ob
1525 3743 1769 3840 amplitudinem

411 3859 573 3932 formatae
602 3869 677 3932 sunt
703 3863 848 3933 minores
865 3862 1069 3949 Dioeceses,
1096 3857 1156 3931 sed
1169 3869 1280 3930 tamen
1297 3861 1377 3932 satis
1390 3869 1511 3932 vastae
1525 3857 1770 3933 Cathohoomm

411 3974 557 4048 Persidis
585 3985 618 4047 et
649 3974 851 4066 Armeniae,
884 3976 927 4049 ad
961 3999 1100 4072 quorum
1133 3974 1322 4071 exemplum
1351 3975 1559 4078 Nestoriani,
1594 3975 1770 4051 Seleuciae

412 4103 446 4164 et
471 4091 693 4188 Ctesiphontis
707 4092 909 4187 Episcopos,
936 4093 1053 4188 quibus
1081 4101 1315 4164 successerunt
1332 4090 1495 4165 Catholici
1510 4091 1667 4184 Persidis,
1695 4089 1769 4166 Ca·
1908 4147 1910 4150 ψ

413 4206 552 4280 tholicos
584 4207 852 4303 appellaverunt,
886 4206 1015 4304 illisque
1044 4207 1301 4280 Patriarohalem
1329 4213 1537 4282 autoritatem
1570 4211 1658 4308 apud
1689 4232 1770 4285 suos

413 4323 602 4395 tribuenmt.
1902 4401 1910 4418 ι

514 4441 589 4512 XX.
641 4441 816 4530 Dioscuri,
843 4439 981 4532 Severi,
1007 4439 1201 4531 Philoxeni,
1226 4440 1353 4514 Jacobi'
1381 4441 1553 4533 Bnradati,
1586 4454 1620 4515 et
1654 4445 1683 4516 si
1715 4446 1770 4538 qui
1808 4453 1848 4508 oa
1866 4455 1958 4508 Severi
1975 4459 2023 4506 aa.
2044 4453 2093 4507 tt-

413 4566 488 4629 sunt
514 4555 569 4626 alii
594 4555 821 4630 Jacobitamm
847 4558 947 4649 Divi,
973 4557 1141 4650 Liturgias
1173 4557 1215 4630 eb
1248 4561 1328 4653 ipsis
1365 4561 1505 4654 scriptas
1536 4558 1641 4633 luisse
1676 4570 1768 4632 certo
1781 4543 1880 4614 argon.

414 4671 523 4766 aliquo
550 4685 744 4764 argumento
772 4683 928 4746 constare
953 4696 1022 4747 non
1047 4683 1166 4771 potest.
1218 4673 1368 4748 Sevems
1395 4675 1527 4770 qrridem
1551 4674 1652 4748 multa
1678 4680 1769 4750 scri-

412 4790 491 4883 psit,
518 4790 703 4884 ingensque
729 4787 904 4882 catalogus
931 4793 1003 4883 ejus
1030 4813 1167 4888 operum
1194 4813 1279 4886 quae
1305 4791 1548 4882 interciderunt,
1574 4813 1620 4864 ex
1634 4791 1770 4866 Catenis

414 4903 553 4976 Graecis
578 4905 695 4977 confici
720 4915 845 5001 potest:
873 4916 980 4980 tamen
1008 4907 1050 4979 de
1074 4906 1223 5000 Liturgia
1257 4907 1298 4980 ab
1331 4930 1373 4980 eo
1409 4911 1531 5004 scripta
1567 4907 1644 4982 nihil
1673 4910 1770 4984 nobis

414 5024 565 5093 occurrit
617 5021 764 5104 Officium
789 5023 948 5120 Baptismi
975 5048 1040 5120 quo
1067 5024 1147 5122 Syri
1173 5035 1321 5114 utuntur,
1348 5048 1394 5098 ex
1416 5029 1577 5099 constanti
1597 5027 1770 5102 traditione

1513 5143 1584 5218 2*.
