4728 6028
665 576 716 650 ab
1042 573 1663 657 onsnttltlonns

663 763 735 836 test,
758 775 830 821 csse
852 760 1012 822 etiamnum
1034 759 1253 840 Hierosolymis
1274 760 1464 824 Patriarclaas
1487 763 1699 844 syriacorum,
1734 763 1792 828 boc
1814 772 1862 828 est
1883 763 2042 828 Jacobita-

663 873 741 935 rum,
764 855 977 935 Armenorum,
999 864 1030 920 et
1052 855 1198 938 quosdam
1221 856 1312 921 alios:
1334 859 1548 942 Metropolitae
1569 861 1613 924 illi
1635 869 1717 940 sont,
1739 864 1791 943 qui
1807 863 1930 927 lionoris
1944 866 2043 945 gratia

663 953 857 1017 Patr-iarcbae
880 955 1081 1036 appellantur,
1103 956 1184 1038 quod
1207 974 1244 1019 re
1266 975 1342 1019 vera
1363 976 1425 1021 uon
1447 965 1529 1022 sunt.

372 1041 484 1142 Formae
504 1040 651 1112 milich*
749 1054 859 1116 Forma
880 1053 1098 1135 lliptyclrorum
1120 1053 1226 1118 cadem
1248 1063 1295 1120 cst
1310 1058 1342 1118 in
1356 1059 1494 1120 omnibus
1508 1058 1656 1122 Ecclesiis
1680 1056 1896 1134 Orientalibus,
1918 1069 1949 1122 et
1971 1061 2043 1141 qui·

338 1141 394 1179 “¹¹¹¹
414 1143 512 1183 ΨΜ·
663 1149 744 1228 dem,
767 1159 800 1213 ut
822 1153 853 1214 in
875 1153 955 1215 edita
976 1153 1084 1216 iacobi
1106 1152 1253 1238 liturgia,
1276 1162 1308 1217 ct
1337 1156 1492 1237 plerisque
1513 1157 1588 1220 blss.
1611 1155 1812 1235 observatur,
1840 1175 1902 1220 uno
1933 1167 2041 1222 tenore

663 1247 875 1312 describuntur
896 1268 1018 1330 preces,
1042 1269 1117 1332 quas
1132 1251 1281 1316 Sacerdos
1304 1253 1376 1316 dicit
1397 1272 1455 1336 pro
1475 1254 1626 1334 Ecclesia,
1648 1273 1706 1336 pro
1729 1254 1903 1336 Episcopis,
1927 1255 2042 1320 Sacer-

662 1345 781 1410 dotibus
805 1353 835 1409 et
858 1347 961 1426 Claro,
984 1357 1046 1412 tom
1068 1368 1126 1432 pro
1149 1351 1225 1413 aliis.
1269 1350 1311 1414 Αι
1338 1370 1400 1415 ιιοιι
1422 1352 1507 1416 solus
1530 1352 1684 1417 Sacerdos
1707 1362 1789 1416 orat:
1817 1353 1949 1434 populus
1971 1373 2041 1418 mo-

661 1451 749 1506 netur
771 1446 958 1526 abiecero,
980 1455 1092 1529 utpro
1115 1449 1223 1512 iisdem
1252 1457 1337 1528 oret,
1371 1469 1449 1532 quos
1480 1453 1546 1532 ipse
1575 1453 1723 1515 nominat:
1754 1460 1802 1530 et,
1836 1460 1868 1514 ut
1897 1453 2041 1514 observat

660 1541 819 1622 Barsalibi‚
842 1545 914 1608 nibil
936 1546 1016 1609 aliud
1039 1566 1056 1609 a
1079 1548 1193 1627 populo
1216 1547 1326 1610 dicitur
1347 1551 1415 1628 nisi,
1429 1550 1525 1632 Kys-ie
1538 1551 1660 1612 eleison
1685 1549 1804 1612 Graece
1826 1549 1876 1612 vel
1899 1548 2040 1630 Syriaca:

660 1639 799 1722 huncque
823 1643 959 1707 ordinem
983 1646 1206 1709 observandum
1229 1647 1281 1709 ait.
1330 1647 1395 1710 Pro
1417 1647 1609 1725 Pastoribm‚
1631 1648 1851 1711 Sacerdotibus
1871 1647 2040 1725 Ecclesiae,

660 1739 854 1822 omnibusque
875 1745 941 1821 q‘us
962 1743 1128 1807 Ordinibus
1132 1766 1147 1818 ;
1176 1744 1241 1805 Pro
1261 1744 1396 1824 Regibus
1425 1754 1483 1808 etc.
1512 1754 1574 1808 turn
1603 1746 1752 1808 Memoria
1779 1744 1943 1808 Gemit-icis
1970 1747 2040 1825 Dei,

659 1835 884 1919 Apostolorum,
907 1842 1090 1924 Martyrum,
1111 1842 1250 1918 Potum,
1272 1841 1456 1907 Doctomm:
1486 1847 1607 1908 tandem
1629 1844 1735 1907 Oratio
1753 1863 1813 1924 pro
1835 1847 1970 1908 moram.
2005 1845 2039 1907 ld

519 1988 523 1997 ,
661 1953 737 1998 vero
760 1955 821 2000 non
844 1958 905 2003 uno
935 1939 1104 2023 eodemque
1133 1941 1222 2003 modo
1253 1941 1371 2004 solebat
1400 1943 1484 2021 lieri,
1515 1943 1572 2006 sed
1600 1941 1762 2024 aliquando
1791 1940 2039 2022 producebantur

661 2051 771 2114 preces
794 2055 851 2117 pro
873 2041 965 2102 variis
988 2041 1129 2120 personis
1152 2047 1182 2102 ct
1204 2039 1308 2116 rebus,
1331 2048 1363 2102 ut
1385 2043 1416 2102 in
1439 2040 1574 2122 Copticis
1596 2040 1741 2122 Litorgiis
1763 2039 1932 2103 observare
1954 2041 2038 2104 licet:

545 2154 550 2164 ·
662 2133 718 2195 sed
739 2136 869 2216 populus
893 2137 965 2200 nibil
987 2156 1108 2218 quoque
1126 2137 1253 2218 Coptica
1273 2139 1333 2200 ritu
1355 2139 1437 2216 dicit,
1458 2140 1516 2202 nisi
1527 2140 1622 2222 Kyme
1643 2141 1767 2203 eleison.
1789 2138 1917 2202 Diaconi
1939 2147 2038 2202 autem

661 2231 909 2297 denunciationes
933 2236 970 2298 ad
993 2236 1140 2299 orandum
1161 2238 1298 2318 integras
1327 2247 1538 2319 repraesentat
1563 2238 1642 2300 liber
1663 2237 1830 2300 Ministerii
1875 2236 1908 2298 ln
1931 2235 2036 2315 prima.

660 2327 725 2391 Pro
746 2330 905 2394 Ecclesiae
926 2334 1117 2397 Pectoribus.
1140 2319 1282 2398 Benedic.
1307 2334 1434 2398 Oremtta
1455 2345 1485 2399 et
1506 2339 1701 2416 deprecemur
1718 2336 1878 2397 Dominum
1899 2333 2039 2396 etDeum

659 2436 796 2490 nostram
817 2432 850 2491 in
871 2438 1003 2512 tempore
1024 2434 1094 2509 istc,
1115 2451 1237 2513 magno,
1260 2435 1391 2496 terribili
1413 2443 1443 2497 et
1464 2442 1581 2510 sancto,
1602 2452 1661 2513 pro
1675 2433 1821 2495 Pota-ibus
1843 2440 1874 2493 et
1892 2433 2039 2495 bectori-

660 2524 717 2587 bur
737 2527 791 2607 pai
810 2527 901 2589 bodie
921 2529 1010 2591 nobis
1026 2538 1193 2610 praesrmt,
1223 2538 1279 2594 etc.
1303 2532 1586 2615 respondeturque‚
1613 2531 1709 2614 Kyrie
1737 2533 1858 2593 clemen.
1911 2531 2038 2612 Reliqua

660 2623 698 2686 ad
719 2624 779 2686 boc
802 2634 1010 2709 argumentum
1032 2631 1212 2709 spectantia,
1236 2630 1315 2693 dicta
1337 2638 1408 2694 sunt
1429 2632 1499 2694 loco
1521 2632 1622 2706 citato,
1645 2637 1736 2710 atqua
1759 2630 1839 2692 inter
1861 2629 1931 2707 alia,
1955 2645 2038 2708 quo-

659 2723 748 2786 modo
771 2727 916 2790 orandum
938 2727 1047 2792 doceat
1069 2729 1228 2806 Barsalibi,
1250 2747 1308 2812 pro
1330 2729 1465 2812 Regibus
1487 2746 1548 2791 uon
1571 2727 1661 2790 modo
1683 2726 1823 2790 fidelibus
1846 2745 1887 2789 cx
1907 2724 2036 2790 iacobi-

660 2829 757 2884 tarum
779 2825 933 2906 opinione,
956 2826 1011 2890 sed
1034 2829 1123 2892 etiam
1145 2828 1222 2907 aliis,
1238 2828 1327 2910 quod
1356 2836 1457 2890 tamen
1486 2845 1547 2890 non
1573 2827 1687 2890 iaciunt
1701 2826 1906 2904 Nestorium,
1935 2832 1969 2887 ot
1998 2821 2038 2888 ad

661 2939 766 2985 corum
784 2923 951 3008 liturgiam
974 2927 1214 2990 observabimus.

746 3020 896 3104 Diptycba
925 3023 1137 3105 Orientalium,
1172 3024 1284 3088 nullam
1317 3043 1385 3087 curn
1411 3023 1536 3086 Litaniis
1566 3022 1679 3086 nostris
1708 3021 1824 3084 babere
1854 3021 2037 3100 alllnitatem,

415 3122 421 3134 '
520 3159 527 3174 ·
660 3119 742 3200 quod
764 3119 900 3202 Josepho
922 3121 1079 3207 scaligero
1100 3124 1200 3186 visum
1221 3123 1321 3187 luerat
1343 3127 1424 3186 circa
1445 3141 1482 3186 ea
1505 3139 1584 3202 qnae
1607 3119 1742 3202 Copticis
1763 3121 1909 3204 liturgiis
1933 3120 2036 3182 conti-

658 3225 783 3280 nentur:
806 3219 837 3280 in
860 3220 940 3283 notis
963 3221 1002 3284 ad
1023 3222 1105 3286 illurn
1127 3223 1227 3286 locum
1250 3222 1446 3300 ostendimus,
1470 3238 1569 3301 neque
1592 3218 1681 3282 aliter
1702 3226 1750 3282 est
1773 3219 1810 3282 dc
1828 3219 1961 3299 Syriacis
1981 3217 2036 3298 ju·

659 3313 832 3378 dicandunl:
855 3319 1013 3399 utriusque
1037 3321 1115 3383 enim
1130 3321 1204 3383 ritus
1218 3321 1402 3403 Aegyptiaci
1424 3329 1455 3383 et
1467 3319 1594 3400 Syriaci,
1616 3322 1676 3381 imo
1698 3325 1731 3380 et
1753 3318 1881 3382 aliorum
1904 3317 2036 3378 omnium

659 3412 855 3478 Orientalium
876 3435 933 3497 par
956 3420 1078 3482 omnino
1102 3419 1259 3501 disciplina
1283 3427 1340 3484 est.

402 3697 433 3751 r.
451 3699 495 3751 as.
766 3751 772 3760 ‚
1059 3694 1400 3766 commemorationes
1424 3693 1639 3764 Sanctorum.

374 3913 507 3971 invocatio
535 3919 645 3972 smero-
766 3896 802 3973 ln
824 3911 881 3972 ista
892 3909 1048 3991 liturgiae
1069 3917 1158 3993 parte
1172 3914 1382 3995 gravissimum
1405 3920 1452 3975 est
1465 3911 1673 3974 Ecclesiamm
1685 3907 1881 3972 Orientalium
1899 3907 1938 3970 de
1953 3907 2033 3970 San-

334 4015 398 4055 Νω·
659 4017 777 4073 ctorum
799 4011 992 4073 invocatione
1005 4011 1217 4090 testimonium,
1240 4011 1321 4093 quod
1343 4014 1374 4073 in
1396 4011 1485 4074 nullis
1508 4011 1724 4089 cujuscumque
1745 4009 1821 4070 ritus
1844 4013 1895 4068 aut
1909 4006 2032 4087 linguae

657 4109 760 4172 officiis
783 4107 982 4172 desideratur.
1026 4109 1059 4171 ln
1081 4108 1132 4171 illa
1155 4111 1248 4192 igitur
1269 4109 1342 4172 nibil
1364 4127 1492 4187 novum,
1520 4107 1593 4170 nibil
1616 4125 1633 4169 a
1655 4105 1951 4169 Romana‘Ecclcsia
1972 4103 2032 4166 illis

656 4209 850 4286 insinuatum,
873 4206 1016 4290 quidquid
1038 4207 1076 4270 da
1099 4207 1159 4271 boc
1172 4216 1362 4290 argumento,
1386 4207 1525 4290 imperite
1538 4223 1598 4269 non
1613 4207 1721 4284 minas,
1745 4222 1833 4286 quarn
1847 4202 2032 4265 calumnioso

656 4303 882 4370 Reformatores
905 4305 1150 4371 declamaverint.
1196 4307 1377 4370 invocantur
1408 4315 1507 4370 autem
1536 4305 1656 4380 Sancti,
1687 4305 1738 4385 qui
1761 4303 1799 4366 ab
1821 4303 1905 4364 initio
1928 4298 2031 4363 mundi

657 4403 723 4466 Deo
746 4405 940 4486 placuerunt,
962 4423 1024 4468 non
1048 4412 1080 4468 ut
1101 4405 1199 4470 bonor
1222 4424 1382 4488 supremus
1405 4406 1536 4469 creatori
1558 4403 1616 4466 soli
1638 4401 1775 4480 debitus,
1797 4402 1955 4480 minuatur,
1979 4403 2031 4460 aut

657 4503 805 4566 cumillis
828 4504 1079 4566 communicetur:
1103 4504 1158 4567 sed
1180 4513 1214 4568 ut
1236 4523 1341 4570 eorum
1363 4504 1506 4586 precibus
1529 4501 1675 4565 beneficia
1698 4501 1905 4579 obtineantur,
1929 4517 1947 4560 a
1969 4497 2030 4560 bo-

656 4617 764 4664 norum
787 4604 916 4664 omnium
938 4602 1020 4666 fonte
1043 4609 1075 4665 et
1097 4603 1261 4687 largitore,
1286 4623 1303 4667 a
1327 4623 1387 4686 quo
1411 4621 1498 4666 omne
1521 4601 1621 4664 datam
1644 4601 1786 4680 optimum
1809 4605 1840 4661 ct
1857 4614 1945 4659 omne
1968 4595 2030 4658 do-

656 4717 728 4762 num
749 4699 918 4780 perlectum
940 4699 1099 4764 desursum
1122 4721 1209 4782 esse,
1232 4711 1264 4766 et
1286 4703 1475 4766 descendero
1498 4720 1517 4763 a
1539 4707 1625 4781 patre
1648 4699 1801 4776 luminum,
1823 4717 1864 4760 ex
1878 4697 2029 4775 scriptura

656 4808 836 4880 agnoscunt.
881 4799 914 4862 ln
937 4817 1040 4862 corum
1063 4818 1184 4882 quoque
1205 4801 1311 4864 laudes
1335 4801 1438 4879 aliosi,
1461 4799 1589 4880 hymnos
1604 4796 1714 4860 habent
1735 4795 1927 4877 multiplicas,
1950 4809 2030 4874 quos

654 4899 684 4959 in
709 4899 887 4962 Sanctorum
909 4897 1120 4962 festivitatibus
1143 4916 1255 4962 canera
1277 4899 1389 4963 solent:
1422 4915 1482 4962 non
1512 4897 1633 4978 quidem
1665 4898 1695 4958 in
1724 4896 1878 4980 Litargia,
1907 4893 1963 4958 scd
1997 4892 2029 4952 in

656 4997 722 5060 aliis
746 4995 866 5062 Obiciis.
909 4996 999 5062 l'ales
1021 4997 1131 5062 multos
1160 4998 1294 5062 continet
1320 4998 1392 5062 licit
1411 4997 1514 5074 ama,
1544 4998 1611 5060 sive
1642 4995 1831 5076 lbaomm,
1862 4991 1942 5074 apud
1971 4991 2029 5053 Ja-
