4730 6038
660 509 736 598 334
1159 509 1518 586 Ll'llllllllh

660 719 747 792 quae
773 721 834 793 per
859 695 1041 770 bonitatem
1067 708 1157 770 hrum
1183 699 1319 784 creasti,
1352 698 1471 786 Pater,
1503 695 1583 784 Fili,
1616 704 1650 766 et
1675 694 1817 791 Spiritus
1849 705 1965 770 sancte
1990 701 2025 772 in

662 814 806 886 saecula.

762 931 913 1004 atavam
942 953 1068 1004 ooceou
1136 927 1244 1003 illisce
1279 931 1455 1000 etiamnum
1487 928 1629 1001 Domine
1663 925 1806 1025 hymnos
1842 941 1876 1002 et
1906 933 2023 1006 laudes

659 1047 871 1141 imperfectas
898 1057 1041 1134 nostras,
1068 1068 1142 1118 cum
1168 1044 1320 1118 laudibus
1347 1043 1492 1136 Vigilum
1522 1037 1537 1076 ²
1564 1052 1597 1114 et
1619 1044 1829 1137 Angelorum
1856 1050 1912 1142 qui
1937 1071 2024 1144 per-

658 1169 758 1255 petuo
791 1161 977 1254 glorificant
1009 1172 1058 1250 te,
1092 1171 1126 1233 et
1154 1164 1259 1253 junge
1292 1171 1428 1249 cautus,
1462 1169 1496 1232 ct
1526 1159 1675 1256 psalmos
1706 1171 1841 1234 nostros
1872 1163 2023 1238 imbelles

658 1300 733 1349 cum
759 1279 909 1352 cantibus
936 1279 999 1351 illis
1026 1281 1234 1352 suavissimis
1260 1281 1435 1369 igneorum
1461 1287 1495 1348 et
1520 1275 1734 1372 spiritualium
1765 1279 1934 1370 ordinum,
1969 1285 2024 1377 qui

658 1394 881 1474 indesinenter
905 1395 1040 1470 laudaut
1064 1407 1117 1485 te;
1144 1395 1305 1489 simulque
1327 1397 1432 1487 junge
1459 1403 1575 1466 cantus
1601 1397 1760 1467 insuaves
1786 1405 1921 1470 nostros
1948 1423 2023 1472 cum

658 1512 808 1584 cautibus
830 1511 1013 1607 praeclaris
1028 1510 1217 1600 Cherubim,
1244 1515 1298 1606 qui
1321 1533 1394 1582 curu
1411 1514 1530 1584 timore
1548 1509 1745 1582 benedicunt
1766 1510 1837 1599 tibi,
1864 1524 1898 1584 et
1915 1537 2022 1588 voces

660 1636 775 1701 tenues
803 1629 1096 1702 sanctificationum
1122 1640 1328 1714 nostranrm,
1346 1617 1349 1622 ’
1364 1649 1438 1699 cum
1470 1627 1781 1700 sanctificationibus
1814 1634 2023 1704 suavissimis

616 1813 618 1824 ,
657 1739 830 1838 Seraphim
863 1767 928 1816 sex
961 1745 1031 1818 alas
1063 1743 1268 1817 habentium:
1302 1747 1357 1838 qui
1389 1755 1441 1815 ter
1474 1743 1678 1816 sanctificant
1710 1753 1763 1832 ta,
1798 1742 1926 1818 duabus
1960 1748 2022 1822 alis

658 1867 811 1950 tegentes
837 1860 942 1934 iacies
969 1883 1060 1950 suas,
1086 1871 1224 1956 propter
1250 1870 1421 1955 aspectum
1439 1857 1619 1931 terribilem
1635 1868 1741 1930 hrum:
1768 1858 1896 1934 duabus
1912 1875 2021 1937 autem

566 2009 567 2012 ¹
656 1983 809 2067 tegentes
836 1978 940 2072 pedes
967 2001 1047 2053 suos
1074 1978 1116 2050 ab
1144 1977 1265 2051 ardore
1291 1986 1365 2048 tuo:
1393 1976 1520 2048 duabus
1548 1983 1657 2047 autem
1683 1974 1800 2048 volant
1826 1977 1869 2049 ad
1890 1979 2020 2052 alteru-

655 2100 761 2181 trum,
786 2116 875 2167 voce
901 2117 1024 2188 magna
1051 2096 1233 2168 clamantes
1260 2105 1293 2166 et
1319 2092 1476 2165 dicentes.
1811 2076 1814 2082 ’
2023 2113 2028 2126 ·

761 2210 923 2303 Populos.
976 2212 1129 2285 Saucius.

759 2325 934 2400 Sacerdos
966 2329 1157 2400 inclinatas.
1211 2327 1373 2415 Sanctus,
1411 2325 1573 2412 Sanctus,
1608 2325 1756 2399 Sanctus
1786 2348 1843 2417 es,
1877 2329 2021 2402 Domine

657 2441 876 2533 Sanctorum,
911 2445 1004 2517 Deus
1038 2446 1152 2518 Pater:
1193 2447 1248 2538 qui
1281 2447 1399 2516 misisti
1432 2442 1474 2514 ad
1506 2465 1569 2515 nos
1601 2441 1813 2516 Salvatorem
1843 2445 2021 2517 Dominum

657 2557 837 2647 Chrishrm,
866 2562 921 2654 qui
947 2583 967 2632 a
993 2569 1028 2632 te
1054 2564 1186 2652 genitus
1213 2570 1265 2632 est
1291 2560 1332 2633 ab
1361 2569 1610 2661 aeterno,xuon
1637 2560 1874 2654 temporaliter,
1901 2571 1935 2632 et
1951 2584 2020 2634 na-

656 2682 708 2744 tus
735 2685 787 2748 est
813 2697 858 2746 ex
883 2676 1030 2773 Deipara
1047 2677 1196 2770 Virgine
1227 2676 1354 2765 Maria,
1385 2679 1557 2749 nativitate
1590 2673 1747 2764 humana,
1782 2675 1875 2751 Deus
1908 2689 2020 2751 tamen

655 2811 854 2885 permanens
883 2791 1010 2887 absque
1035 2796 1231 2880 mutatione,
1260 2792 1439 2866 secundum
1468 2801 1636 2880 namnam,
1665 2803 1720 2863 aut
1745 2813 1934 2889 personam.

758 2907 908 2980 Eleoouc
932 2931 1057 2980 uocem
1111 2909 1176 2996 Qui
1202 2932 1276 2982 omn
1302 2907 1500 3004 perfecisset
1509 2918 1612 2981 totam
1633 2908 1911 3003 dispensationem
1926 2933 2019 2984 suam

656 3021 852 3114 salutarem,
892 3047 991 3120 supra
1024 3023 1187 3097 humanae
1221 3034 1359 3096 naturae
1385 3025 1624 3111 conditionem,
1661 3036 1799 3122 propter
1827 3048 1912 3114 uos,
1944 3031 2019 3123 ipse

656 3137 804 3210 Verbum
830 3141 940 3230 Deus,
967 3145 1177 3232 incarnatus,
1202 3163 1349 3236 vespere
1377 3140 1434 3212 illo
1467 3162 1532 3234 quo
1565 3140 1707 3215 brhrrum
1741 3151 1813 3214 erat
1846 3155 1883 3215 ut
1916 3155 2018 3240 pate-

655 3265 748 3327 retur
778 3256 984 3349 voluntarie,
1011 3262 1140 3355 accepit
1164 3280 1283 3354 panem
1314 3250 1329 3292 ³
1356 3279 1560 3329 communem
1587 3261 1621 3330 in
1646 3280 1762 3330 manus
1780 3283 1859 3332 suas
1873 3271 2019 3350 sanctas,

657 3383 691 3444 et
716 3374 842 3464 gratias
869 3397 993 3466 agens,
1019 3377 1048 3463 i
1073 3374 1261 3462 benedixit,
1289 3382 1310 3458 †
1336 3373 1570 3462 sanctificavit,
1597 3372 1623 3466 †
1650 3385 1684 3446 et
1715 3374 1834 3468 fregit,
1865 3375 2019 3471 deditque

656 3485 774 3560 turbae
800 3512 882 3563 suae
908 3491 1143 3588 Apostolioae,
1170 3502 1205 3563 et
1234 3491 1317 3562 dixit
1351 3491 1394 3562 ad
1428 3512 1497 3563 eos.
1550 3491 1624 3563 Hoc
1657 3502 1709 3563 est
1741 3515 1863 3588 corpus
1897 3517 2020 3585 meum,

657 3607 797 3700 accipite
824 3618 857 3679 et
891 3608 1087 3681 manducate
1120 3631 1166 3680 ex
1202 3631 1263 3695 eo,
1302 3613 1317 3644 ⁴
1344 3610 1420 3702 quia
1455 3606 1581 3701 absque
1615 3606 1713 3680 dubio
1748 3607 1825 3680 illud
1844 3609 2020 3710 'frangitur

656 3746 719 3821 pro
746 3724 856 3798 mundi
882 3726 966 3813 vita,
1002 3728 1129 3818 eritque
1161 3722 1260 3797 vohis
1296 3735 1330 3796 et
1362 3723 1513 3797 omnihus
1548 3725 1582 3794 in
1616 3747 1671 3796 me
1706 3723 1935 3812 credentibus,
1976 3727 2018 3799 ad

656 3844 922 3939 propitiationem
948 3838 1159 3930 delictorum,
1185 3837 1415 3914 remissionem
1433 3849 1646 3935 peccatorum
1663 3849 1696 3912 et
1712 3844 1814 3913 vitam
1838 3851 2017 3914 aeternam.
2117 3831 2120 3840 λ

759 3953 935 4049 Populea
973 3958 1091 4030 Amen.

759 4071 943 4145 Sacerdos.
995 4073 1039 4145 ut
1063 4083 1239 4169 postquam
1266 4077 1521 4162 oneravissent,
1555 4075 1685 4168 accepit
1717 4074 1852 4145 calicem
1886 4077 2018 4148 mishrm

656 4191 737 4264 vino
765 4199 798 4261 et
824 4213 927 4284 aqua,
953 4193 985 4260 in
1011 4211 1128 4261 manus
1154 4212 1233 4264 suas
1260 4211 1377 4285 puras,
1405 4199 1439 4259 et
1464 4192 1590 4280 gratias
1623 4210 1749 4281 agene,
1783 4197 1804 4272 †
1836 4188 2018 4283 benedixit,

656 4307 685 4394 i·
712 4305 946 4394 sanctificavit,
972 4307 1001 4393 i
1028 4315 1062 4378 et
1087 4305 1176 4378 dedit
1202 4305 1369 4402 discipulis
1395 4309 1482 4393 suiS,
1511 4304 1658 4401 dixitque
1693 4305 1735 4378 ad
1767 4329 1845 4380 eos:
1871 4308 1935 4380 Hie
1966 4323 2020 4383 est

655 4421 801 4515 Sanguis
827 4444 921 4497 meus
948 4422 1150 4496 Testamenti
1175 4426 1276 4509 novi,
1304 4425 1462 4518 accipite,
1495 4420 1598 4494 bibite
1632 4445 1678 4494 ex
1713 4445 1755 4495 eo
1786 4445 1850 4496 vos
1886 4445 2017 4496 omnes:

655 4534 782 4632 absque
810 4537 909 4611 dubio
937 4541 1023 4611 enirn
1049 4539 1105 4629 ille
1131 4537 1303 4610 ellimditur
1328 4561 1389 4633 pro
1422 4537 1532 4608 mundi
1564 4541 1653 4628 vita,
1692 4543 1819 4635 eritque
1851 4539 1951 4613 vobis
1985 4550 2018 4613 et

655 4653 821 4744 omnibus,
849 4658 903 4750 qui
929 4659 963 4727 in
989 4677 1042 4727 me
1069 4655 1223 4728 credituri
1250 4665 1340 4744 sunt,
1369 4655 1410 4727 ad
1436 4658 1703 4752 propitiationem
1721 4654 1928 4749 delictorum,
1953 4680 2018 4729 re-

656 4773 848 4844 missionem
874 4781 1104 4867 peccatorum,
1132 4780 1166 4844 et
1190 4775 1294 4844 vitam
1322 4782 1501 4844 aeternam.

758 4886 919 4982 Populea.
970 4890 1088 4962 Amen.
