4804 6026
508 550 511 560 Ι
616 439 642 512 2
1003 438 1180 516 orno
1235 438 1613 518 cannonis

618 629 666 698 tui
694 629 820 700 sancti:
847 625 968 697 munda
995 647 1050 697 me
1077 648 1097 697 a
1123 629 1274 725 peccatis
1298 629 1395 700 meis:
1422 626 1508 698 hanc
1535 627 1736 699 oblationem
1763 625 1942 716 sanctifica,
1961 637 1996 699 et

618 764 680 837 per
708 765 782 814 eam
808 751 944 837 praesta
970 743 1200 814 remissionem
1226 750 1442 836 peecatorum
1468 752 1503 814 et
1528 745 1700 814 criminum
1736 741 1994 832 abstersionem,

618 855 683 930 illis
710 880 773 952 pro
801 856 920 950 quibus
948 857 1104 946 offertur,
1130 853 1207 926 mihi
1234 864 1268 926 ct
1292 860 1379 950 patri
1404 878 1500 948 meo,
1533 868 1568 928 et
1601 857 1860 953 quibuscumque
1896 879 1996 930 com-

618 975 730 1044 munio
758 994 888 1044 mecum
902 971 1102 1070 intercedit,
1129 981 1198 1043 tam
1224 973 1314 1043 vivis
1342 993 1439 1066 quam
1467 970 1630 1045 defunctis
1656 971 1816 1046 fidelibus.
1853 971 1993 1045 Praesta

618 1087 684 1160 illis
710 1090 904 1160 memoriam
931 1086 1055 1159 bonam
1081 1091 1115 1157 in
1140 1107 1249 1178 regno
1276 1095 1334 1157 tuo
1367 1085 1528 1177 coelesti,
1561 1110 1638 1163 cum
1666 1090 1765 1179 justis
1801 1099 1835 1159 et
1869 1090 1993 1160 sanctis
2033 1103 2035 1108 ’

618 1206 700 1292 tuis,
729 1205 785 1296 qui
810 1225 871 1298 per
897 1200 986 1274 bona
1014 1223 1119 1297 opera
1146 1222 1207 1274 sua
1235 1199 1293 1272 tibi
1319 1200 1533 1296 placuerunt,
1566 1211 1601 1274 et
1631 1225 1693 1297 per
1718 1206 1993 1276 intercessionem

577 1369 579 1378 .
618 1317 785 1390 Dominae
810 1320 925 1388 matris
951 1316 1101 1405 luminis,
1129 1319 1236 1389 sancti
1263 1316 1403 1389 ioannis
1428 1316 1600 1412 Baptistae
1627 1305 1832 1391 et'omniom
1854 1326 1995 1392 sancto-

618 1454 710 1521 rum,
738 1433 858 1504 Amen.

727 1549 808 1619 Tana
834 1547 928 1631 atati,
981 1547 1146 1620 Miserere
1172 1551 1239 1619 mei
1264 1548 1368 1621 Deus.

721 1662 771 1733 Et
797 1685 980 1734 conversae
1006 1662 1052 1734 od
1073 1663 1235 1756 papulam
1260 1667 1395 1734 neniam
1416 1664 1506 1756 petit
1532 1667 1567 1732 et
1589 1663 1682 1733 dicit.

723 1776 827 1848 Orate
853 1801 915 1874 pro
942 1801 996 1849 me
1023 1788 1161 1873 propter
1186 1778 1374 1850 Dominum.

722 1892 901 1985 inpressam
927 1900 1040 1965 antem
1067 1895 1114 1964 ad
1139 1893 1254 1964 altare
1279 1895 1374 1964 dicit.

626 2079 635 2088 ,
722 2008 872 2081 lutroibo
900 2008 941 2081 ad
969 2009 1172 2098 albarensi,
1192 2008 1234 2080 ad
1250 2009 1360 2080 Deum
1387 2012 1442 2104 qui
1467 2008 1624 2080 laetificat
1645 2011 1853 2104 juventutem
1878 2029 1996 2078 meam,

721 2123 771 2194 Et
792 2131 990 2216 prostratas
1017 2146 1135 2194 carana
1161 2123 1268 2193 altori
1294 2124 1387 2194 dicit.

721 2239 760 2310 ln
787 2237 920 2310 domum
946 2247 1035 2311 tuam
1061 2242 1237 2331 ingressus
1271 2261 1365 2330 sum,
1395 2237 1591 2336 procidique
1626 2260 1740 2312 coram
1771 2236 1890 2310 throno
1925 2249 1994 2329 tuo,

617 2352 698 2425 Rex
725 2354 896 2428 coelestis:
923 2358 1054 2426 remitte
1081 2353 1158 2426 mihi
1185 2357 1295 2450 omnia
1322 2376 1409 2449 quae
1437 2358 1471 2425 in
1496 2363 1530 2426 te
1556 2355 1710 2449 peccavi.

722 2469 770 2540 Et
795 2469 940 2541 inclinat
970 2492 1026 2541 sa:
1061 2475 1096 2540 et
1128 2469 1312 2541 osculando
1347 2469 1477 2558 altare,
1516 2469 1786 2540 benedictionem
1819 2474 1940 2561 captat
1973 2491 1997 2538 a

620 2583 763 2672 dextra
791 2607 815 2654 a
840 2587 982 2656 sinistra
1008 2592 1043 2656 et
1068 2588 1104 2655 in
1130 2585 1241 2656 medio
1269 2586 1405 2656 dicens:

721 2698 837 2791 Alliga
864 2701 1007 2772 Domine
1033 2699 1235 2774 testivitates
1262 2703 1406 2790 catenis,
1432 2719 1538 2795 usque
1567 2699 1609 2770 ad
1636 2720 1762 2771 cornua
1789 2699 1913 2771 altaris.

723 2813 903 2907 Imponenc
928 2819 1101 2887 incensum
1126 2817 1223 2885 dicit
1481 2827 1483 2832 '

721 2930 779 3000 Ad
804 2929 948 3022 gloriam
974 2939 1009 3002 et
1033 2929 1195 3002 honorem
1223 2938 1360 3005 sauctae
1395 2940 1429 3002 et
1462 2928 1649 3001 laudandae
1684 2929 1876 3017 Trinitatis,
1911 2926 1996 3000 haec

616 3043 712 3116 thura
739 3043 891 3118 manibus
919 3047 1002 3119 meis
1028 3044 1273 3141 peccatricibus
1300 3047 1554 3148 imponuntur·
1576 3043 1718 3119 Oramus
1735 3063 1864 3134 omnes,
1887 3047 1996 3116 mise·
2022 3139 2024 3142 Ι

615 3159 862 3254 ricordiamque
889 3170 923 3231 et
949 3163 1093 3252 gratiam
1120 3185 1140 3232 a
1166 3159 1310 3233 Domino
1337 3161 1553 3256 postulemus.

719 3275 900 3346 Diaconos
928 3282 1033 3368 caput
1058 3275 1284 3369 discooperit,
1313 3282 1348 3346 et
1374 3277 1534 3346 accendit
1560 3298 1694 3347 cereum
1720 3277 1756 3345 in
1771 3275 1883 3346 latere
1904 3275 1995 3346 dea-

616 3396 672 3462 tra
707 3391 845 3480 altoris,
873 3392 1009 3463 dicens:

719 3507 875 3579 Alleluia.
929 3507 968 3579 ln
994 3507 1118 3579 lumine
1144 3516 1200 3577 tuo
1227 3505 1379 3580 videmus
1405 3506 1528 3579 lumen.

719 3622 893 3694 Accendit
918 3622 1063 3693 alteram
1087 3625 1124 3692 in
1151 3621 1263 3693 tatere
1288 3624 1448 3709 sinistro,
1476 3622 1611 3694 dicens:

719 3737 819 3807 Almo
846 3747 879 3807 et
905 3745 1039 3824 sancto,
1068 3738 1124 3831 qui
1148 3734 1278 3809 habitas
1305 3739 1339 3807 in
1364 3734 1561 3811 habitaculis
1587 3719 1692 3827 lucis,
1716 3758 1858 3810 remove
1886 3758 1994 3809 ano-

614 3847 668 3923 bis
706 3855 885 3947 passiones
923 3850 1046 3940 malas,
1080 3860 1116 3923 et
1147 3854 1370 3944 cogitationes
1406 3849 1565 3947 odibiles,
1605 3861 1639 3924 et
1674 3861 1811 3946 praesta
1845 3861 1882 3923 ut
1918 3874 2008 3935 cum,

614 3971 760 4062 puritate
788 3966 900 4038 cordis
927 3988 1106 4062 operemur
1133 3989 1238 4063 opera
1260 3969 1418 4059 justitiae.
1478 3965 1592 4040 Gloria
1627 3966 1720 4038 Patri
1755 3977 1789 4037 et
1821 3965 1927 4054 Filio,
1962 3976 1996 4037 et

567 4135 570 4146 ·
616 4080 753 4179 Spiritui
780 4091 907 4159 sancto.
958 4081 1122 4171 Alleluia,
1151 4091 1216 4154 etc.

720 4197 896 4269 Sacerdos
923 4197 1012 4268 tollit
1035 4197 1144 4268 oetam
1170 4219 1236 4292 pao
1262 4201 1425 4292 mysteria
1452 4203 1669 4291 operiantur,
1700 4202 1867 4292 ponitque
1892 4220 1994 4266 man-

615 4314 677 4384 tile
703 4312 966 4402 absterreriam,
994 4319 1029 4384 et
1054 4313 1217 4385 cocbiear
1243 4317 1279 4385 in
1306 4315 1417 4386 latere
1443 4315 1587 4402 deatro,
1624 4320 1658 4384 et
1689 4314 1800 4384 oetam
1824 4317 1933 4404 neojur
1959 4315 1996 4381 in

616 4428 728 4500 latere
752 4434 910 4518 sinistro,
939 4453 1056 4500 corana
1083 4430 1188 4502 daco.
1246 4431 1328 4502 Tam
1352 4433 1452 4500 sumit
1476 4427 1656 4500 Diaconos
1674 4452 1799 4522 panem
1812 4428 1994 4498 Eaebari-

614 4548 750 4633 sticum,
779 4551 814 4615 et
840 4549 943 4639 offert
967 4543 1174 4618 Sacerdoti:
1199 4550 1258 4642 pai
1278 4547 1405 4640 panem
1432 4567 1534 4616 crece
1560 4548 1688 4640 sipont,
1726 4551 1762 4616 et
1787 4546 1872 4615 dicit
1905 4543 1995 4613 lianc

619 4659 836 4730 Orationem:

644 4799 646 4804 ·
721 4773 814 4846 Deus
853 4796 976 4866 magne
1016 4784 1051 4847 et
1088 4772 1247 4848 mirabilis
1285 4799 1392 4872 usque
1425 4780 1460 4848 in
1493 4785 1680 4864 aeteruum,
1728 4778 1782 4870 qui
1816 4756 1994 4869 suscepisti

619 4888 798 4979 sacrificia,
840 4899 941 4978 vota,
983 4892 1143 4986 primitias
1185 4900 1220 4962 et
1260 4890 1406 4965 decimas
1442 4913 1619 4966 servorum
1660 4901 1790 4964 tuorum
1828 4891 1995 4990 'lideliumz
