4814 6060
614 688 692 764 rsr
1109 682 1467 782 ιιιιιιιιιι

614 885 682 948 tate
709 876 848 962 animae,
876 876 1060 968 mentisque
1087 870 1255 958 munditie,
1281 867 1462 940 audeamus
1489 869 1650 941 invocare
1677 880 1710 941 te
1726 869 1834 942 Deum
1854 871 1986 942 Patrem

516 999 524 1015 ⁸
614 991 807 1078 coelestem,
835 1013 981 1081 oremus,
1009 998 1042 1059 et
1068 986 1227 1073 dicamus,
1254 985 1508 1073 paternoster,
1536 987 1656 1080 quies
1683 986 1860 1058 incaelis.

719 1105 881 1200 Populos.
933 1103 1173 1177 Sanctificetur.

718 1223 903 1294 Sacerdos.
956 1221 1090 1306 Sancte,
1119 1218 1384 1311 sanctorumque
1410 1213 1634 1287 sanctificator
1664 1215 1825 1302 Domine,
1857 1217 1986 1290 custodi

612 1363 675 1413 nos
704 1361 764 1435 par
791 1359 912 1410 nomen
939 1346 1028 1408 tuum
1056 1317 1217 1421 sanetum,
1245 1343 1279 1404 et
1305 1330 1347 1404 ab
1376 1330 1501 1405 artibus
1529 1341 1678 1419 satanae,
1706 1331 1898 1440 et‘liliorum
1918 1355 1987 1404 ne-

552 1443 564 1468 ‘
614 1478 711 1552 quam
744 1452 850 1526 libera
885 1475 958 1525 nos.
1011 1453 1203 1525 Praeserva
1236 1453 1335 1522 etiam
1370 1471 1434 1520 uos
1477 1446 1518 1519 ah
1559 1447 1710 1522 omnibus
1750 1447 1987 1520 tentationibus

614 1571 755 1646 occultis
783 1580 816 1641 et
843 1568 1025 1642 manifestis
1059 1567 1211 1640 omnibus
1246 1566 1362 1639 diebus
1396 1568 1487 1637 vitae
1522 1575 1669 1636 nostrae.
1724 1563 1827 1638 Salva
1856 1586 1989 1660 quoque

613 1710 676 1762 nos
703 1711 722 1759 a
750 1684 944 1774 rebellione,
972 1687 1145 1779 virgisque
1170 1682 1312 1767 furoris„
1340 1691 1374 1752 et
1400 1702 1443 1752 ue
1471 1679 1622 1776 expellas
1657 1702 1720 1752 nos
1748 1703 1767 1752 a
1803 1689 1987 1774 conspectu

613 1816 682 1877 tuo.
735 1802 788 1875 Ne
815 1801 951 1874 inducas
979 1822 1042 1874 nos
1069 1804 1103 1871 in
1129 1802 1330 1871 tentationes
1356 1798 1587 1889 gravissimas,
1617 1819 1702 1891 quae
1719 1804 1878 1891 superant
1895 1797 1987 1868 vires
2058 1823 2065 1832 ι

615 1931 765 2016 nostras.
793 1919 852 1990 sed
879 1916 986 1990 libera
1014 1939 1076 1990 nos
1105 1939 1124 1988 a
1152 1915 1279 2010 laqueis
1306 1910 1441 2001 diaboli,
1469 1917 1545 2007 quia
1572 1922 1661 1984 tuum
1690 1921 1742 1985 est
1767 1915 1927 2004 regnum,
1954 1920 1987 2046 et

615 2048 648 2108 tu
676 2059 714 2108 es
741 2035 819 2108 Rex
846 2034 989 2126 gloriae,
1016 2030 1140 2128 tibique
1166 2030 1296 2103 laudern
1325 2027 1506 2117 offerimus,
1533 2039 1595 2101 eto

674 2150 881 2244 Populos.
934 2151 1053 2222 Arnen.

718 2265 903 2338 Sacerdos.
956 2265 1040 2336 Pax.

717 2381 879 2474 Populos.
931 2377 1075 2451 Etcum
1103 2379 1219 2472 spiritu
1246 2387 1312 2448 tuo.

718 2497 915 2570 Diaconos:
961 2495 1059 2567 Ante.

718 2611 880 2704 Populos.
935 2608 1060 2682 Coram
1087 2617 1130 2679 te.

718 2724 904 2797 Sacerdos.
956 2725 1118 2820 Princeps
1155 2726 1357 2814 viventium,
1400 2733 1669 2819 mortuorumque
1707 2722 1852 2796 Domine
1893 2723 1987 2794 Deus

615 2832 806 2928 miseratorss
830 2843 992 2937 propitius
1020 2849 1117 2930 esto,
1145 2849 1178 2912 et
1204 2842 1365 2914 miserere
1399 2839 1633 2936 peccatoribus
1667 2842 1778 2912 servis
1812 2841 1895 2927 tuis,
1932 2839 1987 2933 qui

615 2957 812 3030 inclinantur
838 2979 953 3028 coram
989 2960 1164 3049 maiestate
1190 2965 1256 3027 tua.
1311 2956 1453 3051 Suscipe
1481 2959 1670 3043 orationes,
1710 2964 1744 3026 et
1769 2977 1891 3051 preces
1918 2976 1987 3026 no-

616 3083 723 3163 stras,
750 3083 784 3146 et
811 3072 980 3144 sanctifica
1006 3093 1068 3144 nos
1095 3080 1299 3168 persancte
1332 3084 1405 3144 tua:
1440 3071 1567 3144 illustra
1599 3074 1822 3163 cogitationes
1855 3081 1987 3143 nostras

614 3192 723 3280 gratia
751 3199 823 3262 tun:
852 3210 935 3264 orna
960 3188 1092 3281 linguas
1119 3197 1253 3260 nostras
1280 3190 1422 3260 veritate
1447 3198 1520 3260 tua:
1547 3187 1685 3283 purifica
1704 3189 1828 3258 animas
1855 3197 1988 3260 nostras

516 3289 525 3298 ’
614 3325 675 3397 per
702 3303 911 3376 emulantium
938 3314 1043 3389 tuam,
1074 3313 1107 3374 et
1126 3314 1296 3375 'converte
1329 3325 1392 3376 nos
1426 3303 1468 3374 ad
1504 3306 1655 3377 timorem
1687 3314 1787 3376 tuum.
1841 3302 1988 3374 Benedic

615 3416 713 3490 nohis
740 3419 893 3492 omnibus
919 3441 981 3515 per
1006 3418 1257 3491 henedictiones
1284 3428 1373 3492 tuas:
1401 3418 1568 3512 cirpumda
1600 3441 1664 3491 nos
1697 3439 1791 3491 muro
1824 3416 1903 3490 lorti
1930 3418 1987 3492 di-

614 3521 768 3608 lectionis
801 3546 889 3608 tuae.
947 3535 1081 3631 Sparge
1118 3557 1218 3630 super
1249 3556 1313 3608 nos
1345 3557 1457 3607 rorem
1496 3533 1693 3607 elementiae
1732 3545 1824 3605 tuae:
1863 3532 1988 3606 dimitte

615 3648 734 3720 delicta
762 3660 796 3722 et
820 3660 962 3746 peccata
989 3660 1118 3738 nostra,
1145 3660 1179 3721 et
1205 3672 1308 3746 parce
1334 3635 1431 3724 nobis
1458 3674 1520 3747 per
1547 3673 1694 3724 amorem
1721 3671 1806 3742 erga
1837 3645 1988 3722 homines

615 3775 714 3838 tuum.
770 3762 929 3838 Concede
956 3764 1052 3839 nobis
1078 3767 1221 3838 Domine
1248 3769 1424 3862 petitiones
1452 3777 1607 3858 nostrae,
1642 3778 1676 3839 et
1711 3765 1752 3839 ab
1780 3768 1869 3838 omni
1896 3787 1987 3860 apo-

614 3883 717 3954 stasia
745 3883 905 3954 immunes
931 3903 995 3956 nos
1023 3881 1133 3954 effice:
1169 3891 1305 3978 praesta
1332 3885 1430 3956 etiem
1457 3893 1493 3955 ut
1518 3906 1602 3998 pure
1628 3894 1663 3956 et
1689 3891 1805 3956 sancte
1831 3903 1988 3955 commu-

614 3999 763 4068 nicemus
790 4001 926 4094 corpori
953 4008 987 4069 et
1012 3999 1166 4089 sanguini
1194 4001 1353 4090 unigeniti
1380 3997 1455 4072 Filii
1481 4001 1539 4089 tui,
1566 4022 1641 4072 cum
1669 4020 1734 4095 quo
1764 3996 1821 4070 tibi
1849 3994 1988 4070 debetur

614 4110 734 4204 gloria,
761 4111 877 4204 honor,
903 4123 938 4184 et
964 4135 1036 4184 cum
1065 4112 1188 4209 Spiritu
1216 4123 1272 4186 tuo
1299 4118 1519 4188 sanctissimo.

719 4227 880 4321 Populus.
932 4230 1070 4302 Amen

718 4343 902 4416 Sacerdos.
954 4346 1040 4418 Pax
1153 4413 1157 4424 .

717 4459 879 4551 Poprdun.
932 4458 976 4531 Et
1002 4482 1076 4532 oum
1103 4462 1218 4556 spiritu
1244 4471 1312 4533 tuo.

716 4573 928 4678 Diaconos„
958 4573 1044 4648 Cum
1071 4578 1199 4648 timore.

716 4688 901 4762 Sacerdos.
954 4689 1148 4764 Benedictio
1175 4691 1241 4763 Dei
1267 4695 1328 4784 sit,
1354 4703 1418 4765 ete.

716 4803 878 4897 Populus.
930 4803 1076 4881 Etcum
1103 4809 1219 4903 spiritu
1246 4818 1312 4881 tuo.

714 4919 899 4991 Sacerdos.
954 4919 1077 4994 Sancta
1106 4926 1240 4995 sanctis.

714 5034 876 5126 Populus.
930 5025 1023 5106 Unus
1052 5037 1152 5108 Pater
1179 5047 1322 5112 sanctus.

717 5148 902 5220 Sacerdos.
957 5147 1223 5224 Glorilicationes
1250 5151 1491 5244 indeficientes,
1518 5152 1635 5227 laudes
1663 5151 1875 5228 exaltationis
1903 5153 1985 5228 iufi-
