4784 6040
556 512 943 593 uoonotun
996 515 1441 597 SANCTORUM.
1577 633 1583 664 Ι
1630 523 1705 596 417

346 703 514 774 orationes
542 711 575 773 et
601 701 850 798 deprecationes
876 713 1008 778 nostras
1035 727 1150 778 coram
1176 717 1210 778 te
1236 704 1425 800 effudimus,
1457 717 1493 778 ut
1525 733 1599 781 cum
1626 709 1707 782 illu-

347 819 506 890 strotioue
532 821 706 908 mentium,
733 823 914 892 animorum
940 823 1099 916 puritate,
1126 831 1159 892 et
1184 819 1305 914 linguis
1338 825 1493 912 canoris,
1527 824 1707 898 clamemus

260 947 262 955 ⁴
348 932 390 1005 ad
416 942 466 1018 re.
494 954 628 1004 oremus
655 943 689 1006 ct
715 934 874 1008 dicamus:
901 935 1001 1008 Pater
1027 947 1162 1027 noster,
1190 941 1244 1032 qui
1270 959 1308 1010 cs
1334 939 1367 1008 in
1394 938 1510 1012 coelis.

447 1049 608 1142 Populos.
662 1049 906 1139 Sanctificetur,
935 1060 996 1124 eta.

448 1165 632 1238 Sacerdos.
685 1165 714 1238 0
741 1165 882 1238 Domino
907 1169 1108 1256 misericors,
1135 1167 1350 1241 obsecramus
1377 1178 1411 1240 te
1437 1178 1470 1241 et
1490 1170 1708 1264 deprecamur

347 1267 554 1341 clementiam
580 1279 684 1357 tuam,
710 1279 746 1342 ut
771 1291 887 1342 ornnes
914 1291 977 1342 nos
1003 1270 1122 1364 dignos
1149 1271 1272 1346 efficias
1298 1295 1359 1368 par
1385 1275 1525 1364 gratiam
1546 1280 1645 1362 tuam,
1672 1285 1708 1348 ut

345 1383 564 1459 sanctificetur
590 1387 623 1456 in
656 1384 751 1461 nobis
784 1387 902 1460 infimis
928 1395 962 1459 et
994 1389 1152 1478 terrenis,
1183 1410 1304 1460 nomen
1338 1399 1428 1460 tuum
1458 1387 1642 1480 gloriosum
1674 1401 1709 1463 et

345 1511 508 1574 sanatum:
535 1504 714 1596 veniatque
740 1523 881 1594 regnum
913 1511 1022 1593 tuum,
1057 1502 1100 1575 ad
1135 1503 1291 1576 auxilinm
1325 1504 1519 1578 infirmitatis
1553 1517 1706 1581 nostrae:

346 1620 537 1712 acquiescat
562 1617 717 1718 voluutas
744 1627 810 1704 tna,
838 1627 871 1689 ct
890 1629 1022 1690 mancat
1038 1623 1072 1690 in
1090 1620 1260 1694 animabus
1276 1625 1410 1709 nostris,
1438 1625 1523 1694 sicut
1540 1626 1575 1694 in
1599 1646 1707 1695 exer-

345 1731 463 1804 citibus
491 1735 633 1820 sanctis,
660 1744 695 1804 et
719 1732 929 1808 coelestibus.
981 1735 1105 1809 Libera
1132 1759 1264 1832 quoquc
1289 1759 1352 1809 nos
1379 1737 1420 1810 ab
1448 1736 1600 1812 omnibus
1627 1749 1706 1810 ten-

346 1845 523 1920 tationibus
549 1841 763 1940 gramoribus
790 1872 876 1944 qnae
902 1861 1059 1946 superent
1084 1855 1175 1928 vires
1202 1863 1352 1926 nostras:
1387 1853 1491 1925 libera
1519 1857 1617 1926 etiam
1643 1877 1706 1928 nos

346 1963 388 2036 ab
416 1964 567 2036 omnibus
593 1965 835 2060 iniquitatibus,
862 1977 896 2039 et
911 1967 1036 2040 insidiis
1048 1973 1251 2064 perniciosis
1266 1970 1525 2060 calumniatoris,
1552 1976 1707 2066 quoniam

344 2088 433 2152 nrum
460 2089 512 2153 est
537 2102 695 2174 regnum,
721 2092 754 2156 ct
780 2085 926 2178 potentia
954 2093 987 2155 et
1012 2083 1228 2180 glorificatio,
1255 2097 1289 2158 ct
1314 2088 1471 2179 unigeniti
1490 2087 1564 2158 Filii
1591 2091 1647 2177 tui,
1674 2097 1708 2160 et

345 2192 486 2291 Spiritus
512 2199 559 2268 tui
586 2201 692 2271 sancti
718 2220 803 2272 nuno
830 2208 864 2271 et
889 2221 1031 2296 semper.

449 2313 611 2406 Populos.
663 2313 782 2386 Amen.

449 2428 633 2500 Sacerdos.
687 2430 772 2502 Pax.

447 2543 607 2638 Populos.
660 2545 804 2619 Etcum
832 2550 947 2644 spiritu
971 2558 1038 2621 tuo.

446 2664 633 2737 Diaconos.
686 2667 830 2740 Domino
857 2669 965 2764 capita
990 2664 1193 2738 inclinemus.

446 2781 607 2874 Populos.
662 2779 787 2856 Coram
813 2793 856 2854 te.
1335 2871 1339 2885 .

447 2896 632 2970 Sacerdos.
684 2898 808 2972 Inclina
834 2901 977 2973 Domine
1004 2919 1103 2970 aures
1137 2907 1211 2970 tuas
1245 2896 1287 2968 ad
1319 2919 1440 2993 preces
1474 2909 1507 2970 ct
1538 2901 1706 2972 orationes

346 3035 522 3087 servorum
548 3025 697 3107 tuorum,
724 3019 778 3111 qui
812 3039 925 3088 coram
957 3026 990 3087 tc
1025 3013 1110 3086 oolla
1143 3034 1203 3086 sua
1235 3011 1410 3102 inclinant,
1445 3013 1511 3110 boc
1545 3026 1708 3110 temporo,

345 3140 478 3202 etcum
504 3131 810 3228 deprecationibus,
835 3132 1005 3227 lacrymis,
1033 3140 1068 3202 et
1093 3130 1243 3226 suspiriis
1259 3129 1301 3200 ad
1317 3139 1350 3201 te
1365 3129 1516 3202 clamant.
1568 3133 1707 3229 Aspice,

345 3247 503 3337 Domine,
537 3258 569 3321 et
602 3253 692 3322 mitte
725 3251 775 3322 eis
809 3251 985 3346 petitiones
1019 3267 1152 3319 eorum:
1186 3265 1332 3340 aspergo
1364 3245 1438 3318 illos
1465 3245 1615 3343 hyssopo
1650 3259 1705 3321 tuo

347 3374 480 3453 sancto;
507 3375 542 3436 ct
566 3369 698 3461 respice
724 3363 808 3439 illos.
860 3363 1000 3437 Effoudc
1027 3383 1128 3458 super
1153 3361 1228 3434 illos
1254 3360 1393 3433 imbrem
1426 3364 1572 3454 gratiae,
1599 3367 1707 3438 mise-

345 3479 508 3553 ricordiae
535 3489 569 3554 et
594 3482 729 3571 salutis,
765 3491 863 3578 atque
889 3479 931 3552 ab
966 3481 1056 3552 omui
1082 3480 1319 3574 perversitate,
1353 3487 1387 3550 et
1420 3477 1630 3574 proclivitate
1664 3482 1707 3553 ad

348 3596 466 3667 malum
493 3596 691 3688 liberentur,
717 3607 753 3669 ut
779 3597 869 3690 digni
896 3596 1076 3670 efficiantur
1101 3597 1315 3689 susceptione
1328 3599 1561 3690 mysteriorum
1577 3605 1706 3668 tuorum

348 3707 535 3785 sanctorum
564 3723 598 3785 et
622 3713 874 3786 virificautiom:
907 3713 1050 3807 fiantque
1075 3710 1218 3784 liberio
1250 3713 1396 3806 peccatis
1430 3723 1463 3784 et
1496 3709 1646 3800 delictis,¹
1673 3723 1707 3785 ct

346 3826 496 3920 fulgeant
522 3832 608 3902 sicut
633 3829 685 3904 sol
719 3834 752 3901 in
785 3851 892 3922 regno
926 3827 1082 3917 coelasti;
1115 3831 1191 3922 quia
1223 3837 1258 3898 tu
1291 3827 1399 3902 bonus
1432 3852 1485 3917 as,
1520 3838 1555 3899 et
1586 3827 1706 3899 multae

347 3944 614 4034 misericordiae,
640 3957 675 4018 et
700 3945 759 4019 tibi
785 3944 924 4038 gloriam
957 3942 1150 4033 referimus,
1180 3952 1214 4015 et
1243 3946 1412 4037 unigenito
1445 3943 1529 4016 Filio
1565 3957 1639 4033 tuo,
1672 3953 1706 4018 ct

347 4057 482 4155 Spiritui
508 4063 716 4136 sanctissimo
744 4070 800 4134 tuo
828 4072 862 4133 et
886 4060 986 4134 bono.

449 4175 613 4269 Populus.
665 4180 786 4253 Arnen.

449 4291 632 4366 Sacerdos.
685 4295 769 4367 Pax.

451 4407 612 4503 Populus.
663 4409 807 4482 Etcum
834 4412 950 4505 spiritu
977 4417 1042 4481 tuo.
1084 4411 1101 4450 ⁹

448 4524 637 4598 Diaconos.
692 4524 776 4600 Cum
803 4529 930 4599 timore.

448 4640 634 4713 Sacerdos.
688 4642 811 4716 Sancta
838 4631 970 4715 sanclis.

448 4756 610 4850 Populos.
662 4755 756 4830 Unus
782 4770 878 4854 pater
904 4766 1045 4830 sanctus.

450 4872 637 4944 Diaconos.
690 4873 822 4946 Stemus
849 4874 1015 4945 decenter.

450 4987 634 5060 Sacerdos.
688 4990 782 5064 Juste
809 4999 842 5062 et
867 4987 1045 5063 secundum
1071 4992 1259 5083 vamtatem,
1286 4999 1384 5086 atquc
1410 4991 1617 5064 meritissime
1639 4989 1705 5060 de-
1742 5011 1745 5018 ’
