4814 6060
774 521 806 598 S.
837 521 1040 602 JOrllllllS
1072 525 1409 604 Panntlnoflln.
1697 533 1774 611 485

400 707 500 794 rritas,
527 705 759 780 confessiones
787 706 1025 798 incessabiles,
1051 731 1226 807 vocesque
1252 717 1432 806 gratiarum
1461 719 1618 808 actionis,
1654 721 1774 795 oderi-

401 843 475 893 mus
502 822 560 895 tibi
585 822 748 910 Domine,
774 834 912 919 propter
938 825 1150 922 multiplicem
1177 850 1261 921 erga
1288 851 1351 902 nos
1378 833 1641 908 misericordiam
1667 850 1774 927 tnam;

402 941 477 1030 quia
504 941 682 1033 pepercisti
710 937 836 1010 delictis
864 943 987 1012 nostris
1014 964 1076 1036 per
1102 947 1244 1034 gratiam
1271 955 1372 1035 tuam,
1400 957 1433 1018 et
1459 951 1615 1022 remisisti
1635 967 1774 1047 peecata

401 1061 515 1124 nostra
542 1076 604 1149 per
629 1057 953 1128 commiserationem
981 1066 1078 1129 tuam.
1131 1059 1256 1132 Fecisti
1289 1083 1351 1135 nos
1383 1060 1532 1135 habitare
1557 1069 1590 1138 in
1616 1066 1773 1144 Ecclesia

401 1177 456 1242 tna
493 1177 630 1259 sancta,
666 1180 699 1241 et
734 1168 818 1244 lilios
853 1179 927 1244 tuos
963 1195 1025 1268 per
1059 1178 1199 1265 gratiam
1235 1187 1323 1249 tuam
1351 1183 1479 1251 vocasti
1506 1203 1586 1254 nos:
1612 1187 1773 1259 miscuisti

402 1305 524 1378 corpus
550 1287 709 1376 unigeniti
735 1286 809 1357 Filii
837 1289 882 1358 tui
909 1309 983 1359 cum
1005 1291 1204 1384 corporibus
1226 1296 1362 1385 nostris,
1389 1305 1424 1366 et
1446 1299 1668 1392 permiscuisti
1688 1325 1773 1375 san-

400 1403 532 1492 guinem
567 1402 639 1492 ejus
657 1401 828 1492 ¹membris
861 1407 1005 1492 nostris,
1039 1403 1225 1502 dignosque
1258 1414 1451 1505 praestitisti
1485 1435 1548 1486 nos
1582 1422 1772 1490 communi-

400 1516 494 1587 candi
522 1519 683 1612 mysterio
711 1528 768 1591 tuo
796 1527 922 1592 sancto.
959 1519 1133 1612 Rogamus
1160 1533 1270 1597 autem
1297 1537 1330 1598 et
1357 1526 1574 1622 deprecamur
1591 1542 1623 1603 te
1644 1543 1773 1606 amator

398 1630 581 1722 hominum,
615 1643 651 1703 ut
681 1655 748 1706 non
781 1646 962 1708 convertas
993 1635 1099 1710 lestos
1136 1639 1208 1712 dies
1236 1653 1376 1715 nostros
1413 1647 1446 1714 in
1479 1644 1621 1732 luctum,
1659 1669 1769 1744 neque

398 1744 539 1842 hymnos
566 1760 700 1822 nostros
724 1753 760 1822 in
787 1749 971 1846 planctum:
998 1775 1041 1823 ne
1067 1755 1206 1828 inclines
1234 1739 1342 1853 capita
1369 1769 1484 1832 nostra
1505 1761 1699 1854 injudicio,
1726 1789 1770 1838 ne

398 1863 635 1936 confundamur
662 1869 695 1936 in
729 1865 843 1938 ultimo
878 1865 931 1938 die
966 1867 1208 1942 retributionis:
1243 1894 1286 1944 ne
1320 1874 1450 1968 pudore
1483 1877 1606 1950 afficias
1640 1900 1702 1952 nos
1737 1883 1770 1953 in

398 1978 451 2051 die
478 1980 592 2073 judicii
629 1984 689 2053 tui:
725 2005 768 2054 ne
798 1982 927 2075 jndices
963 2006 1025 2056 nos
1059 1987 1091 2056 in
1128 1985 1182 2059 die
1214 1997 1307 2059 ortus
1341 1993 1403 2062 tui:
1439 2014 1483 2063 ne
1510 1993 1771 2068 condemnemur

396 2095 560 2169 cumillis
597 2101 651 2192 qni
685 2108 718 2170 te
750 2121 819 2170 non
852 2112 1033 2172 noverunt:
1068 2125 1112 2174 ne
1145 2106 1330 2176 cruciemur
1365 2130 1439 2179 cum
1475 2108 1539 2181 illis
1573 2111 1627 2205 qui
1660 2121 1693 2183 te
1726 2113 1769 2184 ad

394 2211 597 2284 iracundiam
622 2225 911 2308 provocaverunt3
939 2215 1000 2288 sed
1026 2240 1087 2313 per
1113 2224 1255 2312 gratiam
1282 2232 1371 2294 tuam
1398 2223 1494 2298 salva
1522 2246 1606 2313 nos,
1633 2237 1773 2300 etcum

394 2327 469 2398 liliis
496 2331 680 2423 nuptiarum
707 2340 834 2402 tuarum
863 2335 1038 2427 quiescere
1059 2331 1142 2427 jube
1167 2357 1244 2426 nos,
1275 2349 1308 2410 et
1335 2337 1545 2412 discumbere
1572 2363 1647 2430 cum
1668 2344 1767 2435 justis

394 2445 427 2515 in
453 2444 620 2546 paradiso.
672 2444 725 2519 Da
753 2445 850 2520 nobis
877 2453 974 2540 regni
1000 2452 1044 2520 tui
1070 2449 1271 2524 beatitudine
1296 2453 1439 2549 perfrui,
1472 2465 1505 2527 et
1533 2455 1593 2530 alis
1621 2459 1767 2532 comrni-

395 2564 572 2634 serationis
600 2571 677 2633 tuae
703 2573 846 2658 protege
880 2585 958 2654 nos,
992 2577 1026 2637 et
1060 2579 1196 2662 praesta
1228 2579 1264 2640 ut
1297 2591 1411 2644 coram
1445 2571 1530 2644 solio
1565 2570 1688 2646 Christi
1720 2575 1766 2644 tni

395 2681 646 2749 excusationem
690 2676 816 2750 hebere
850 2683 1034 2775 possimus,
1074 2705 1136 2778 per
1170 2707 1286 2780 quem,
1324 2698 1356 2759 et
1390 2711 1464 2759 curn
1501 2710 1567 2784 quo
1602 2697 1636 2760 te
1669 2688 1767 2760 decet

394 2792 521 2884 gloria,
548 2803 610 2866 etc.

429 2917 435 2929 “
498 2908 659 3003 Populos.
713 2909 832 2982 Amen.

497 3025 682 3098 Sacerdos.
735 3027 819 3098 Pax.

495 3143 657 3236 Populos.
711 3142 856 3214 Etcum
884 3144 1000 3238 spiritu
1026 3155 1093 3217 tuo.

495 3259 684 3330 Diaconos.
737 3261 830 3332 Post.
912 3275 915 3284 ·

494 3375 656 3469 Populus.
711 3375 835 3464 Coram
862 3386 896 3448 te
921 3377 1072 3450 Domine.

493 3491 678 3564 Sacerdos.
730 3491 899 3589 Hymnus,
934 3491 1069 3581 landes,
1102 3515 1275 3588 vocesque
1309 3497 1491 3585 gratiarnm
1518 3499 1659 3568 actionis
1686 3518 1761 3568 cnm

391 3607 514 3701 gaudio
541 3608 709 3680 offerimus
736 3609 794 3680 tibi
820 3609 964 3680 Domine
989 3617 1107 3682 noster
1133 3608 1214 3680 lesu
1249 3606 1398 3699 Christe,
1433 3632 1495 3706 pro
1530 3611 1663 3684 auxiliis
1697 3615 1761 3685 tuis

392 3747 473 3816 erga
499 3746 579 3796 nos:
609 3726 684 3817 quia
710 3746 773 3798 nos
806 3736 1006 3819 peccatores
1042 3745 1162 3797 servos
1197 3734 1291 3814 tuos,
1326 3724 1447 3818 dignos
1481 3725 1591 3799 iecisti
1624 3751 1761 3800 munere

390 3839 454 3912 boc
482 3840 606 3913 divino.
658 3841 805 3913 Petimus
833 3866 852 3913 a
881 3850 926 3930 te,
953 3865 974 3913 o
1000 3839 1164 3934 refugium
1191 3852 1418 3935 peccatorum,
1444 3853 1579 3916 sanator
1606 3843 1761 3915 infirmo-

389 3978 477 4046 rum,
505 3965 711 4028 restaurator
737 3953 934 4046 imbellium,
969 3956 1099 4050 adjutor
1126 3959 1325 4044 animarum,
1359 3966 1535 4053 susceptor
1563 3961 1759 4049 orationum,

390 4075 512 4167 quique
548 4070 714 4168 postulata
751 4071 931 4162 concedis,
964 4073 1098 4145 demitte
1131 4072 1305 4144 dexteram
1338 4084 1427 4146 tuam
1454 4073 1585 4170 plenam
1613 4073 1758 4146 benedi-

389 4191 518 4275 ctione,
554 4197 588 4259 et
622 4186 765 4260 benedic
798 4211 861 4260 nos
895 4211 1012 4262 omnes
1047 4211 1169 4263 servos
1197 4199 1287 4275 tuos,
1322 4191 1521 4277 universim,
1557 4211 1698 4282 magnos
1726 4202 1760 4263 et

387 4325 524 4398 parvos,
551 4306 646 4376 viros
674 4313 707 4374 et
732 4303 908 4392 foeminas,
942 4304 995 4377 Da
1021 4303 1118 4377 nobis
1146 4316 1181 4377 ut
1207 4316 1331 4378 stemus
1354 4326 1467 4376 coram
1490 4313 1523 4375 te
1543 4327 1617 4377 oum
1639 4307 1760 4377 timore

389 4431 422 4492 et
439 4431 593 4492 tremore.
636 4420 784 4492 Benedic
803 4418 980 4493 Ecclesiae
1008 4431 1083 4492 tuae
1111 4431 1261 4511 sanctae,
1288 4419 1466 4517 multiplica
1485 4422 1646 4493 Pastores
1673 4423 1759 4513 ejus,

387 4535 538 4629 glorifica
566 4535 769 4609 Sacerdotes
797 4537 910 4611 altaris
938 4539 994 4627 tui,
1021 4547 1055 4608 et
1081 4539 1296 4610 ministerium
1319 4558 1434 4609 eorum
1459 4539 1602 4632 suscipe.
1616 4602 1621 4611 .
1636 4534 1760 4608 Munda

388 4651 571 4740 Diaconos,
600 4660 634 4722 et
659 4661 775 4724 cantus
803 4675 918 4726 eornm
946 4660 1104 4748 acceptos
1130 4650 1227 4725 habe.
1277 4647 1446 4724 Confirma
1473 4675 1584 4742 senes,
1611 4651 1759 4724 infirmos

389 4767 559 4853 conforta,
593 4766 696 4839 reduc
728 4766 869 4841 feliciter
905 4766 1079 4858 absentes,
1114 4779 1312 4862 praesentes
1340 4767 1489 4856 custodi,
1517 4773 1673 4865 impetum
1695 4770 1758 4860 ju-

386 4903 508 4954 venum
537 4904 678 4973 coerce,
713 4905 836 4979 pueros
871 4884 926 4957 iac
962 4904 1036 4955 cum
1069 4882 1230 4956 modestia
1263 4905 1429 4955 crescere.
1490 4884 1579 4956 Sana
1613 4881 1758 4954 Domine

388 5007 572 5089 aegrotos:
598 5001 857 5095 intemperantes
883 4999 939 5073 lac
966 5008 1204 5095 temperantes:
1239 4998 1318 5072 lava
1346 5009 1379 5071 et
1405 4996 1525 5070 munda
1554 5019 1614 5069 cos
1642 5000 1697 5092 qui
1724 4999 1758 5068 in

1478 5111 1558 5190 64*
