4784 6040
710 706 831 770 medani
852 706 973 790 lmperii
993 706 1177 788 Metropolin
1198 707 1289 789 paulo
1312 717 1383 790 post
1404 709 1627 790 migraverunt,
1658 717 1689 773 et
1712 727 1817 774 eorum
1840 711 2000 792 exemplo,
2029 714 2087 777 sed

710 807 862 888 aliquanto
885 808 995 884 serius,
1016 805 1178 869 Melchitae
1201 826 1256 870 seu
1278 805 1456 871 Orthodoxi.
1506 807 1580 870 Cum
1604 807 1753 872 Catholici
1776 826 1855 874 nova
1878 808 2008 892 dignitas
2030 814 2087 876 sub

710 905 878 970 Justiniano
909 906 1096 988 Imperatore
1125 906 1259 968 instituta
1291 905 1413 981 luisset3
1443 905 1564 986 duoque
1599 916 1704 970 essent
1731 926 1768 971 eo
1798 905 1885 971 titulo
1914 909 2086 990 Antistiae,

711 1023 788 1068 unus
810 1005 951 1083 Persidis,
975 1005 1052 1068 alter
1073 1003 1252 1080 Armeniae;
1282 1005 1492 1069 Antiochanus
1515 1007 1687 1070 Patriarcha
1710 1005 1845 1069 Graecus
1868 1024 1942 1070 suae
1966 1026 2086 1090 quoque

708 1103 865 1166 Ecclesiae
889 1103 1075 1168 Catholicum
1098 1104 1233 1166 instituit.
1276 1103 1422 1180 Mittebat,
1446 1106 1541 1185 inquit
1563 1105 1649 1168 Nilus
1672 1105 1875 1187 Doxapatrius
1901 1105 2087 1171 Catholicum

709 1204 742 1263 in
755 1201 937 1282 [recopolim
950 1202 1146 1281 irenopoleos
1156 1203 1278 1268 dictam.
1308 1189 1352 1263 K'
1371 1189 1444 1284 ᾴνεῖ
1463 1191 1526 1288 γᾶρ
1548 1193 1699 1267 ἔστελλεν
1722 1194 1740 1266 b
1757 1193 1954 1282 Ἀντιοχείας
1976 1205 2087 1266 καθο-

710 1288 800 1363 λικόν
822 1289 1125 1386 εἰςΕἰρηνοιῖπσλιν,
1147 1289 1206 1363 τὸν
1228 1291 1400 1384 λεγόμενον
1412 1292 1690 1385 Εἰρηνσυπόλεως.
1721 1302 1782 1368 Sed
1805 1303 1917 1366 fallitur
1938 1304 1964 1366 is
1987 1311 2085 1382 autor,

711 1399 780 1462 dum
803 1400 929 1462 alterum
952 1399 1137 1464 Catholicum
1161 1418 1250 1480 quem
1272 1401 1482 1482 Romoppreos
1509 1409 1609 1479 vocat,
1633 1404 1711 1464 mitti
1738 1403 1843 1465 scribit
1872 1403 1905 1463 io
1933 1401 2084 1480 Porciam,

418 1495 495 1552 Attat.
523 1497 554 1549 de
576 1515 696 1591 nonasp
710 1508 740 1561 et
759 1499 955 1581 babylonem,
979 1501 1030 1562 cui
1050 1519 1129 1560 nanc
1151 1517 1259 1562 nomen
1280 1498 1400 1580 Ropda.
1434 1495 1504 1562 Καὶ
1526 1495 1589 1572 ἕως
1610 1497 1675 1563 τῶν
1696 1499 1753 1564 νῦν
1775 1487 1953 1562 καθυλικόν
1974 1519 2085 1586 χειρο-

383 1579 400 1636 ²·
420 1583 446 1637 ¹·
463 1599 486 1633 ⁶·
506 1582 533 1634 ⁹·
707 1597 810 1661 πονῶν
832 1593 961 1663 στέλλει
982 1587 1038 1662 τὸν
1067 1585 1267 1676 καλούμενον
1285 1583 1512 1682 Ῥωμσγὺρεως
1542 1595 1599 1662 καὶ
1628 1588 1730 1685 αὐτὴν
1758 1587 1817 1685 τήν
1845 1593 2002 1684 Περσίαν,
2030 1593 2084 1664 ε”σι

708 1691 763 1758 καὶ
786 1685 889 1781 αὐτὴν
910 1685 967 1781 aab
989 1693 1175 1777 Βαβυλῶνα
1195 1685 1253 1781 τὴν
1274 1694 1330 1758 νῦν
1351 1691 1553 1782 καλουμένην
1574 1696 1699 1781 Βαγὸἇ.
1728 1697 1863 1781 Bagdad,
1886 1705 1920 1759 ttt
1941 1700 2082 1763 scriben-

710 516 789 597 408
834 522 1069 602 atstttntto
1086 523 1359 601 totttmatxtt
1372 524 1573 602 PHILOXENI
1585 523 1994 606 satsattlaonotttsts.
2325 492 2335 979 ι

2328 1260 2336 1563 t

707 1795 776 1858 dum
799 1805 856 1874 cst,
880 1797 917 1858 ab
940 1796 1120 1860 Almansore
1143 1797 1207 1878 ejus
1231 1796 1386 1871 conditore
1409 1795 1560 1878 appellata
1583 1797 1637 1861 luit
1654 1798 1785 1860 Medinat
1805 1797 1935 1859 electum.
1965 1797 2081 1860 Civitas

702 1897 803 1974 pacis,
827 1903 918 1976 atque
940 1895 1016 1959 adeo
1039 1915 1100 1958 non
1131 1896 1200 1958 alibi
1229 1895 1402 1976 quaerenda
1431 1883 1676 1980 Εἰρηνούπολις.
1721 1893 1785 1958 lllic
1815 1895 1904 1957 etiam
1934 1895 1989 1959 fuit
2018 1896 2080 1960 Ca-

706 1993 835 2056 tholicus
858 1995 1074 2076 Romopyreos,
1098 1994 1180 2075 quod
1203 2011 1313 2057 nomen
1336 1994 1405 2056 alibi
1420 1994 1510 2058 facile
1523 2012 1584 2057 non
1605 1997 1768 2077 reperitur,
1794 1993 2011 2076 formatumque
2033 2004 2080 2059 est

707 2111 723 2154 a
746 2094 854 2168 Emtm,
877 2093 1028 2173 quomodo
1052 2094 1160 2156 Graeci
1183 2101 1331 2156 vocantur
1354 2093 1391 2156 ab
1413 2093 1578 2172 Arabibus,
1602 2103 1633 2156 et
1657 2095 1758 2176 chur
1780 2112 1857 2175 quae
1881 2111 1943 2156 vox
1964 2092 2081 2158 barba-

705 2211 758 2254 ros
783 2177 1098 2254 Trans-Eulratenses
1120 2193 1270 2274 significat
1293 2193 1415 2274 linguis,
1440 2193 1574 2256 moribus
1598 2202 1629 2256 et
1651 2194 1801 2277 religione
1825 2191 1994 2256 dissimiles.
2038 2194 2080 2257 At

706 2290 839 2374 Bagdadi
867 2291 967 2357 statim
995 2290 1243 2354 Nestorianorum
1279 2291 1452 2354 Catholicus
1490 2293 1687 2373 praecipuam
1717 2294 1906 2355 autoritatem
1944 2291 2080 2373 obtinuit,

706 2406 767 2450 non
789 2388 877 2450 modo
900 2389 930 2450 in
953 2406 1036 2467 suos,
1060 2389 1167 2452 sedin
1192 2390 1326 2471 reliquos
1358 2389 1560 2453 Christianos:
1593 2390 1662 2470 quia
1693 2389 1900 2453 hluhamedani
1925 2391 1996 2472 jura
2017 2393 2080 2455 Ec-

706 2487 883 2564 clesiarum,
919 2505 959 2548 ex
992 2489 1188 2567 possessione
1218 2488 1465 2552 determinabant.
1522 2488 1695 2551 Nestoriani
1724 2487 1961 2552 Christianorum
1992 2493 2079 2574 primi

705 2586 879 2668 Bagdadum
902 2592 1060 2664 venerant,
1083 2594 1115 2648 et
1136 2585 1199 2649 illic
1222 2588 1326 2650 sedem
1348 2585 1582 2649 Patriarchalem
1609 2603 1694 2649 suam
1716 2589 1942 2650 constituerant.
1985 2588 2080 2654 Jaco-

703 2683 785 2748 bitaa
810 2683 1054 2748 Orthodoxorum
1076 2685 1217 2766 exemplo
1241 2683 1426 2748 Catholicum
1456 2702 1578 2767 quoque
1601 2703 1687 2748 suum
1710 2685 1881 2750 habuerunt
1909 2688 1940 2750 in
1968 2688 2086 2754 Antio-v

705 2784 802 2846 cheno
825 2782 1046 2846 Patriarchatu:
1071 2784 1125 2846 sed
1148 2785 1234 2866 cujus
1257 2785 1347 2848 sedes
1371 2784 1513 2848 Talrritae
1543 2784 1615 2863 fuit,
1646 2785 1728 2847 urbis
1751 2785 1782 2845 in
1804 2783 1912 2848 linibus
1934 2787 2079 2870 blesopo-

705 2884 813 2946 tamiae
835 2881 977 2960 celebris,
1000 2901 1089 2964 quam
1112 2881 1260 2947 Catholici
1288 2882 1462 2967 dignitatem
1490 2885 1520 2945 in
1551 2882 1657 2946 eadem
1684 2883 1760 2946 urbe
1790 2883 1916 2947 obtinuit
1946 2887 2078 2950 blarutas

705 2982 870 3046 secundum
891 2983 993 3044 varios
1017 2981 1148 3046 Codices
1171 2983 1337 3066 liturgiae,
1360 3000 1438 3063 quae
1469 2982 1512 3045 illi
1534 2982 1682 3046 tribuitur.
1732 2981 1841 3064 Longo
1870 2992 1977 3066 postea
2000 2993 2079 3049 tem-

703 3083 789 3162 poris
812 3079 971 3143 intervallo
995 3080 1163 3164 Gregorius
1187 3081 1402 3164 Abullaragius
1432 3101 1473 3144 ex
1495 3081 1627 3144 Historia
1650 3080 1864 3162 Dynastiarum
1887 3098 1904 3144 a
1926 3083 2077 3147 Pococlrio

704 3182 784 3244 edita
807 3189 838 3243 et
860 3181 1056 3262 interpretata
1080 3189 1184 3260 notus,
1214 3183 1245 3242 iu
1274 3180 1379 3242 eadem
1410 3181 1484 3243 sede
1508 3179 1661 3242 ordinatus
1685 3186 1732 3241 est
1753 3178 1908 3258 blosn'ao:
1943 3199 2011 3243 nam
2039 3183 2077 3244 ita

703 3280 811 3344 deinde
836 3279 983 3342 Catholici
1006 3279 1106 3341 vocati
1137 3280 1267 3342 fuerunt.
1320 3279 1425 3359 ltaque
1457 3279 1631 3362 Bagdadum
1660 3276 1787 3358 simplex
1817 3278 1897 3360 apud
1923 3277 2076 3343 Jacobitas

702 3380 903 3461 Episcopatus
924 3377 988 3453 luit,
1012 3397 1100 3459 quam
1123 3378 1250 3441 obtinuit
1271 3379 1297 3440 is
1321 3378 1359 3440 de
1383 3395 1443 3458 quo
1466 3379 1566 3459 agitur
1588 3377 1780 3440 Philoxenus.
1827 3378 1934 3458 Neque
1955 3377 2077 3463 Bagda-

702 3480 771 3542 dum
801 3478 864 3542 ullo
900 3479 979 3540 inter
1005 3477 1159 3542 Jacobitas
1188 3477 1325 3558 ampliori
1354 3476 1470 3539 honore
1493 3475 1611 3552 floruit,
1647 3494 1714 3539 cum
1744 3493 1784 3538 ex
1814 3475 1905 3540 blaris
1933 3486 1965 3541 et
1993 3479 2077 3540 Amri

701 3577 950 3641 Nestorianorum
980 3577 1104 3641 historia
1136 3577 1302 3639 discamus:
1332 3575 1519 3640 Catholicum
1549 3575 1629 3638 illius
1658 3583 1762 3638 sectae
1792 3574 1898 3638 decem
1926 3578 2076 3660 subjectas

701 3676 758 3739 sibi
780 3676 968 3758 Metropoles
991 3676 1143 3754 habuisse,
1167 3677 1246 3738 inter
1268 3692 1343 3755 quas
1365 3672 1502 3758 Bagdadi
1524 3675 1638 3738 mentio
1661 3673 1742 3736 nulla
1766 3683 1823 3738 est·

788 3774 954 3838 Observari
983 3781 1084 3854 potest
1114 3773 1308 3837 Philoxenum
1341 3774 1430 3835 istum
1466 3772 1554 3835 aliter
1588 3773 1768 3837 Eleazarum
1805 3781 1945 3836 vocatum
1973 3773 2075 3854 luisse,

702 3874 784 3956 quod
807 3890 917 3937 nomen
940 3872 1124 3953 deposuerat
1147 3892 1214 3936 cum
1235 3871 1405 3954 Episcopus
1438 3872 1643 3935 ordinaretur:
1673 3871 1703 3934 id
1733 3873 1812 3934 enim
1841 3891 1935 3955 saepo
1957 3873 2074 3954 tactum,

701 3974 883 4054 praesertim
906 3971 986 4053 apud
1009 3971 1104 4054 Syros
1127 3972 1298 4047 Jacobitas,
1333 3979 1366 4033 ut
1388 3971 1467 4033 inter
1489 3971 1692 4052 biturgiarum
1715 3979 1837 4034 autores
1860 3971 1994 4054 ignatius
2023 3991 2075 4035 re-

701 4071 835 4153 perimus
861 4072 890 4132 in
912 4071 1118 4135 Patriarchatu
1140 4072 1325 4154 appellatae,
1356 4088 1447 4132 unum
1474 4071 1524 4151 qui
1547 4071 1632 4151 prius
1663 4069 1830 4133 vocabatur
1855 4070 1972 4151 ioseph
2001 4070 2074 4134 trtius

701 4170 812 4234 Vahib:
836 4170 926 4232 aliurn
949 4169 999 4249 qui
1021 4170 1157 4234 loannes
1181 4170 1259 4232 lilius
1282 4169 1415 4244 Maadni3
1444 4177 1475 4232 et
1498 4168 1583 4231 istius
1607 4169 1778 4232 mutationis
1801 4170 1915 4250 aliquot
1938 4169 1997 4232 alia
2019 4178 2075 4233 tam

701 4271 732 4333 in
754 4267 960 4331 Alexandrina
983 4268 1120 4348 historia,
1144 4288 1233 4351 quam
1255 4269 1286 4330 in
1309 4267 1513 4344 Antiochena,
1536 4269 1673 4349 exempla
1697 4277 1776 4331 sunt.

789 4365 822 4428 ln
845 4368 902 4431 ista
925 4366 1059 4452 Liturgia
1083 4368 1155 4432 nihil
1178 4366 1334 4452 singulare
1346 4368 1489 4442 occurrit,
1512 4367 1592 4448 quod
1617 4367 1818 4449 explicatione
1842 4368 1986 4452 indigeat,
2011 4386 2075 4431 cum

702 4465 739 4528 ad
764 4465 889 4528 aliarum
911 4467 1101 4548 Syriacarum
1124 4469 1198 4530 ritus
1221 4466 1367 4530 Jacobitis
1390 4465 1487 4528 forma
1510 4484 1659 4547 expressa
1683 4465 1731 4531 sit.
