4814 6060
572 647 574 653 “
639 634 939 712 IGNATll
991 635 1622 731 tintinnabulum.
1756 637 1831 709 517

459 832 492 894 et
518 825 750 896 remissionem
778 831 993 918 peccatorum
1020 845 1107 918 quae
1133 833 1276 919 propter
1302 845 1378 896 eum
1405 831 1473 913 est,
1508 836 1575 897 tam
1610 823 1707 896 nobis
1736 847 1834 919 quam

458 941 550 1033 ipsis.

562 1054 725 1146 Populus.
780 1055 932 1141 Quietem
959 1063 1104 1149 praesta.

562 1171 746 1243 Sacerdos.
800 1171 946 1242 Peccata
974 1181 1008 1242 et
1032 1169 1180 1242 maculas
1206 1170 1366 1256 Domine,
1403 1190 1487 1262 quae
1521 1189 1585 1241 nos
1617 1178 1652 1239 et
1677 1171 1742 1263 ipsi
1769 1191 1833 1242 se-

459 1286 601 1358 eundum
628 1285 884 1359 imbecillitatem
912 1296 1050 1358 naturae
1076 1295 1212 1358 nostrae
1239 1287 1388 1358 infirmae
1406 1305 1597 1379 pronaeque
1618 1283 1660 1355 ad
1684 1287 1833 1374 crimina,

458 1401 556 1504 nobip
590 1405 671 1498 ipsis
706 1406 954 1489 contraximus,
993 1402 1182 1474 voluntarie
1222 1412 1278 1473 aut
1312 1399 1553 1484 involuntarie,
1594 1405 1739 1474 scienter
1774 1403 1833 1476 vel

456 1521 670 1610 ignoranter,
704 1540 807 1614 parce
842 1529 875 1590 et
908 1508 1048 1605 dimitte,
1084 1529 1240 1613 tanquam
1274 1519 1368 1590 Deus
1400 1516 1600 1608 longanimis
1636 1529 1669 1590 et
1707 1517 1831 1592 multae

457 1632 632 1722 bonitatiS,
669 1645 703 1705 et
736 1634 999 1728 quandoquidem
1036 1656 1137 1706 carne
1163 1633 1226 1706 bac
1251 1632 1364 1705 humili
1389 1632 1535 1728 impediti
1562 1654 1696 1726 sumus,
1732 1645 1766 1706 et
1798 1639 1831 1705 in

457 1749 577 1822 mundo
605 1771 695 1822 vano
724 1754 923 1823 existentiae
959 1760 993 1821 et
1024 1753 1247 1846 cormptionis
1281 1770 1477 1836 versamur,
1514 1747 1609 1820 auser
1642 1758 1675 1822 et
1709 1772 1832 1822 amove

457 1889 477 1936 a
505 1869 630 1938 semitis
657 1869 780 1937 uostris
809 1887 925 1939 omues
952 1865 1110 1960 laqueoS,
1143 1876 1177 1940 et
1209 1864 1379 1960 decipulas
1407 1862 1530 1937 dioboli
1556 1867 1677 1936 inimici
1713 1869 1831 1956 nostri,

457 1990 491 2050 et
517 2003 634 2053 omnes
663 1981 884 2054 adversitates
912 1980 1030 2076 quibus
1058 1979 1216 2073 affligitur
1240 1992 1382 2075 utroque
1412 1982 1482 2052 vita
1508 1991 1624 2054 nostra
1651 1992 1718 2054 tam
1745 2003 1830 2052 cor-

456 2099 548 2190 poris
576 2116 671 2191 quam
699 2101 839 2189 animae,
868 2097 962 2169 aufer
989 2121 1008 2168 a
1035 2096 1148 2170 uobis:
1176 2105 1210 2168 et
1236 2100 1321 2168 sicut
1348 2103 1503 2168 statutum
1531 2106 1594 2184 est,
1622 2097 1678 2170 ubi
1698 2097 1831 2194 expulsi

457 2211 499 2281 ad
526 2214 615 2284 viam
643 2213 834 2303 generalem
862 2211 1092 2302 transibimus;
1120 2212 1270 2286 concede
1296 2211 1394 2284 nobis
1420 2210 1520 2282 finem
1547 2209 1769 2286 Christianum
1796 2219 1853 2284 et'

457 2327 584 2422 absque
610 2331 757 2423 peccatis
784 2329 943 2418 Domine,
970 2329 1121 2424 quando,
1147 2327 1265 2400 ubiet
1292 2325 1459 2423 quomodo
1487 2325 1546 2398 tibi
1572 2327 1728 2422 placitum
1756 2331 1828 2400 erit.

456 2443 697 2517 Tantummodo
736 2443 861 2517 liberos
899 2445 992 2518 effice
1028 2467 1092 2517 nos
1125 2456 1160 2517 et
1193 2444 1366 2518 defunctos
1407 2451 1542 2516 nostros
1577 2466 1597 2514 a
1629 2444 1828 2520 confusione

456 2581 570 2632 eoram
597 2561 683 2635 sobo
710 2570 766 2633 tuo
794 2560 932 2634 terribili
959 2570 994 2632 et
1019 2561 1185 2651 timendo,
1220 2581 1330 2656 neque
1365 2561 1481 2654 prives
1508 2580 1570 2631 nos
1597 2561 1741 2634 Domina
1768 2565 1828 2634 vi-

455 2679 551 2749 sione
577 2685 632 2748 tua
659 2677 791 2767 diviua,
823 2698 910 2772 quae
943 2685 995 2749 est
1021 2699 1162 2769 regnum
1195 2679 1397 2772 promissum
1431 2672 1583 2747 omnibus
1618 2682 1760 2752 sanctis:
1795 2688 1831 2749 ut

419 2797 425 2816 '
454 2796 489 2864 iu
514 2791 579 2864 boc
606 2797 692 2865 sicut
717 2797 750 2863 in
778 2791 929 2864 omnibus
957 2792 1179 2885 glorificetur,
1207 2803 1298 2864 eto..

558 2908 738 3003 Populus„
773 2907 832 2996 Ut,
860 2919 923 2980 etc.

557 3019 743 3095 Sacerdos.
796 3024 881 3095 Pax.
1084 3103 1087 3109 Α

558 3137 720 3232 Populus.
773 3139 916 3212 Etcum
945 3141 1060 3233 spiritu
1089 3148 1155 3211 tuo.

558 3253 741 3327 Sacerdos.
794 3253 1049 3328 Misericordiae
1074 3253 1139 3325 Dei
1167 3256 1242 3324 siut.

557 3370 737 3442 Diaconos
765 3371 851 3442 dicit
877 3369 1097 3441 Catbolicam.

692 3729 868 3801 Sacerdos
894 3730 980 3800 dicit
1008 3729 1204 3799 Orationem
1229 3734 1311 3798 ante
1337 3728 1439 3799 Pater
1457 3737 1592 3801 noster.

556 3936 631 4010 Tibi
663 3940 750 4008 enim
786 3936 895 4023 Deus,
931 3935 983 4008 sol
1015 3956 1136 4027 magna
1169 3955 1280 4005 rerum
1314 3931 1595 4025 intellectualium,
1628 3911 1668 4006 el
1694 3937 1827 4038 genitor

455 4053 619 4149 splendidi
646 4053 727 4127 solis
751 4055 909 4146 justitiae,
938 4050 1099 4124 debentur
1126 4070 1242 4123 ornnes
1263 4049 1491 4136 adorationes,
1519 4061 1554 4122 et
1573 4050 1826 4136 benedictiones

452 4167 646 4242 coelestium
674 4179 708 4240 et
734 4172 957 4240 terrestrium:
985 4171 1079 4260 cujus
1106 4165 1346 4238 berraiiooutiae
1373 4164 1505 4238 sublimi
1531 4171 1639 4238 visum
1666 4188 1733 4237 uon
1761 4175 1826 4254 est,

451 4295 486 4356 ut
512 4288 656 4376 exiguus
683 4284 794 4356 radius
823 4305 981 4355 emanans
1008 4307 1027 4355 a
1054 4283 1176 4354 lumine
1204 4291 1260 4353 tuo
1297 4291 1435 4354 aeterno
1472 4279 1728 4368 obscuraretur,
1764 4303 1827 4376 per

365 4495 366 4500 Ἰ
451 4396 625 4471 audaciam
650 4401 822 4473 tenebrosi
848 4398 933 4470 ilbus
960 4397 1116 4489 rebebis,
1143 4399 1326 4490 misistique
1353 4397 1502 4470 Verbum
1530 4401 1733 4490 unigenitum
1759 4396 1825 4468 Fi-

449 4514 526 4586 lium
554 4523 663 4607 tuum,
698 4514 976 4612 splendoremque
1010 4513 1195 4607 gloriosum
1223 4511 1427 4586 substantiae
1453 4524 1546 4602 tuae,
1580 4518 1614 4584 in
1641 4512 1706 4584 bue
1733 4521 1824 4583 tem-

322 4643 334 4664 ·
450 4653 567 4725 pamm
595 4628 638 4701 nd
665 4610 822 4702 auxilium'
848 4630 994 4722 figmenti
1022 4635 1090 4702 tui:
1127 4632 1182 4724 qui
1212 4633 1246 4700 in
1280 4651 1382 4702 carne
1414 4639 1529 4702 nostra
1561 4629 1701 4702 bumana
1728 4632 1823 4701 visus

451 4755 513 4834 est,
541 4754 575 4818 et
601 4767 703 4841 super
729 4755 850 4818 terram
879 4746 1060 4819 secuudum
1087 4745 1367 4842 dispensationem
1390 4756 1613 4818 conversatus
1635 4754 1687 4820 est
1701 4744 1823 4816 nobis-

452 4884 543 4950 cum,
572 4861 704 4934 domum
732 4873 820 4934 tuam
847 4862 999 4936 mundam
1042 4885 1061 4934 a
1089 4861 1152 4934 diis
1185 4861 1364 4934 obscoenis
1398 4864 1573 4957 purgavit,
1612 4868 1711 4954 atque
1745 4859 1824 4930 col-

449 4975 550 5068 legit:
577 4981 822 5074 imaginemque
849 4991 936 5051 tuam
963 4981 1092 5070 regiam
1120 4975 1287 5052 defossam
1316 4977 1378 5051 sub
1404 4980 1597 5072 passionum
1623 4975 1713 5064 fimo,
1741 4976 1825 5046 eruit

451 5101 484 5161 et
509 5095 651 5181 invenit,
685 5105 719 5168 et
750 5103 878 5166 mentes
912 5093 1078 5168 coelestes
1113 5096 1285 5190 proxbnas
1313 5097 1446 5190 antiquo
1481 5091 1610 5180 lumini,
1645 5093 1822 5187 participes

1523 5210 1604 5284 68*
