4728 6028
726 1134 1328 1318 titutum

457 1469 499 1586 S.
551 1467 902 1586 Jtnnnls
956 1467 1598 1588 EVANGELISTAE.

768 1774 890 1846 Oratio
917 1782 997 1846 onte
1023 1774 1170 1846 cumdum
1193 1777 1302 1867 pocta.

451 1998 634 2072 Sacerdos.
673 1971 831 2076 Dounon
857 1998 951 2073 Deus
977 1998 1073 2070 fortis
1100 2001 1154 2092 qui
1182 2019 1219 2070 es
1235 2001 1357 2068 caritas
1373 2019 1467 2082 vera,
1495 1998 1712 2093 tranquillitos

346 2116 644 2214 imperturbabilis,
671 2127 705 2190 et
730 2141 809 2215 spes
836 2141 922 2214 quae
948 2141 1015 2191 non
1041 2117 1230 2206 conlundit3
1256 2127 1291 2188 tu
1317 2118 1461 2188 Domine
1479 2117 1572 2192 Deus
1598 2129 1714 2215 pater:

346 2234 494 2306 concede
520 2235 628 2306 servis
655 2238 718 2306 tuis
744 2238 833 2323 istis,
868 2239 923 2330 qni
949 2257 1064 2308 coram
1097 2237 1270 2326 majestate
1303 2243 1358 2304 tua
1392 2241 1498 2324 stant,
1530 2237 1714 2322 caritatem,

347 2347 601 2442 benignitatem,
634 2349 899 2446 tranquillitatem
932 2361 965 2423 et
999 2372 1118 2447 pacem
1145 2357 1356 2445 perpetuam,
1394 2359 1428 2421 ct
1453 2360 1588 2444 praesta
1615 2347 1714 2422 nobis

348 2465 518 2555 omnibus,
544 2477 581 2538 ut
606 2488 681 2538 cum
707 2469 846 2564 puritate
873 2467 985 2540 cordis
1013 2476 1060 2538 et.
1073 2469 1247 2539 sanctitate
1280 2469 1422 2553 ammae,
1449 2465 1563 2538 demus
1595 2488 1715 2560 pacem

348 2581 446 2654 nobis
480 2584 624 2654 invicem
659 2585 693 2654 in
728 2583 844 2656 osculo
878 2595 1012 2672 sancto,
1046 2592 1080 2654 et
1106 2581 1286 2678 spirituali,
1319 2581 1406 2676 quod
1432 2581 1564 2677 placeat
1589 2585 1714 2654 nomini

346 2705 403 2770 tuo
430 2710 563 2773 sancto:
591 2709 625 2771 et
651 2697 834 2772 referemus
862 2700 919 2773 tibi
946 2699 1105 2793 gloriam,
1132 2710 1196 2772 etc.

448 2814 609 2908 Populos.
635 2817 755 2888 Amen.
858 2817 1037 2888 Diaconos
1062 2816 1146 2886 dicit
1171 2815 1329 2886 Medimn.

449 2929 624 3003 Sacerdos
651 2931 789 3002 eleoona
814 2955 940 3004 rocem.
975 2931 1019 3004 Et
1036 2953 1123 3004 nunc
1140 2953 1254 3004 coram
1274 2934 1446 3024 majestate
1464 2941 1532 3021 tua,
1558 2933 1714 3023 Domine,

347 3045 540 3118 inclinamus
567 3047 654 3121 colla
680 3050 859 3120 animamm
888 3059 1094 3136 nostrarum,
1121 3058 1155 3120 et
1181 3069 1357 3143 corpomm
1393 3057 1600 3119 nostrorum:
1630 3047 1713 3139 jube

347 3171 381 3234 et
405 3165 497 3236 mitte
524 3163 639 3250 nobis,
676 3164 718 3236 de
745 3164 890 3236 excelsis
924 3165 1082 3256 gloriosis
1118 3167 1296 3238 sanctuarii
1332 3167 1396 3252 tui,
1430 3168 1572 3256 gratiam
1604 3185 1713 3258 prae-

347 3279 488 3368 claram,
526 3278 856 3374 benedictionemque
899 3278 1204 3376 imperturbabilem
1239 3289 1271 3350 et
1307 3279 1572 3366 inamissibilem,
1611 3289 1645 3350 ut
1680 3289 1714 3350 te

346 3394 571 3488 glorificemus
598 3405 631 3466 et
658 3396 859 3482 exaltemus,
896 3397 1163 3489 unigenitumque
1198 3391 1314 3464 Filium
1348 3404 1453 3480 tuum,
1493 3403 1526 3465 et
1557 3394 1712 3489 Spiritum

346 3519 435 3584 mum
462 3514 704 3584 sanctissimum
731 3519 764 3581 et
789 3510 922 3584 bonum.

450 3627 611 3720 Populus.
639 3629 757 3700 Amen.

449 3743 632 3816 Sacerdos.
670 3743 734 3828 Oui
760 3742 878 3814 Filium
915 3754 1036 3838 tuum,¹
1053 3747 1086 3814 in
1112 3742 1178 3814 fine
1205 3752 1388 3835 temporum
1424 3742 1539 3812 misisti
1573 3741 1614 3812 od
1648 3767 1712 3816 sa-

345 3858 444 3932 lutem
472 3872 634 3932 nostram:
661 3864 734 3953 lpse
762 3869 871 3930 autem
898 3863 1056 3955 mysteria
1092 3859 1178 3932 baec
1210 3866 1324 3931 sancta
1359 3868 1392 3928 et
1422 3857 1556 3927 vivifica
1584 3857 1713 3930 tradidit

345 3976 451 4050 nobis.
505 3975 574 4063 Ne,
601 3977 762 4063 Domine,
788 3974 894 4046 iacias
921 3998 982 4047 nos
1010 3977 1138 4048 alienos
1160 3974 1201 4048 ab
1217 3974 1281 4046 boc
1297 3973 1496 4061 ministerio,
1523 3995 1585 4044 nec
1603 3997 1711 4046 aver-

345 4101 396 4164 tas
423 4091 541 4164 facicm
568 4102 657 4162 tuam
685 4116 704 4162 a
731 4091 839 4178 notis,
867 4103 1003 4188 propter
1029 4092 1262 4164 multitudinem
1280 4101 1492 4186 peccatorum
1513 4101 1711 4162 nostrorum.

345 4207 397 4280 'l'u
424 4211 509 4280 enirn
538 4209 648 4294 solus,
676 4218 810 4280 sanctus
838 4230 888 4294 es,
917 4233 990 4280 cnm
1017 4211 1186 4299 unigenito
1215 4207 1298 4278 Filio
1326 4217 1398 4289 tuo,
1436 4220 1469 4279 et
1501 4209 1622 4303 Spiritu
1656 4218 1710 4278 tuo

345 4327 553 4396 sanctissimo
582 4334 616 4395 et
642 4322 742 4396 bono.

448 4440 608 4533 Populus.
635 4442 753 4512 Amen.

449 4555 634 4627 Diaconos.
662 4557 748 4626 Date
775 4557 907 4627 Pacem.

448 4671 607 4764 Populos.
634 4670 886 4744 Misericordiae
916 4672 989 4742 Dei.

447 4787 630 4859 Sacerdos.
659 4787 790 4862 Caritas
817 4789 944 4874 Panis,
973 4795 1035 4856 etc.

447 4904 606 4997 Populos.
633 4905 752 4976 Amen.

447 5019 630 5092 Sacerdos.
658 5021 795 5093 Sursum
824 5007 936 5092 corda.

394 5159 481 5202 Tollius
495 5160 517 5202 Π.
