4782 6068
692 609 750 685 Ab
782 605 1000 685 NESTORII
1030 605 1296 685 LITURGIAM.
1609 608 1685 682 633

314 789 482 854 simileest:
505 789 571 852 sive
584 809 652 854 enm
667 810 755 873 quem
773 793 860 874 primi
882 793 961 856 illius
984 799 1088 856 sectae
1102 789 1273 869 Antistites,
1296 797 1456 872 postquam
1478 793 1687 857 secessionem

314 889 352 952 ab
383 887 521 952 Ecclesia
550 888 702 970 lecerunt,
733 893 795 955 suis
826 890 1007 973 sequacibus
1035 891 1267 968 ordinaverunt,
1298 889 1379 970 quod
1409 891 1532 976 longius
1562 911 1579 956 a
1609 911 1686 956 vero

314 987 424 1052 abesse
447 987 576 1053 videtur.
620 989 696 1053 Nam
717 991 896 1055 Haereticos
919 999 1054 1054 veterum
1077 989 1279 1068 saeculorum,
1302 989 1329 1052 si
1352 1009 1406 1054 eos
1430 993 1612 1074 excipimus,
1635 995 1687 1073 qui

314 1086 475 1151 Christiani
497 1089 557 1153 dici
578 1091 630 1152 vix
652 1097 798 1173 possunt,
825 1090 960 1154 videmus
991 1091 1168 1171 disciplinae
1197 1088 1371 1152 adhaesisse
1393 1107 1454 1153 non
1477 1091 1573 1153 minus
1597 1109 1686 1173 quam

232 1249 239 1258 ,
314 1187 527 1266 orthodoxos,
557 1191 646 1251 etiam
674 1171 742 1253 cuni
768 1190 805 1253 ab
828 1191 965 1254 Ecclesia
986 1190 1185 1266 recederent,
1213 1187 1324 1251 inillis
1348 1206 1426 1268 quae
1448 1187 1540 1252 fidem
1559 1198 1687 1272 specta-

312 1285 400 1350 bant:
419 1287 569 1368 jactantes
590 1289 708 1351 interea
729 1289 868 1353 traditam
890 1307 907 1352 a
929 1289 1092 1371 majoribus
1114 1307 1149 1352 se
1170 1287 1248 1350 illam
1271 1305 1414 1351 servare:
1438 1307 1505 1351 cum
1528 1287 1687 1352 Orthodo-

313 1403 372 1450 xos
401 1387 542 1450 novimtis
576 1397 764 1452 accusarent.
816 1389 921 1470 ltaque
952 1389 1144 1468 Nestorium,
1175 1390 1241 1451 sive
1273 1389 1386 1470 primos
1420 1389 1485 1470 ejus
1519 1389 1683 1471 discipulos

313 1504 424 1550 novam
453 1505 608 1550 sacrorum
636 1485 762 1552 sormam
792 1489 955 1552 instituisse
984 1507 1045 1552 non
1074 1497 1122 1552 est
1149 1488 1328 1552 verisimile:
1359 1488 1413 1562 sed
1436 1507 1494 1552 neo
1515 1491 1583 1572 ipse
1604 1490 1684 1552 illius

314 1583 469 1671 bitorgiae
492 1594 580 1650 autor
601 1588 735 1668 videtur,
766 1588 837 1652 licet
866 1607 978 1651 nomen
1006 1589 1072 1671 ejus
1099 1587 1271 1670 praeierat,
1301 1593 1353 1650 aut
1379 1588 1420 1650 ita
1449 1589 1686 1652 existimaverint

314 1687 480 1766 scriptores
503 1687 616 1768 aliquot
639 1687 822 1767 Nestorium,
845 1705 973 1769 quorum
995 1688 1026 1749 in
1048 1687 1140 1750 rebus
1163 1687 1240 1750 adeo
1261 1695 1397 1768 remotae
1420 1689 1602 1772 antiquitatis
1625 1708 1686 1752 au-

313 1787 420 1848 toritas
449 1786 531 1850 nulla
559 1797 615 1851 est
658 1786 789 1867 Antiqua
820 1795 920 1850 tamen
947 1793 1011 1864 est,
1041 1794 1071 1849 et
1094 1804 1132 1850 eo
1155 1787 1284 1849 mamma
1306 1787 1426 1850 nomine
1449 1788 1684 1851 commendanda

314 1884 395 1964 quod
425 1885 456 1947 in
484 1905 521 1950 ea
550 1884 697 1968 quaedam
725 1893 829 1949 extant
855 1886 968 1949 veteris
991 1883 1339 1968 Constantinopolitanae
1361 1886 1516 1978 Litorgiae
1543 1889 1684 1971 vestigia,

314 1991 347 2046 ut
369 2003 425 2048 suo
448 1984 517 2047 loco
539 1983 717 2048 notabimus.

640 2313 675 2386 2.
710 2313 751 2385 ln
776 2313 897 2408 cipilio
921 2313 1111 2386 Doctorum
1138 2315 1359 2389 Graecorum.
1454 2297 1456 2302 ’

414 2509 540 2588 Fssruu
570 2519 646 2581 diem
680 2525 774 2600 agunt
802 2511 992 2589 Nestorium,
1022 2517 1097 2582 leria
1126 2526 1214 2582 sexta
1243 2518 1438 2584 hebdomadis
1471 2523 1591 2603 quintae
1614 2529 1685 2604 post

312 2623 520 2707 Epiphaniam,
543 2622 836 2686 commemorationis
858 2621 1023 2685 Doctorum
1046 2623 1243 2703 Graecorum,
1266 2624 1317 2704 qui
1339 2630 1409 2688 suut
1430 2624 1583 2688 Diodorus
1607 2627 1686 2689 'lar-

313 2726 423 2801 seusis,
446 2723 625 2786 Theodorus
647 2723 892 2803 Mopsuestenus,
916 2727 946 2784 et
958 2720 1129 2802 Nestorius,
1152 2731 1185 2787 ut
1207 2723 1349 2787 discimus
1372 2743 1413 2787 ex
1434 2724 1547 2806 insigni
1560 2725 1686 2790 Lectio-

313 2825 399 2886 nariu
423 2823 557 2896 Persico,
580 2821 618 2883 ad
640 2838 726 2883 usum
739 2820 976 2884 Christianorum
986 2821 1130 2902 Persidis,
1153 2823 1204 2905 qui
1226 2839 1323 2905 prope
1346 2823 1685 2889 omnesinNestoriana

312 2921 433 2986 haeresi
460 2929 529 2985 suot
559 2939 575 2983 a
606 2920 704 2983 multis
734 2920 872 2983 saeculis.
915 2919 1031 3002 Nempe
1060 2921 1226 2985 doctrinam
1254 2922 1374 2986 illorum
1403 2921 1442 2984 de
1468 2922 1685 2989 lncamationis

313 3020 475 3102 mysterio,
503 3028 643 3101 tanquam
666 3021 828 3100 antiquitus
849 3027 1019 3099 receptam,
1049 3027 1155 3083 tenere
1177 3039 1212 3085 se
1235 3021 1423 3104 profitentur.
1468 3022 1542 3085 Eam
1564 3041 1685 3106 quoque

315 3139 333 3182 a
356 3119 472 3183 duobus
501 3119 605 3200 primis
627 3117 800 3182 Nestorium
822 3116 979 3195 didicisse,
1008 3137 1069 3182 non
1096 3119 1185 3183 modo
1207 3119 1371 3203 Dionysius
1394 3120 1542 3184 Barsalibi
1564 3124 1686 3203 scripsit

314 3221 347 3283 in
378 3238 473 3301 opere
504 3218 650 3281 adversus
681 3227 793 3282 sectam
822 3217 917 3295 illam,
947 3218 1001 3282 sed
1029 3219 1079 3282 alii
1107 3221 1193 3282 etiam
1223 3221 1274 3301 qui
1296 3220 1430 3284 eamdem
1453 3219 1584 3302 professi
1607 3230 1685 3286 sunt.

316 3320 450 3384 Graecos
473 3319 542 3382 illos
565 3324 692 3396 vocant,
716 3318 785 3400 quia
808 3316 924 3380 Graece
946 3319 1150 3399 scripserunt,
1179 3326 1210 3381 et
1230 3317 1399 3383 lloruerunt
1420 3321 1451 3382 in
1472 3319 1532 3383 illis
1555 3321 1686 3384 Provin-

315 3420 386 3498 ciis,
409 3419 460 3482 ubi
483 3417 600 3482 Graeca
622 3418 724 3500 lingua
746 3417 962 3499 usurpabatur:
985 3435 1053 3480 cum
1075 3416 1171 3499 Syros
1193 3418 1299 3482 Patres
1320 3433 1376 3482 seu
1397 3419 1547 3483 Doctores
1570 3421 1686 3501 appel-

313 3517 388 3599 lent,
412 3536 468 3583 eos
490 3520 541 3600 qul
557 3517 682 3600 Syriaco
704 3516 902 3598 scripserunt,
924 3519 990 3582 sive
1012 3517 1146 3580 vinerint
1167 3518 1224 3580 sub
1246 3517 1480 3598 Imperatoribus
1497 3517 1686 3598 Christianis,

314 3619 380 3682 sive
403 3618 460 3681 sub
479 3619 593 3682 *ultimis
614 3618 773 3681 Persarum
796 3616 940 3700 Regibus.
963 3617 1039 3682 Sunt
1061 3604 1161 3680 antem
1176 3617 1280 3680 Patres
1303 3617 1373 3699 Syri
1395 3618 1523 3700 duplicis
1545 3619 1685 3702 generis:

313 3717 403 3798 primi
431 3719 511 3780 euim
539 3715 590 3791 ut
606 3715 807 3780 universalem
836 3714 1003 3778 Ecclesiam
1032 3716 1200 3799 pertinent,
1230 3724 1261 3779 et
1283 3715 1452 3781 Orthodoxi
1482 3716 1623 3796 luerunt,
1653 3725 1687 3781 ut

314 3813 462 3895 Ephrem,
491 3815 624 3879 lacobus
647 3811 808 3879 Nisibenus
830 3821 862 3878 et
884 3815 950 3892 alii,
982 3834 1059 3897 quos
1082 3815 1138 3878 sibi
1169 3816 1349 3896 attribuunt,
1380 3837 1442 3881 non
1470 3819 1567 3880 minus
1598 3835 1685 3899 quam

314 3921 360 3978 tot
389 3924 510 3979 sanctos
540 3913 742 3996 Ctesiphontis
771 3923 802 3976 et
831 3915 987 3978 Seleuciae
1015 3914 1201 3998 Episcopus,
1231 3916 1381 3999 Martyres
1412 3925 1444 3980 et
1474 3917 1686 3983 Conlessores.

314 4013 413 4077 Alteri
445 4021 604 4097 postquam
637 4015 732 4076 scissa
766 4021 814 4076 est
842 4013 998 4090 Ecclesia,
1030 4015 1251 4095 germanissimi
1280 4015 1453 4079 Nestoriani
1481 4015 1620 4095 luerunt,
1654 4025 1687 4079 nt

314 4111 444 4190 Narses,
473 4111 640 4192 Abraham,
671 4113 846 4177 llormisdas
869 4113 971 4177 etalii
993 4113 1076 4176 multi
1099 4113 1268 4196 dequibus
1291 4122 1374 4179 extat
1395 4115 1557 4179 Decretum
1579 4116 1686 4180 Diam-

314 4214 454 4294 perensis
477 4211 609 4296 synodi,
638 4221 671 4276 ut
700 4214 843 4278 memoria
865 4231 970 4276 eorum
994 4231 1034 4276 ex
1054 4211 1212 4296 Diptychis
1234 4215 1370 4290 tollatur;
1400 4217 1535 4296 quamvis
1566 4217 1684 4279 nomina

315 4315 543 4395 corruptissima
565 4314 634 4378 sint.
680 4314 826 4396 Syrorum
848 4313 969 4400 latrum
992 4312 1099 4376 testum
1122 4305 1294 4377 celebratur
1315 4314 1392 4378 teria
1414 4323 1501 4378 sexto
1524 4323 1595 4396 post
1608 4315 1685 4396 Epi-

315 4411 466 4493 phaniam,
490 4431 531 4476 ex
552 4414 660 4477 codem
681 4413 889 4488 Lectionari03
912 4411 993 4496 quod
1016 4412 1210 4476 observatum
1231 4431 1353 4496 quoque
1375 4423 1424 4478 est
1446 4434 1463 4477 a
1486 4414 1596 4478 Fausto
1609 4415 1685 4478 Nai-

315 4526 392 4573 rono
414 4511 571 4575 Maronita.

718 4809 753 4879 3.
796 4807 918 4880 Oratio
945 4813 1026 4878 aare
1051 4805 1195 4895 Altero,
1222 4814 1287 4880 etc.

408 4996 501 5076 llaec
530 5009 650 5073 rubrica
685 5010 776 5072 multa
803 5011 915 5074 omissa
942 5027 1012 5073 esse
1038 5009 1203 5093 significat,
1232 5027 1331 5092 caqre
1359 5029 1400 5074 ex
1428 5011 1524 5094 prima
1549 5013 1685 5097 Litnrgia

316 5113 380 5197 peti
403 5111 523 5194 debent,
546 5130 624 5196 quae
637 5111 741 5176 Canon
764 5111 947 5196 reliquarum
970 5119 1027 5195 est,
1050 5131 1116 5178 cnm
1139 5114 1239 5178 statim
1261 5121 1403 5178 occurrat
1423 5114 1583 5198 praelatio,
1605 5133 1685 5200 quae
