<?xml version="1.0" encoding="UTF-8"?>
<!DOCTYPE html PUBLIC "-//W3C//DTD XHTML 1.0 Transitional//EN"
    "http://www.w3.org/TR/xhtml1/DTD/xhtml1-transitional.dtd">
<html xmlns="http://www.w3.org/1999/xhtml" xml:lang="en" lang="en">
 <head>
  <title>
</title>
<meta http-equiv="Content-Type" content="text/html;charset=utf-8" />
  <meta name='ocr-system' content='tesseract 3.04.00' />
  <meta name='ocr-capabilities' content='ocr_page ocr_carea ocr_par ocr_line ocrx_word'/>
</head>
<body>
  <div class='ocr_page' id='page_1' title='image "./liturgiarumorie04renagoog_0459.png"; bbox 0 0 4784 6040; ppageno 0'>
   <div class='ocr_carea' id='block_1_1' title="bbox 699 583 1565 660">
    <p class='ocr_par' dir='ltr' id='par_1_1' title="bbox 699 583 1565 660">
     <span class='ocr_line' id='line_1_1' title="bbox 699 583 1565 660; baseline -0.001 -2"><span class='ocrx_word' id='word_1_1' title='bbox 699 583 776 658; x_wconf 83' lang='lat'><strong>422</strong></span> <span class='ocrx_word' id='word_1_2' title='bbox 1204 583 1565 660; x_wconf 83' lang='lat' dir='ltr'>LITURGIA</span> 
     </span>
    </p>
   </div>
   <div class='ocr_carea' id='block_1_2' title="bbox 697 767 2078 2943">
    <p class='ocr_par' dir='ltr' id='par_1_2' title="bbox 697 767 2078 2710">
     <span class='ocr_line' id='line_1_2' title="bbox 697 767 2078 867; baseline -0.003 -23"><span class='ocrx_word' id='word_1_3' title='bbox 697 777 830 867; x_wconf 83' lang='lat' dir='ltr'><strong>pertas,</strong></span> <span class='ocrx_word' id='word_1_4' title='bbox 867 772 921 864; x_wconf 93' lang='lat' dir='ltr'><strong>qui</strong></span> <span class='ocrx_word' id='word_1_5' title='bbox 948 779 1115 842; x_wconf 86' lang='lat' dir='ltr'><strong>vetustate</strong></span> <span class='ocrx_word' id='word_1_6' title='bbox 1149 771 1350 840; x_wconf 75' lang='lat' dir='ltr'><strong>existentiae</strong></span> <span class='ocrx_word' id='word_1_7' title='bbox 1382 767 1575 861; x_wconf 85' lang='lat' dir='ltr'><strong>dignitatem</strong></span> <span class='ocrx_word' id='word_1_8' title='bbox 1609 767 1733 840; x_wconf 90' lang='lat' dir='ltr'><strong>babent</strong></span> <span class='ocrx_word' id='word_1_9' title='bbox 1769 778 1803 840; x_wconf 91' lang='lat' dir='ltr'><strong>et</strong></span> <span class='ocrx_word' id='word_1_10' title='bbox 1835 779 1998 865; x_wconf 92' lang='lat' dir='ltr'><strong>perpetua</strong></span> <span class='ocrx_word' id='word_1_11' title='bbox 2035 768 2078 840; x_wconf 91' lang='lat' dir='ltr'><strong>ad</strong></span> 
     </span>
     <span class='ocr_line' id='line_1_3' title="bbox 698 882 2074 978; baseline -0.002 -19"><span class='ocrx_word' id='word_1_12' title='bbox 698 909 831 959; x_wconf 89' lang='lat' dir='ltr'><strong>omnem</strong></span> <span class='ocrx_word' id='word_1_13' title='bbox 858 885 985 978; x_wconf 90' lang='lat' dir='ltr'><strong>horam,</strong></span> <span class='ocrx_word' id='word_1_14' title='bbox 1012 895 1089 957; x_wconf 93' lang='lat' dir='ltr'><strong>ante</strong></span> <span class='ocrx_word' id='word_1_15' title='bbox 1115 884 1268 956; x_wconf 91' lang='lat' dir='ltr'><strong>thronum</strong></span> <span class='ocrx_word' id='word_1_16' title='bbox 1303 882 1435 976; x_wconf 89' lang='lat' dir='ltr'><strong>gloriae</strong></span> <span class='ocrx_word' id='word_1_17' title='bbox 1468 893 1545 956; x_wconf 91' lang='lat' dir='ltr'><strong>tuae</strong></span> <span class='ocrx_word' id='word_1_18' title='bbox 1572 883 1730 956; x_wconf 88' lang='lat' dir='ltr'><strong>infinitum</strong></span> <span class='ocrx_word' id='word_1_19' title='bbox 1767 887 1984 957; x_wconf 78' lang='lat' dir='ltr'><strong>consistentia</strong></span> <span class='ocrx_word' id='word_1_20' title='bbox 2010 883 2074 956; x_wconf 87' lang='lat' dir='ltr'><strong>illis</strong></span> 
     </span>
     <span class='ocr_line' id='line_1_4' title="bbox 698 998 2074 1098; baseline -0.001 -25"><span class='ocrx_word' id='word_1_21' title='bbox 698 1005 866 1098; x_wconf 89' lang='lat' dir='ltr'><strong>competit.</strong></span> <span class='ocrx_word' id='word_1_22' title='bbox 920 1001 984 1073; x_wconf 90' lang='lat' dir='ltr'><strong>Hic</strong></span> <span class='ocrx_word' id='word_1_23' title='bbox 1010 999 1101 1074; x_wconf 88' lang='lat' dir='ltr'><strong>solus</strong></span> <span class='ocrx_word' id='word_1_24' title='bbox 1128 999 1193 1072; x_wconf 91' lang='lat' dir='ltr'><strong>illis</strong></span> <span class='ocrx_word' id='word_1_25' title='bbox 1220 999 1314 1072; x_wconf 90' lang='lat' dir='ltr'><strong>cibus</strong></span> <span class='ocrx_word' id='word_1_26' title='bbox 1342 1011 1403 1086; x_wconf 85' lang='lat' dir='ltr'><strong>est,</strong></span> <span class='ocrx_word' id='word_1_27' title='bbox 1431 1010 1468 1071; x_wconf 91' lang='lat' dir='ltr'><strong>ut</strong></span> <span class='ocrx_word' id='word_1_28' title='bbox 1494 1009 1527 1070; x_wconf 91' lang='lat' dir='ltr'><strong>te</strong></span> <span class='ocrx_word' id='word_1_29' title='bbox 1553 998 1753 1092; x_wconf 88' lang='lat' dir='ltr'><strong>glorificent,</strong></span> <span class='ocrx_word' id='word_1_30' title='bbox 1781 1007 1815 1070; x_wconf 91' lang='lat' dir='ltr'><strong>te</strong></span> <span class='ocrx_word' id='word_1_31' title='bbox 1840 998 1970 1072; x_wconf 85' lang='lat' dir='ltr'><strong>honore</strong></span> <span class='ocrx_word' id='word_1_32' title='bbox 1997 1000 2074 1072; x_wconf 88' lang='lat' dir='ltr'><strong>affi-</strong></span> 
     </span>
     <span class='ocr_line' id='line_1_5' title="bbox 698 1113 2075 1211; baseline -0.002 -23"><span class='ocrx_word' id='word_1_33' title='bbox 698 1121 798 1207; x_wconf 88' lang='lat' dir='ltr'><strong>ciant,</strong></span> <span class='ocrx_word' id='word_1_34' title='bbox 825 1126 859 1188; x_wconf 90' lang='lat' dir='ltr'><strong>te</strong></span> <span class='ocrx_word' id='word_1_35' title='bbox 884 1115 1038 1206; x_wconf 88' lang='lat' dir='ltr'><strong>laudent,</strong></span> <span class='ocrx_word' id='word_1_36' title='bbox 1066 1125 1100 1186; x_wconf 85' lang='lat' dir='ltr'><strong>et</strong></span> <span class='ocrx_word' id='word_1_37' title='bbox 1125 1138 1187 1211; x_wconf 89' lang='lat' dir='ltr'><strong>per</strong></span> <span class='ocrx_word' id='word_1_38' title='bbox 1212 1114 1358 1211; x_wconf 75' lang='lat' dir='ltr'><strong>hymnos</strong></span> <span class='ocrx_word' id='word_1_39' title='bbox 1394 1124 1427 1187; x_wconf 86' lang='lat' dir='ltr'><strong>te</strong></span> <span class='ocrx_word' id='word_1_40' title='bbox 1459 1114 1688 1207; x_wconf 78' lang='lat' dir='ltr'><strong>magnificent,</strong></span> <span class='ocrx_word' id='word_1_41' title='bbox 1722 1117 1776 1208; x_wconf 92' lang='lat' dir='ltr'><strong>qui</strong></span> <span class='ocrx_word' id='word_1_42' title='bbox 1816 1137 1926 1210; x_wconf 89' lang='lat' dir='ltr'><strong>neque</strong></span> <span class='ocrx_word' id='word_1_43' title='bbox 1959 1113 2075 1195; x_wconf 88' lang='lat' dir='ltr'><strong>verbis</strong></span> 
     </span>
     <span class='ocr_line' id='line_1_6' title="bbox 705 1229 2077 1328; baseline -0.001 -25"><span class='ocrx_word' id='word_1_44' title='bbox 705 1237 867 1328; x_wconf 81' lang='lat' dir='ltr'><strong>exprimi,</strong></span> <span class='ocrx_word' id='word_1_45' title='bbox 913 1254 1023 1326; x_wconf 91' lang='lat' dir='ltr'><strong>neque</strong></span> <span class='ocrx_word' id='word_1_46' title='bbox 1062 1231 1230 1303; x_wconf 88' lang='lat' dir='ltr'><strong>intellectu</strong></span> <span class='ocrx_word' id='word_1_47' title='bbox 1272 1229 1508 1328; x_wconf 83' lang='lat' dir='ltr'><strong>comprehendi</strong></span> <span class='ocrx_word' id='word_1_48' title='bbox 1550 1240 1700 1325; x_wconf 86' lang='lat' dir='ltr'><strong>possunt.</strong></span> <span class='ocrx_word' id='word_1_49' title='bbox 1766 1230 1840 1302; x_wconf 92' lang='lat' dir='ltr'><strong>Nos</strong></span> <span class='ocrx_word' id='word_1_50' title='bbox 1878 1241 1988 1302; x_wconf 91' lang='lat' dir='ltr'><strong>autem</strong></span> <span class='ocrx_word' id='word_1_51' title='bbox 2021 1229 2077 1302; x_wconf 87' lang='lat' dir='ltr'><strong>fibi</strong></span> 
     </span>
     <span class='ocr_line' id='line_1_7' title="bbox 698 1344 2076 1438; baseline -0.001 -19"><span class='ocrx_word' id='word_1_52' title='bbox 698 1359 820 1436; x_wconf 88' lang='lat' dir='ltr'><strong>terrae,</strong></span> <span class='ocrx_word' id='word_1_53' title='bbox 848 1346 969 1420; x_wconf 92' lang='lat' dir='ltr'><strong>divites</strong></span> <span class='ocrx_word' id='word_1_54' title='bbox 997 1350 1213 1421; x_wconf 88' lang='lat' dir='ltr'><strong>sacramentis</strong></span> <span class='ocrx_word' id='word_1_55' title='bbox 1241 1349 1412 1418; x_wconf 89' lang='lat' dir='ltr'><strong>ministerii</strong></span> <span class='ocrx_word' id='word_1_56' title='bbox 1438 1345 1517 1417; x_wconf 91' lang='lat' dir='ltr'><strong>lacti</strong></span> <span class='ocrx_word' id='word_1_57' title='bbox 1545 1368 1667 1418; x_wconf 91' lang='lat' dir='ltr'><strong>sumus.</strong></span> <span class='ocrx_word' id='word_1_58' title='bbox 1720 1344 1765 1417; x_wconf 90' lang='lat' dir='ltr'><strong>Ut</strong></span> <span class='ocrx_word' id='word_1_59' title='bbox 1792 1357 1900 1418; x_wconf 89' lang='lat' dir='ltr'><strong>autem</strong></span> <span class='ocrx_word' id='word_1_60' title='bbox 1928 1345 2076 1438; x_wconf 87' lang='lat' dir='ltr'><strong>tigmen-</strong></span> 
     </span>
     <span class='ocr_line' id='line_1_8' title="bbox 698 1458 2076 1558; baseline -0.002 -23"><span class='ocrx_word' id='word_1_61' title='bbox 698 1474 766 1535; x_wconf 85' lang='lat' dir='ltr'><strong>tum</strong></span> <span class='ocrx_word' id='word_1_62' title='bbox 799 1462 864 1536; x_wconf 94' lang='lat' dir='ltr'><strong>hoc</strong></span> <span class='ocrx_word' id='word_1_63' title='bbox 897 1463 1088 1552; x_wconf 91' lang='lat' dir='ltr'><strong>materiale,</strong></span> <span class='ocrx_word' id='word_1_64' title='bbox 1121 1472 1275 1534; x_wconf 90' lang='lat' dir='ltr'><strong>creatura</strong></span> <span class='ocrx_word' id='word_1_65' title='bbox 1308 1462 1435 1535; x_wconf 87' lang='lat' dir='ltr'><strong>scilicet</strong></span> <span class='ocrx_word' id='word_1_66' title='bbox 1470 1458 1657 1550; x_wconf 89' lang='lat' dir='ltr'><strong>sensibilis,</strong></span> <span class='ocrx_word' id='word_1_67' title='bbox 1697 1482 1761 1532; x_wconf 88' lang='lat' dir='ltr'><strong>nec</strong></span> <span class='ocrx_word' id='word_1_68' title='bbox 1794 1462 1973 1558; x_wconf 90' lang='lat' dir='ltr'><strong>spiritualis</strong></span> <span class='ocrx_word' id='word_1_69' title='bbox 2008 1483 2076 1533; x_wconf 93' lang='lat' dir='ltr'><strong>non</strong></span> 
     </span>
     <span class='ocr_line' id='line_1_9' title="bbox 698 1575 2075 1676; baseline -0.004 -25"><span class='ocrx_word' id='word_1_70' title='bbox 698 1585 890 1676; x_wconf 84' lang='lat' dir='ltr'><strong>privaretur</strong></span> <span class='ocrx_word' id='word_1_71' title='bbox 916 1580 1035 1652; x_wconf 88' lang='lat' dir='ltr'><strong>eodem</strong></span> <span class='ocrx_word' id='word_1_72' title='bbox 1064 1579 1256 1675; x_wconf 78' lang='lat' dir='ltr'><strong>splendore,</strong></span> <span class='ocrx_word' id='word_1_73' title='bbox 1284 1581 1436 1672; x_wconf 91' lang='lat' dir='ltr'><strong>quamvis</strong></span> <span class='ocrx_word' id='word_1_74' title='bbox 1463 1600 1639 1650; x_wconf 89' lang='lat' dir='ltr'><strong>commune</strong></span> <span class='ocrx_word' id='word_1_75' title='bbox 1672 1576 1752 1648; x_wconf 92' lang='lat' dir='ltr'><strong>nihil</strong></span> <span class='ocrx_word' id='word_1_76' title='bbox 1777 1576 1937 1665; x_wconf 90' lang='lat' dir='ltr'><strong>baberet,</strong></span> <span class='ocrx_word' id='word_1_77' title='bbox 1972 1575 2075 1647; x_wconf 94' lang='lat' dir='ltr'><strong>nihil-</strong></span> 
     </span>
     <span class='ocr_line' id='line_1_10' title="bbox 700 1691 2075 1791; baseline -0.003 -24"><span class='ocrx_word' id='word_1_78' title='bbox 700 1718 766 1790; x_wconf 89' lang='lat' dir='ltr'><strong>que</strong></span> <span class='ocrx_word' id='word_1_79' title='bbox 799 1695 882 1767; x_wconf 90' lang='lat' dir='ltr'><strong>lucis</strong></span> <span class='ocrx_word' id='word_1_80' title='bbox 918 1694 1022 1784; x_wconf 89' lang='lat' dir='ltr'><strong>illius,</strong></span> <span class='ocrx_word' id='word_1_81' title='bbox 1059 1705 1093 1765; x_wconf 91' lang='lat' dir='ltr'><strong>et</strong></span> <span class='ocrx_word' id='word_1_82' title='bbox 1126 1704 1204 1791; x_wconf 91' lang='lat' dir='ltr'><strong>post</strong></span> <span class='ocrx_word' id='word_1_83' title='bbox 1228 1692 1336 1764; x_wconf 88' lang='lat' dir='ltr'><strong>breve</strong></span> <span class='ocrx_word' id='word_1_84' title='bbox 1370 1704 1500 1789; x_wconf 90' lang='lat' dir='ltr'><strong>tempus</strong></span> <span class='ocrx_word' id='word_1_85' title='bbox 1527 1691 1758 1764; x_wconf 90' lang='lat' dir='ltr'><strong>intereundum</strong></span> <span class='ocrx_word' id='word_1_86' title='bbox 1785 1694 1848 1787; x_wconf 91' lang='lat' dir='ltr'><strong>ipsi</strong></span> <span class='ocrx_word' id='word_1_87' title='bbox 1883 1692 1989 1781; x_wconf 88' lang='lat' dir='ltr'><strong>foret,</strong></span> <span class='ocrx_word' id='word_1_88' title='bbox 2022 1714 2075 1764; x_wconf 89' lang='lat' dir='ltr'><strong>mc</strong></span> 
     </span>
     <span class='ocr_line' id='line_1_11' title="bbox 700 1807 2077 1905; baseline -0.003 -23"><span class='ocrx_word' id='word_1_89' title='bbox 700 1811 821 1882; x_wconf 93' lang='lat' dir='ltr'><strong>animal</strong></span> <span class='ocrx_word' id='word_1_90' title='bbox 854 1810 1016 1882; x_wconf 85' lang='lat' dir='ltr'><strong>rationale</strong></span> <span class='ocrx_word' id='word_1_91' title='bbox 1050 1812 1247 1881; x_wconf 90' lang='lat' dir='ltr'><strong>constituisti</strong></span> <span class='ocrx_word' id='word_1_92' title='bbox 1274 1832 1319 1880; x_wconf 92' lang='lat' dir='ltr'><strong>ex</strong></span> <span class='ocrx_word' id='word_1_93' title='bbox 1347 1811 1454 1880; x_wconf 91' lang='lat' dir='ltr'><strong>anima</strong></span> <span class='ocrx_word' id='word_1_94' title='bbox 1492 1807 1696 1900; x_wconf 82' lang='lat' dir='ltr'><strong>intelligente</strong></span> <span class='ocrx_word' id='word_1_95' title='bbox 1731 1817 1765 1878; x_wconf 90' lang='lat' dir='ltr'><strong>et</strong></span> <span class='ocrx_word' id='word_1_96' title='bbox 1797 1831 1943 1905; x_wconf 91' lang='lat' dir='ltr'><strong>corpore</strong></span> <span class='ocrx_word' id='word_1_97' title='bbox 1976 1808 2077 1880; x_wconf 90' lang='lat' dir='ltr'><strong>valde</strong></span> 
     </span>
     <span class='ocr_line' id='line_1_12' title="bbox 700 1923 2076 2022; baseline -0.004 -24"><span class='ocrx_word' id='word_1_98' title='bbox 700 1925 873 2011; x_wconf 90' lang='lat' dir='ltr'><strong>materiali,</strong></span> <span class='ocrx_word' id='word_1_99' title='bbox 902 1948 1088 2022; x_wconf 90' lang='lat' dir='ltr'><strong>perquam</strong></span> <span class='ocrx_word' id='word_1_100' title='bbox 1116 1935 1150 1996; x_wconf 91' lang='lat' dir='ltr'><strong>ut</strong></span> <span class='ocrx_word' id='word_1_101' title='bbox 1175 1923 1377 2016; x_wconf 89' lang='lat' dir='ltr'><strong>intelligens,</strong></span> <span class='ocrx_word' id='word_1_102' title='bbox 1405 1932 1438 1994; x_wconf 94' lang='lat' dir='ltr'><strong>et</strong></span> <span class='ocrx_word' id='word_1_103' title='bbox 1465 1923 1583 1995; x_wconf 92' lang='lat' dir='ltr'><strong>videns</strong></span> <span class='ocrx_word' id='word_1_104' title='bbox 1611 1945 1723 1996; x_wconf 92' lang='lat' dir='ltr'><strong>essem</strong></span> <span class='ocrx_word' id='word_1_105' title='bbox 1744 1923 1876 2013; x_wconf 88' lang='lat' dir='ltr'><strong>lecisti;</strong></span> <span class='ocrx_word' id='word_1_106' title='bbox 1904 1923 2076 1996; x_wconf 88' lang='lat' dir='ltr'><strong>mortalem</strong></span> 
     </span>
     <span class='ocr_line' id='line_1_13' title="bbox 701 2037 2077 2134; baseline -0.002 -23"><span class='ocrx_word' id='word_1_107' title='bbox 701 2051 735 2111; x_wconf 89' lang='lat' dir='ltr'><strong>et</strong></span> <span class='ocrx_word' id='word_1_108' title='bbox 761 2041 991 2127; x_wconf 89' lang='lat' dir='ltr'><strong>immortalem,</strong></span> <span class='ocrx_word' id='word_1_109' title='bbox 1020 2064 1065 2111; x_wconf 93' lang='lat' dir='ltr'><strong>ex</strong></span> <span class='ocrx_word' id='word_1_110' title='bbox 1093 2037 1220 2112; x_wconf 90' lang='lat' dir='ltr'><strong>duabus</strong></span> <span class='ocrx_word' id='word_1_111' title='bbox 1249 2041 1424 2112; x_wconf 86' lang='lat' dir='ltr'><strong>contrariis</strong></span> <span class='ocrx_word' id='word_1_112' title='bbox 1451 2061 1549 2109; x_wconf 93' lang='lat' dir='ltr'><strong>unam</strong></span> <span class='ocrx_word' id='word_1_113' title='bbox 1572 2047 1722 2110; x_wconf 90' lang='lat' dir='ltr'><strong>naturam</strong></span> <span class='ocrx_word' id='word_1_114' title='bbox 1750 2039 1937 2128; x_wconf 90' lang='lat' dir='ltr'><strong>indivisam,</strong></span> <span class='ocrx_word' id='word_1_115' title='bbox 1964 2049 2000 2110; x_wconf 91' lang='lat' dir='ltr'><strong>ut</strong></span> <span class='ocrx_word' id='word_1_116' title='bbox 2013 2061 2077 2134; x_wconf 93' lang='lat' dir='ltr'><strong>per</strong></span> 
     </span>
     <span class='ocr_line' id='line_1_14' title="bbox 699 2153 2075 2251; baseline -0.001 -25"><span class='ocrx_word' id='word_1_117' title='bbox 699 2156 789 2229; x_wconf 90' lang='lat' dir='ltr'><strong>illam</strong></span> <span class='ocrx_word' id='word_1_118' title='bbox 835 2160 1068 2249; x_wconf 83' lang='lat' dir='ltr'><strong>cognationem</strong></span> <span class='ocrx_word' id='word_1_119' title='bbox 1110 2156 1312 2251; x_wconf 89' lang='lat' dir='ltr'><strong>spiritualem</strong></span> <span class='ocrx_word' id='word_1_120' title='bbox 1350 2164 1489 2227; x_wconf 89' lang='lat' dir='ltr'><strong>naturae</strong></span> <span class='ocrx_word' id='word_1_121' title='bbox 1533 2153 1780 2243; x_wconf 89' lang='lat' dir='ltr'><strong>intellectualis,</strong></span> <span class='ocrx_word' id='word_1_122' title='bbox 1822 2177 1896 2227; x_wconf 90' lang='lat' dir='ltr'><strong>cum</strong></span> <span class='ocrx_word' id='word_1_123' title='bbox 1932 2175 2075 2248; x_wconf 92' lang='lat' dir='ltr'><strong>superna</strong></span> 
     </span>
     <span class='ocr_line' id='line_1_15' title="bbox 699 2253 2075 2367; baseline -0.002 -23"><span class='ocrx_word' id='word_1_124' title='bbox 699 2271 754 2344; x_wconf 90' lang='lat' dir='ltr'><strong>illa</strong></span> <span class='ocrx_word' id='word_1_125' title='bbox 781 2271 1020 2367; x_wconf 88' lang='lat' dir='ltr'><strong>pulchritudine</strong></span> <span class='ocrx_word' id='word_1_126' title='bbox 1047 2269 1088 2342; x_wconf 92' lang='lat' dir='ltr'><strong>ad</strong></span> <span class='ocrx_word' id='word_1_127' title='bbox 1116 2271 1170 2342; x_wconf 93' lang='lat' dir='ltr'><strong>illa</strong></span> <span class='ocrx_word' id='word_1_128' title='bbox 1197 2273 1294 2343; x_wconf 92' lang='lat' dir='ltr'><strong>etiam</strong></span> <span class='ocrx_word' id='word_1_129' title='bbox 1323 2270 1461 2344; x_wconf 88' lang='lat' dir='ltr'><strong>excelsa</strong></span> <span class='ocrx_word' id='word_1_130' title='bbox 1490 2270 1597 2342; x_wconf 89' lang='lat' dir='ltr'><strong>aditus</strong></span> <span class='ocrx_word' id='word_1_131' title='bbox 1629 2280 1791 2367; x_wconf 91' lang='lat' dir='ltr'><strong>perpetuo</strong></span> <span class='ocrx_word' id='word_1_132' title='bbox 1818 2280 1948 2365; x_wconf 88' lang='lat' dir='ltr'><strong>pateret</strong></span> <span class='ocrx_word' id='word_1_133' title='bbox 1973 2253 2075 2341; x_wconf 82' lang='lat' dir='ltr'><strong>com-</strong></span> 
     </span>
     <span class='ocr_line' id='line_1_16' title="bbox 699 2385 2076 2483; baseline -0.001 -25"><span class='ocrx_word' id='word_1_134' title='bbox 699 2390 856 2482; x_wconf 92' lang='lat' dir='ltr'><strong>positioni</strong></span> <span class='ocrx_word' id='word_1_135' title='bbox 882 2388 1013 2460; x_wconf 88' lang='lat' dir='ltr'><strong>luteae:</strong></span> <span class='ocrx_word' id='word_1_136' title='bbox 1042 2408 1140 2479; x_wconf 90' lang='lat' dir='ltr'><strong>quam</strong></span> <span class='ocrx_word' id='word_1_137' title='bbox 1166 2386 1327 2460; x_wconf 89' lang='lat' dir='ltr'><strong>adsumsit</strong></span> <span class='ocrx_word' id='word_1_138' title='bbox 1355 2385 1397 2459; x_wconf 93' lang='lat' dir='ltr'><strong>ad</strong></span> <span class='ocrx_word' id='word_1_139' title='bbox 1425 2409 1478 2474; x_wconf 92' lang='lat' dir='ltr'><strong>se,</strong></span> <span class='ocrx_word' id='word_1_140' title='bbox 1516 2397 1549 2458; x_wconf 92' lang='lat' dir='ltr'><strong>et</strong></span> <span class='ocrx_word' id='word_1_141' title='bbox 1581 2408 1643 2482; x_wconf 94' lang='lat' dir='ltr'><strong>per</strong></span> <span class='ocrx_word' id='word_1_142' title='bbox 1676 2386 1957 2483; x_wconf 91' lang='lat' dir='ltr'><strong>dispensationem</strong></span> <span class='ocrx_word' id='word_1_143' title='bbox 1984 2395 2076 2457; x_wconf 93' lang='lat' dir='ltr'><strong>ortus</strong></span> 
     </span>
     <span class='ocr_line' id='line_1_17' title="bbox 700 2500 2076 2598; baseline -0.001 -24"><span class='ocrx_word' id='word_1_144' title='bbox 700 2501 898 2588; x_wconf 87' lang='lat' dir='ltr'><strong>simultanei,</strong></span> <span class='ocrx_word' id='word_1_145' title='bbox 926 2500 1167 2597; x_wconf 87' lang='lat' dir='ltr'><strong>interpellaret,</strong></span> <span class='ocrx_word' id='word_1_146' title='bbox 1195 2523 1258 2596; x_wconf 94' lang='lat' dir='ltr'><strong>pro</strong></span> <span class='ocrx_word' id='word_1_147' title='bbox 1285 2512 1402 2573; x_wconf 88' lang='lat' dir='ltr'><strong>natura</strong></span> <span class='ocrx_word' id='word_1_148' title='bbox 1430 2525 1498 2575; x_wconf 93' lang='lat' dir='ltr'><strong>non</strong></span> <span class='ocrx_word' id='word_1_149' title='bbox 1526 2502 1698 2598; x_wconf 86' lang='lat' dir='ltr'><strong>spirituali,</strong></span> <span class='ocrx_word' id='word_1_150' title='bbox 1727 2512 1760 2574; x_wconf 93' lang='lat' dir='ltr'><strong>et</strong></span> <span class='ocrx_word' id='word_1_151' title='bbox 1787 2511 1822 2574; x_wconf 92' lang='lat' dir='ltr'><strong>ut</strong></span> <span class='ocrx_word' id='word_1_152' title='bbox 1849 2502 2076 2574; x_wconf 90' lang='lat' dir='ltr'><strong>adorationem</strong></span> 
     </span>
     <span class='ocr_line' id='line_1_18' title="bbox 700 2616 1635 2710; baseline 0.002 -25"><span class='ocrx_word' id='word_1_153' title='bbox 700 2624 800 2710; x_wconf 91' lang='lat' dir='ltr'><strong>atque</strong></span> <span class='ocrx_word' id='word_1_154' title='bbox 827 2617 972 2690; x_wconf 89' lang='lat' dir='ltr'><strong>debitam</strong></span> <span class='ocrx_word' id='word_1_155' title='bbox 998 2616 1056 2687; x_wconf 91' lang='lat' dir='ltr'><strong>tibi</strong></span> <span class='ocrx_word' id='word_1_156' title='bbox 1082 2619 1265 2707; x_wconf 88' lang='lat' dir='ltr'><strong>gratiarum</strong></span> <span class='ocrx_word' id='word_1_157' title='bbox 1292 2619 1455 2689; x_wconf 88' lang='lat' dir='ltr'><strong>actionem</strong></span> <span class='ocrx_word' id='word_1_158' title='bbox 1483 2617 1635 2689; x_wconf 77' lang='lat' dir='ltr'><strong>referret.</strong></span> 
     </span>
    </p>

    <p class='ocr_par' dir='ltr' id='par_1_3' title="bbox 699 2731 2075 2943">
     <span class='ocr_line' id='line_1_19' title="bbox 804 2731 2075 2830; baseline 0.001 -28"><span class='ocrx_word' id='word_1_159' title='bbox 804 2733 956 2803; x_wconf 81' lang='lat' dir='ltr'><strong>Elcoons</strong></span> <span class='ocrx_word' id='word_1_160' title='bbox 993 2754 1120 2804; x_wconf 75' lang='lat' dir='ltr'><strong>cocere.</strong></span> <span class='ocrx_word' id='word_1_161' title='bbox 1182 2732 1355 2804; x_wconf 90' lang='lat' dir='ltr'><strong>Habentes</strong></span> <span class='ocrx_word' id='word_1_162' title='bbox 1394 2735 1494 2825; x_wconf 89' lang='lat' dir='ltr'><strong>igitur</strong></span> <span class='ocrx_word' id='word_1_163' title='bbox 1531 2737 1565 2804; x_wconf 92' lang='lat' dir='ltr'><strong>in</strong></span> <span class='ocrx_word' id='word_1_164' title='bbox 1607 2731 1742 2805; x_wconf 90' lang='lat' dir='ltr'><strong>auribus</strong></span> <span class='ocrx_word' id='word_1_165' title='bbox 1781 2733 1893 2806; x_wconf 91' lang='lat' dir='ltr'><strong>cordis</strong></span> <span class='ocrx_word' id='word_1_166' title='bbox 1934 2733 2075 2830; x_wconf 64' lang='lat' dir='ltr'><strong>hymnos</strong></span> 
     </span>
     <span class='ocr_line' id='line_1_20' title="bbox 699 2846 2075 2943; baseline -0.001 -23"><span class='ocrx_word' id='word_1_167' title='bbox 699 2846 806 2920; x_wconf 90' lang='lat' dir='ltr'><strong>laudis</strong></span> <span class='ocrx_word' id='word_1_168' title='bbox 833 2858 1033 2943; x_wconf 91' lang='lat' dir='ltr'><strong>perpetuae,</strong></span> <span class='ocrx_word' id='word_1_169' title='bbox 1062 2858 1094 2919; x_wconf 93' lang='lat' dir='ltr'><strong>et</strong></span> <span class='ocrx_word' id='word_1_170' title='bbox 1122 2848 1228 2920; x_wconf 90' lang='lat' dir='ltr'><strong>oculis</strong></span> <span class='ocrx_word' id='word_1_171' title='bbox 1254 2846 1531 2920; x_wconf 86' lang='lat' dir='ltr'><strong>intellectualibus</strong></span> <span class='ocrx_word' id='word_1_172' title='bbox 1559 2857 1735 2920; x_wconf 88' lang='lat' dir='ltr'><strong>cernentes</strong></span> <span class='ocrx_word' id='word_1_173' title='bbox 1772 2852 1904 2941; x_wconf 82' lang='lat' dir='ltr'><strong>agmina</strong></span> <span class='ocrx_word' id='word_1_174' title='bbox 1930 2848 1985 2920; x_wconf 91' lang='lat' dir='ltr'><strong>illa</strong></span> <span class='ocrx_word' id='word_1_175' title='bbox 2012 2872 2075 2920; x_wconf 92' lang='lat' dir='ltr'><strong>su-</strong></span> 
     </span>
    </p>
   </div>
   <div class='ocr_carea' id='block_1_3' title="bbox 560 2962 2074 3060">
    <p class='ocr_par' dir='ltr' id='par_1_4' title="bbox 560 2962 2074 3060">
     <span class='ocr_line' id='line_1_21' title="bbox 560 2962 2074 3060; baseline -0.001 -25"><span class='ocrx_word' id='word_1_176' title='bbox 560 2977 571 2993; x_wconf 67' lang='lat'><em>*</em></span> <span class='ocrx_word' id='word_1_177' title='bbox 700 2985 825 3059; x_wconf 88' lang='lat' dir='ltr'><strong>perna,</strong></span> <span class='ocrx_word' id='word_1_178' title='bbox 860 2967 969 3036; x_wconf 90' lang='lat' dir='ltr'><strong>omnia</strong></span> <span class='ocrx_word' id='word_1_179' title='bbox 1009 2962 1137 3034; x_wconf 90' lang='lat' dir='ltr'><strong>scilicet</strong></span> <span class='ocrx_word' id='word_1_180' title='bbox 1170 2986 1256 3058; x_wconf 91' lang='lat' dir='ltr'><strong>quae</strong></span> <span class='ocrx_word' id='word_1_181' title='bbox 1290 2963 1451 3056; x_wconf 85' lang='lat' dir='ltr'><strong>Angelis,</strong></span> <span class='ocrx_word' id='word_1_182' title='bbox 1491 2975 1524 3035; x_wconf 89' lang='lat' dir='ltr'><strong>et</strong></span> <span class='ocrx_word' id='word_1_183' title='bbox 1559 2962 1780 3056; x_wconf 87' lang='lat' dir='ltr'><strong>Archangelis</strong></span> <span class='ocrx_word' id='word_1_184' title='bbox 1813 2965 1948 3060; x_wconf 88' lang='lat' dir='ltr'><strong>propria</strong></span> <span class='ocrx_word' id='word_1_185' title='bbox 1985 2973 2074 3036; x_wconf 89' lang='lat' dir='ltr'><strong>sunt:</strong></span> 
     </span>
    </p>
   </div>
   <div class='ocr_carea' id='block_1_4' title="bbox 690 3077 2075 5128">
    <p class='ocr_par' dir='ltr' id='par_1_5' title="bbox 690 3077 2075 5128">
     <span class='ocr_line' id='line_1_22' title="bbox 699 3077 2075 3171; baseline -0.001 -21"><span class='ocrx_word' id='word_1_186' title='bbox 699 3078 861 3151; x_wconf 89' lang='lat' dir='ltr'><strong>honorem</strong></span> <span class='ocrx_word' id='word_1_187' title='bbox 904 3077 1161 3171; x_wconf 81' lang='lat' dir='ltr'><strong>dignitatemque</strong></span> <span class='ocrx_word' id='word_1_188' title='bbox 1201 3082 1373 3150; x_wconf 89' lang='lat' dir='ltr'><strong>virtutum:</strong></span> <span class='ocrx_word' id='word_1_189' title='bbox 1427 3077 1668 3152; x_wconf 88' lang='lat' dir='ltr'><strong>ordinationem</strong></span> <span class='ocrx_word' id='word_1_190' title='bbox 1708 3079 1930 3152; x_wconf 91' lang='lat' dir='ltr'><strong>Potestatum:</strong></span> <span class='ocrx_word' id='word_1_191' title='bbox 1974 3081 2075 3148; x_wconf 92' lang='lat' dir='ltr'><strong>mini-</strong></span> 
     </span>
     <span class='ocr_line' id='line_1_23' title="bbox 700 3181 2074 3290; baseline -0.004 -22"><span class='ocrx_word' id='word_1_192' title='bbox 700 3198 802 3268; x_wconf 88' lang='lat' dir='ltr'><strong>steria</strong></span> <span class='ocrx_word' id='word_1_193' title='bbox 835 3196 1094 3289; x_wconf 89' lang='lat' dir='ltr'><strong>Principatuum:</strong></span> <span class='ocrx_word' id='word_1_194' title='bbox 1132 3193 1345 3266; x_wconf 86' lang='lat' dir='ltr'><strong>adorationes</strong></span> <span class='ocrx_word' id='word_1_195' title='bbox 1377 3192 1662 3266; x_wconf 89' lang='lat' dir='ltr'><strong>Dominationum:</strong></span> <span class='ocrx_word' id='word_1_196' title='bbox 1698 3181 1892 3290; x_wconf 85' lang='lat' dir='ltr'><strong>perpetuam</strong></span> <span class='ocrx_word' id='word_1_197' title='bbox 1915 3190 2074 3262; x_wconf 83' lang='lat' dir='ltr'><strong>Throno-</strong></span> 
     </span>
     <span class='ocr_line' id='line_1_24' title="bbox 690 3307 2074 3404; baseline -0.001 -23"><span class='ocrx_word' id='word_1_198' title='bbox 690 3333 773 3404; x_wconf 51' lang='lat' dir='ltr'><strong>¹rum</strong></span> <span class='ocrx_word' id='word_1_199' title='bbox 800 3309 1028 3383; x_wconf 87' lang='lat' dir='ltr'><strong>stabditatem:</strong></span> <span class='ocrx_word' id='word_1_200' title='bbox 1056 3309 1244 3381; x_wconf 89' lang='lat' dir='ltr'><strong>accedimus</strong></span> <span class='ocrx_word' id='word_1_201' title='bbox 1273 3308 1315 3380; x_wconf 94' lang='lat' dir='ltr'><strong>ad</strong></span> <span class='ocrx_word' id='word_1_202' title='bbox 1343 3308 1480 3380; x_wconf 90' lang='lat' dir='ltr'><strong>eosdem</strong></span> <span class='ocrx_word' id='word_1_203' title='bbox 1507 3309 1650 3404; x_wconf 71' lang='lat' dir='ltr'><strong>hymnos</strong></span> <span class='ocrx_word' id='word_1_204' title='bbox 1683 3310 1812 3401; x_wconf 85' lang='lat' dir='ltr'><strong>gloriae</strong></span> <span class='ocrx_word' id='word_1_205' title='bbox 1838 3307 2074 3394; x_wconf 66' lang='lat' dir='ltr'><strong>concinendos</strong></span> 
     </span>
     <span class='ocr_line' id='line_1_25' title="bbox 701 3422 2074 3520; baseline -0.004 -24"><span class='ocrx_word' id='word_1_206' title='bbox 701 3428 758 3520; x_wconf 91' lang='lat' dir='ltr'><strong>qui</strong></span> <span class='ocrx_word' id='word_1_207' title='bbox 789 3423 834 3497; x_wconf 90' lang='lat' dir='ltr'><strong>ibi</strong></span> <span class='ocrx_word' id='word_1_208' title='bbox 869 3435 1048 3514; x_wconf 89' lang='lat' dir='ltr'><strong>canuntur,</strong></span> <span class='ocrx_word' id='word_1_209' title='bbox 1091 3424 1192 3516; x_wconf 83' lang='lat' dir='ltr'><strong>digne</strong></span> <span class='ocrx_word' id='word_1_210' title='bbox 1226 3427 1301 3496; x_wconf 90' lang='lat' dir='ltr'><strong>Deo</strong></span> <span class='ocrx_word' id='word_1_211' title='bbox 1336 3423 1576 3513; x_wconf 88' lang='lat' dir='ltr'><strong>celebrandos,</strong></span> <span class='ocrx_word' id='word_1_212' title='bbox 1610 3425 1652 3496; x_wconf 91' lang='lat' dir='ltr'><strong>ad</strong></span> <span class='ocrx_word' id='word_1_213' title='bbox 1688 3425 1872 3495; x_wconf 88' lang='lat' dir='ltr'><strong>doctrinam</strong></span> <span class='ocrx_word' id='word_1_214' title='bbox 1906 3422 2074 3494; x_wconf 91' lang='lat' dir='ltr'><strong>animabus</strong></span> 
     </span>
     <span class='ocr_line' id='line_1_26' title="bbox 700 3537 2075 3636; baseline -0.001 -24"><span class='ocrx_word' id='word_1_215' title='bbox 700 3540 813 3613; x_wconf 91' lang='lat' dir='ltr'><strong>utilem</strong></span> <span class='ocrx_word' id='word_1_216' title='bbox 840 3551 873 3612; x_wconf 90' lang='lat' dir='ltr'><strong>et</strong></span> <span class='ocrx_word' id='word_1_217' title='bbox 900 3539 1091 3628; x_wconf 88' lang='lat' dir='ltr'><strong>salutarem,</strong></span> <span class='ocrx_word' id='word_1_218' title='bbox 1119 3538 1159 3610; x_wconf 92' lang='lat' dir='ltr'><strong>ad</strong></span> <span class='ocrx_word' id='word_1_219' title='bbox 1188 3539 1398 3611; x_wconf 87' lang='lat' dir='ltr'><strong>traditionem</strong></span> <span class='ocrx_word' id='word_1_220' title='bbox 1419 3537 1564 3627; x_wconf 85' lang='lat' dir='ltr'><strong>beatam,</strong></span> <span class='ocrx_word' id='word_1_221' title='bbox 1593 3549 1625 3611; x_wconf 92' lang='lat' dir='ltr'><strong>et</strong></span> <span class='ocrx_word' id='word_1_222' title='bbox 1643 3541 1931 3636; x_wconf 90' lang='lat' dir='ltr'><strong>sapientissimam,</strong></span> <span class='ocrx_word' id='word_1_223' title='bbox 1958 3537 2075 3610; x_wconf 84' lang='lat' dir='ltr'><strong>Theo-</strong></span> 
     </span>
     <span class='ocr_line' id='line_1_27' title="bbox 700 3653 2072 3750; baseline -0.003 -24"><span class='ocrx_word' id='word_1_224' title='bbox 700 3653 813 3748; x_wconf 90' lang='lat' dir='ltr'><strong>logiaa</strong></span> <span class='ocrx_word' id='word_1_225' title='bbox 835 3655 1051 3727; x_wconf 90' lang='lat' dir='ltr'><strong>indesinentis</strong></span> <span class='ocrx_word' id='word_1_226' title='bbox 1074 3653 1260 3749; x_wconf 87' lang='lat' dir='ltr'><strong>Seraphim,</strong></span> <span class='ocrx_word' id='word_1_227' title='bbox 1283 3677 1381 3749; x_wconf 92' lang='lat' dir='ltr'><strong>quam</strong></span> <span class='ocrx_word' id='word_1_228' title='bbox 1402 3654 1524 3747; x_wconf 91' lang='lat' dir='ltr'><strong>linguis</strong></span> <span class='ocrx_word' id='word_1_229' title='bbox 1540 3658 1751 3750; x_wconf 87' lang='lat' dir='ltr'><strong>incorporeis</strong></span> <span class='ocrx_word' id='word_1_230' title='bbox 1774 3653 1845 3734; x_wconf 88' lang='lat' dir='ltr'><strong>tibi,</strong></span> <span class='ocrx_word' id='word_1_231' title='bbox 1871 3674 1955 3724; x_wconf 94' lang='lat' dir='ltr'><strong>unus</strong></span> <span class='ocrx_word' id='word_1_232' title='bbox 1971 3655 2072 3737; x_wconf 89' lang='lat' dir='ltr'><strong>Deus,</strong></span> 
     </span>
     <span class='ocr_line' id='line_1_28' title="bbox 702 3765 2074 3865; baseline -0.004 -23"><span class='ocrx_word' id='word_1_233' title='bbox 702 3771 862 3861; x_wconf 90' lang='lat' dir='ltr'><strong>ollenmt,</strong></span> <span class='ocrx_word' id='word_1_234' title='bbox 895 3769 953 3840; x_wconf 91' lang='lat' dir='ltr'><strong>tibi</strong></span> <span class='ocrx_word' id='word_1_235' title='bbox 986 3772 1040 3865; x_wconf 88' lang='lat' dir='ltr'><strong>qni</strong></span> <span class='ocrx_word' id='word_1_236' title='bbox 1072 3792 1171 3840; x_wconf 93' lang='lat' dir='ltr'><strong>unum</strong></span> <span class='ocrx_word' id='word_1_237' title='bbox 1204 3773 1400 3865; x_wconf 89' lang='lat' dir='ltr'><strong>principium</strong></span> <span class='ocrx_word' id='word_1_238' title='bbox 1433 3791 1492 3858; x_wconf 92' lang='lat' dir='ltr'><strong>es,</strong></span> <span class='ocrx_word' id='word_1_239' title='bbox 1527 3792 1591 3841; x_wconf 94' lang='lat' dir='ltr'><strong>una</strong></span> <span class='ocrx_word' id='word_1_240' title='bbox 1617 3780 1736 3842; x_wconf 89' lang='lat' dir='ltr'><strong>natura</strong></span> <span class='ocrx_word' id='word_1_241' title='bbox 1763 3780 1797 3840; x_wconf 89' lang='lat' dir='ltr'><strong>et</strong></span> <span class='ocrx_word' id='word_1_242' title='bbox 1823 3792 1888 3840; x_wconf 93' lang='lat' dir='ltr'><strong>una</strong></span> <span class='ocrx_word' id='word_1_243' title='bbox 1916 3765 2074 3839; x_wconf 89' lang='lat' dir='ltr'><strong>substan-</strong></span> 
     </span>
     <span class='ocr_line' id='line_1_29' title="bbox 702 3881 2074 3980; baseline -0.004 -23"><span class='ocrx_word' id='word_1_244' title='bbox 702 3890 761 3976; x_wconf 91' lang='lat' dir='ltr'><strong>tia,</strong></span> <span class='ocrx_word' id='word_1_245' title='bbox 789 3889 844 3980; x_wconf 90' lang='lat' dir='ltr'><strong>qui</strong></span> <span class='ocrx_word' id='word_1_246' title='bbox 871 3888 904 3956; x_wconf 95' lang='lat' dir='ltr'><strong>in</strong></span> <span class='ocrx_word' id='word_1_247' title='bbox 931 3886 1034 3957; x_wconf 89' lang='lat' dir='ltr'><strong>tribus</strong></span> <span class='ocrx_word' id='word_1_248' title='bbox 1062 3889 1218 3980; x_wconf 89' lang='lat' dir='ltr'><strong>personis</strong></span> <span class='ocrx_word' id='word_1_249' title='bbox 1246 3889 1462 3978; x_wconf 89' lang='lat' dir='ltr'><strong>agnosceris,</strong></span> <span class='ocrx_word' id='word_1_250' title='bbox 1495 3907 1582 3979; x_wconf 90' lang='lat' dir='ltr'><strong>quae</strong></span> <span class='ocrx_word' id='word_1_251' title='bbox 1614 3896 1716 3958; x_wconf 89' lang='lat' dir='ltr'><strong>totam</strong></span> <span class='ocrx_word' id='word_1_252' title='bbox 1744 3882 1988 3978; x_wconf 90' lang='lat' dir='ltr'><strong>amplitudinem</strong></span> <span class='ocrx_word' id='word_1_253' title='bbox 2014 3881 2074 3952; x_wconf 81' lang='lat' dir='ltr'><strong>bei</strong></span> 
     </span>
     <span class='ocr_line' id='line_1_30' title="bbox 703 3998 2073 4096; baseline -0.004 -24"><span class='ocrx_word' id='word_1_254' title='bbox 703 3999 984 4096; x_wconf 89' lang='lat' dir='ltr'><strong>complectuntur,</strong></span> <span class='ocrx_word' id='word_1_255' title='bbox 1020 4009 1055 4071; x_wconf 91' lang='lat' dir='ltr'><strong>et</strong></span> <span class='ocrx_word' id='word_1_256' title='bbox 1086 4002 1268 4072; x_wconf 89' lang='lat' dir='ltr'><strong>universim</strong></span> <span class='ocrx_word' id='word_1_257' title='bbox 1303 3999 1430 4096; x_wconf 90' lang='lat' dir='ltr'><strong>absque</strong></span> <span class='ocrx_word' id='word_1_258' title='bbox 1463 3999 1527 4072; x_wconf 90' lang='lat' dir='ltr'><strong>illis</strong></span> <span class='ocrx_word' id='word_1_259' title='bbox 1555 4000 1633 4073; x_wconf 91' lang='lat' dir='ltr'><strong>nihil</strong></span> <span class='ocrx_word' id='word_1_260' title='bbox 1661 4000 1836 4095; x_wconf 89' lang='lat' dir='ltr'><strong>quidquam</strong></span> <span class='ocrx_word' id='word_1_261' title='bbox 1862 3998 1985 4069; x_wconf 88' lang='lat' dir='ltr'><strong>iactum</strong></span> <span class='ocrx_word' id='word_1_262' title='bbox 2011 4004 2073 4084; x_wconf 82' lang='lat' dir='ltr'><strong>est3</strong></span> 
     </span>
     <span class='ocr_line' id='line_1_31' title="bbox 704 4111 2073 4210; baseline -0.002 -24"><span class='ocrx_word' id='word_1_263' title='bbox 704 4114 883 4210; x_wconf 90' lang='lat' dir='ltr'><strong>aquibus,</strong></span> <span class='ocrx_word' id='word_1_264' title='bbox 910 4124 945 4185; x_wconf 91' lang='lat' dir='ltr'><strong>et</strong></span> <span class='ocrx_word' id='word_1_265' title='bbox 971 4113 1012 4184; x_wconf 90' lang='lat' dir='ltr'><strong>ab</strong></span> <span class='ocrx_word' id='word_1_266' title='bbox 1040 4136 1238 4210; x_wconf 90' lang='lat' dir='ltr'><strong>unaquaque</strong></span> <span class='ocrx_word' id='word_1_267' title='bbox 1271 4137 1405 4203; x_wconf 90' lang='lat' dir='ltr'><strong>earum,</strong></span> <span class='ocrx_word' id='word_1_268' title='bbox 1440 4113 1482 4187; x_wconf 90' lang='lat' dir='ltr'><strong>ab</strong></span> <span class='ocrx_word' id='word_1_269' title='bbox 1517 4139 1559 4189; x_wconf 92' lang='lat' dir='ltr'><strong>ea</strong></span> <span class='ocrx_word' id='word_1_270' title='bbox 1595 4127 1629 4189; x_wconf 89' lang='lat' dir='ltr'><strong>et</strong></span> <span class='ocrx_word' id='word_1_271' title='bbox 1661 4116 1704 4188; x_wconf 94' lang='lat' dir='ltr'><strong>ad</strong></span> <span class='ocrx_word' id='word_1_272' title='bbox 1737 4138 1811 4187; x_wconf 91' lang='lat' dir='ltr'><strong>eam</strong></span> <span class='ocrx_word' id='word_1_273' title='bbox 1844 4117 1953 4185; x_wconf 88' lang='lat' dir='ltr'><strong>unitur</strong></span> <span class='ocrx_word' id='word_1_274' title='bbox 1984 4111 2073 4184; x_wconf 87' lang='lat' dir='ltr'><strong>Deus</strong></span> 
     </span>
     <span class='ocr_line' id='line_1_32' title="bbox 704 4226 2072 4325; baseline -0.005 -21"><span class='ocrx_word' id='word_1_275' title='bbox 704 4228 889 4304; x_wconf 88' lang='lat' dir='ltr'><strong>substantia</strong></span> <span class='ocrx_word' id='word_1_276' title='bbox 917 4242 950 4303; x_wconf 92' lang='lat' dir='ltr'><strong>et</strong></span> <span class='ocrx_word' id='word_1_277' title='bbox 975 4238 1113 4318; x_wconf 87' lang='lat' dir='ltr'><strong>natura,</strong></span> <span class='ocrx_word' id='word_1_278' title='bbox 1149 4239 1305 4325; x_wconf 87' lang='lat' dir='ltr'><strong>tunquam</strong></span> <span class='ocrx_word' id='word_1_279' title='bbox 1337 4228 1501 4321; x_wconf 87' lang='lat' dir='ltr'><strong>Domino,</strong></span> <span class='ocrx_word' id='word_1_280' title='bbox 1535 4236 1627 4303; x_wconf 90' lang='lat' dir='ltr'><strong>etin</strong></span> <span class='ocrx_word' id='word_1_281' title='bbox 1653 4234 1705 4303; x_wconf 91' lang='lat' dir='ltr'><strong>rei</strong></span> <span class='ocrx_word' id='word_1_282' title='bbox 1731 4234 1872 4303; x_wconf 87' lang='lat' dir='ltr'><strong>veritate</strong></span> <span class='ocrx_word' id='word_1_283' title='bbox 1900 4226 2072 4302; x_wconf 90' lang='lat' dir='ltr'><strong>secundum</strong></span> 
     </span>
     <span class='ocr_line' id='line_1_33' title="bbox 704 4343 2073 4442; baseline -0.001 -26"><span class='ocrx_word' id='word_1_284' title='bbox 704 4345 792 4418; x_wconf 89' lang='lat' dir='ltr'><strong>illam</strong></span> <span class='ocrx_word' id='word_1_285' title='bbox 820 4347 927 4440; x_wconf 90' lang='lat' dir='ltr'><strong>ipsam</strong></span> <span class='ocrx_word' id='word_1_286' title='bbox 954 4343 1105 4416; x_wconf 91' lang='lat' dir='ltr'><strong>eamdem</strong></span> <span class='ocrx_word' id='word_1_287' title='bbox 1141 4344 1365 4435; x_wconf 91' lang='lat' dir='ltr'><strong>divinitatem,</strong></span> <span class='ocrx_word' id='word_1_288' title='bbox 1398 4367 1466 4416; x_wconf 90' lang='lat' dir='ltr'><strong>non</strong></span> <span class='ocrx_word' id='word_1_289' title='bbox 1499 4369 1561 4442; x_wconf 95' lang='lat' dir='ltr'><strong>per</strong></span> <span class='ocrx_word' id='word_1_290' title='bbox 1596 4347 1702 4419; x_wconf 86' lang='lat' dir='ltr'><strong>solam</strong></span> <span class='ocrx_word' id='word_1_291' title='bbox 1736 4348 2073 4430; x_wconf 82' lang='lat' dir='ltr'><strong>communicationem,</strong></span> 
     </span>
     <span class='ocr_line' id='line_1_34' title="bbox 707 4459 2073 4557; baseline -0.003 -25"><span class='ocrx_word' id='word_1_292' title='bbox 707 4471 764 4532; x_wconf 90' lang='lat' dir='ltr'><strong>aut</strong></span> <span class='ocrx_word' id='word_1_293' title='bbox 790 4459 1077 4531; x_wconf 89' lang='lat' dir='ltr'><strong>introductionem.</strong></span> <span class='ocrx_word' id='word_1_294' title='bbox 1130 4461 1231 4531; x_wconf 91' lang='lat' dir='ltr'><strong>Pater</strong></span> <span class='ocrx_word' id='word_1_295' title='bbox 1265 4462 1372 4547; x_wconf 88' lang='lat' dir='ltr'><strong>enim,</strong></span> <span class='ocrx_word' id='word_1_296' title='bbox 1400 4471 1434 4532; x_wconf 92' lang='lat' dir='ltr'><strong>et</strong></span> <span class='ocrx_word' id='word_1_297' title='bbox 1458 4461 1580 4551; x_wconf 85' lang='lat' dir='ltr'><strong>Filius,</strong></span> <span class='ocrx_word' id='word_1_298' title='bbox 1609 4472 1643 4533; x_wconf 92' lang='lat' dir='ltr'><strong>et</strong></span> <span class='ocrx_word' id='word_1_299' title='bbox 1669 4461 1813 4557; x_wconf 86' lang='lat' dir='ltr'><strong>Spiritus</strong></span> <span class='ocrx_word' id='word_1_300' title='bbox 1841 4470 1986 4548; x_wconf 89' lang='lat' dir='ltr'><strong>sanctus,</strong></span> <span class='ocrx_word' id='word_1_301' title='bbox 2013 4481 2073 4530; x_wconf 86' lang='lat' dir='ltr'><strong>una</strong></span> 
     </span>
     <span class='ocr_line' id='line_1_35' title="bbox 706 4573 2072 4671; baseline -0.003 -23"><span class='ocrx_word' id='word_1_302' title='bbox 706 4573 904 4664; x_wconf 86' lang='lat' dir='ltr'><strong>substantia,</strong></span> <span class='ocrx_word' id='word_1_303' title='bbox 932 4584 966 4646; x_wconf 92' lang='lat' dir='ltr'><strong>et</strong></span> <span class='ocrx_word' id='word_1_304' title='bbox 990 4596 1056 4645; x_wconf 92' lang='lat' dir='ltr'><strong>una</strong></span> <span class='ocrx_word' id='word_1_305' title='bbox 1085 4584 1202 4645; x_wconf 89' lang='lat' dir='ltr'><strong>natura</strong></span> <span class='ocrx_word' id='word_1_306' title='bbox 1229 4573 1428 4664; x_wconf 89' lang='lat' dir='ltr'><strong>divinitatis,</strong></span> <span class='ocrx_word' id='word_1_307' title='bbox 1455 4575 1637 4648; x_wconf 90' lang='lat' dir='ltr'><strong>secundum</strong></span> <span class='ocrx_word' id='word_1_308' title='bbox 1664 4579 1893 4671; x_wconf 89' lang='lat' dir='ltr'><strong>operationem</strong></span> <span class='ocrx_word' id='word_1_309' title='bbox 1920 4584 1954 4646; x_wconf 92' lang='lat' dir='ltr'><strong>et</strong></span> <span class='ocrx_word' id='word_1_310' title='bbox 1978 4576 2072 4646; x_wconf 92' lang='lat' dir='ltr'><strong>veri-</strong></span> 
     </span>
     <span class='ocr_line' id='line_1_36' title="bbox 704 4687 2072 4782; baseline -0.001 -22"><span class='ocrx_word' id='word_1_311' title='bbox 704 4697 806 4761; x_wconf 84' lang='lat' dir='ltr'><strong>tatem</strong></span> <span class='ocrx_word' id='word_1_312' title='bbox 834 4699 921 4780; x_wconf 87' lang='lat' dir='ltr'><strong>sunt,</strong></span> <span class='ocrx_word' id='word_1_313' title='bbox 947 4710 1013 4761; x_wconf 89' lang='lat' dir='ltr'><strong>non</strong></span> <span class='ocrx_word' id='word_1_314' title='bbox 1034 4687 1216 4760; x_wconf 92' lang='lat' dir='ltr'><strong>secundum</strong></span> <span class='ocrx_word' id='word_1_315' title='bbox 1234 4691 1505 4781; x_wconf 88' lang='lat' dir='ltr'><strong>imaginationem</strong></span> <span class='ocrx_word' id='word_1_316' title='bbox 1532 4702 1587 4763; x_wconf 90' lang='lat' dir='ltr'><strong>aut</strong></span> <span class='ocrx_word' id='word_1_317' title='bbox 1608 4690 1798 4782; x_wconf 80' lang='lat' dir='ltr'><strong>hgmennrm</strong></span> <span class='ocrx_word' id='word_1_318' title='bbox 1816 4690 2072 4782; x_wconf 89' lang='lat' dir='ltr'><strong>heterogeneum</strong></span> 
     </span>
     <span class='ocr_line' id='line_1_37' title="bbox 705 4803 2072 4897; baseline 0.001 -23"><span class='ocrx_word' id='word_1_319' title='bbox 705 4803 868 4877; x_wconf 89' lang='lat' dir='ltr'><strong>humanae</strong></span> <span class='ocrx_word' id='word_1_320' title='bbox 910 4808 1046 4893; x_wconf 90' lang='lat' dir='ltr'><strong>mentis;</strong></span> <span class='ocrx_word' id='word_1_321' title='bbox 1087 4826 1186 4897; x_wconf 88' lang='lat' dir='ltr'><strong>quarn</strong></span> <span class='ocrx_word' id='word_1_322' title='bbox 1220 4814 1370 4874; x_wconf 91' lang='lat' dir='ltr'><strong>naturam</strong></span> <span class='ocrx_word' id='word_1_323' title='bbox 1407 4806 1492 4876; x_wconf 89' lang='lat' dir='ltr'><strong>trine</strong></span> <span class='ocrx_word' id='word_1_324' title='bbox 1534 4807 1594 4879; x_wconf 91' lang='lat' dir='ltr'><strong>sed</strong></span> <span class='ocrx_word' id='word_1_325' title='bbox 1626 4805 1792 4878; x_wconf 88' lang='lat' dir='ltr'><strong>indivisim</strong></span> <span class='ocrx_word' id='word_1_326' title='bbox 1835 4805 2072 4897; x_wconf 76' lang='lat' dir='ltr'><strong>distinguimus,</strong></span> 
     </span>
     <span class='ocr_line' id='line_1_38' title="bbox 706 4917 2071 5017; baseline -0.001 -29"><span class='ocrx_word' id='word_1_327' title='bbox 706 4922 815 5010; x_wconf 90' lang='lat' dir='ltr'><strong>unice,</strong></span> <span class='ocrx_word' id='word_1_328' title='bbox 842 4942 909 4992; x_wconf 93' lang='lat' dir='ltr'><strong>non</strong></span> <span class='ocrx_word' id='word_1_329' title='bbox 935 4942 998 5015; x_wconf 91' lang='lat' dir='ltr'><strong>per</strong></span> <span class='ocrx_word' id='word_1_330' title='bbox 1025 4917 1217 4990; x_wconf 86' lang='lat' dir='ltr'><strong>elbrsionem</strong></span> <span class='ocrx_word' id='word_1_331' title='bbox 1249 4919 1322 4990; x_wconf 89' lang='lat' dir='ltr'><strong>lieri</strong></span> <span class='ocrx_word' id='word_1_332' title='bbox 1348 4928 1516 4993; x_wconf 88' lang='lat' dir='ltr'><strong>tenemus:</strong></span> <span class='ocrx_word' id='word_1_333' title='bbox 1550 4920 1771 5017; x_wconf 75' lang='lat' dir='ltr'><strong>hymnumque</strong></span> <span class='ocrx_word' id='word_1_334' title='bbox 1805 4923 1861 5015; x_wconf 93' lang='lat' dir='ltr'><strong>qui</strong></span> <span class='ocrx_word' id='word_1_335' title='bbox 1895 4917 2071 5002; x_wconf 87' lang='lat' dir='ltr'><strong>mundanas</strong></span> 
     </span>
     <span class='ocr_line' id='line_1_39' title="bbox 705 5031 2072 5128; baseline -0.005 -21"><span class='ocrx_word' id='word_1_336' title='bbox 705 5037 800 5107; x_wconf 91' lang='lat' dir='ltr'><strong>vires</strong></span> <span class='ocrx_word' id='word_1_337' title='bbox 828 5034 974 5124; x_wconf 86' lang='lat' dir='ltr'><strong>excedit,</strong></span> <span class='ocrx_word' id='word_1_338' title='bbox 1000 5036 1194 5128; x_wconf 91' lang='lat' dir='ltr'><strong>timorisque</strong></span> <span class='ocrx_word' id='word_1_339' title='bbox 1221 5035 1443 5107; x_wconf 91' lang='lat' dir='ltr'><strong>testimonium</strong></span> <span class='ocrx_word' id='word_1_340' title='bbox 1470 5035 1529 5108; x_wconf 86' lang='lat' dir='ltr'><strong>tibi</strong></span> <span class='ocrx_word' id='word_1_341' title='bbox 1556 5035 1744 5125; x_wconf 84' lang='lat' dir='ltr'><strong>oderimus,</strong></span> <span class='ocrx_word' id='word_1_342' title='bbox 1771 5035 1923 5108; x_wconf 91' lang='lat' dir='ltr'><strong>eumdem</strong></span> <span class='ocrx_word' id='word_1_343' title='bbox 1950 5031 2072 5106; x_wconf 88' lang='lat' dir='ltr'><strong>scilicet</strong></span> 
     </span>
    </p>
   </div>
   <div class='ocr_carea' id='block_1_5' title="bbox 0 0 2400 6036">
    <p class='ocr_par' dir='ltr' id='par_1_6' title="bbox 0 0 2400 6036">
     <span class='ocr_line' id='line_1_40' title="bbox 0 0 2400 6036; baseline 0 0"><span class='ocrx_word' id='word_1_344' title='bbox 0 0 2400 6036; x_wconf 95' lang='lat' dir='ltr'><strong> </strong></span> 
     </span>
    </p>
   </div>
  </div>
 </body>
</html>
