4728 6028
662 475 764 614 '138
1186 541 1543 618 ittunnla

789 729 939 800 mecam
963 751 1094 800 rocem.
1138 727 1183 799 Et
1213 727 1256 799 ad
1287 725 1377 800 bonu
1411 728 1466 799 dia
1498 739 1714 824 praeparata,
1748 751 1835 824 qrme
1868 727 1933 798 illis
1964 752 1985 799 a
2013 739 2045 800 te

686 855 861 916 reservata
886 855 978 933 sunt,
1013 865 1076 916 nos
1110 866 1241 939 quoquc
1274 854 1309 915 et
1340 842 1513 916 defunctos
1548 855 1681 916 nosnos
1706 844 1839 931 tideles,
1866 847 2045 939 pervenire

686 959 753 1048 iac,
779 965 886 1053 gratia
913 971 967 1034 tua
992 960 1135 1032 Domine
1161 970 1195 1030 et
1219 957 1403 1032 reseremus
1429 959 1488 1032 tibi
1514 961 1666 1052 gloriam,
1693 970 1757 1032 etc.

790 1078 977 1150 Diaconum.
1029 1077 1150 1147 Iterum
1176 1098 1472 1149 commemoramus
1497 1075 1678 1164 Doctores,
1704 1087 1767 1148 etc.
1808 1129 1814 1138 .

791 1193 966 1265 Sacerdos
991 1192 1182 1262 inclinatas.
1233 1189 1330 1282 Esto,
1356 1193 1507 1279 Domine,
1535 1191 1638 1265 decor
1664 1190 1938 1287 incorruptibilis,
1964 1190 2046 1263 illo-

688 1332 760 1382 rnm
787 1313 843 1403 qui
868 1309 1041 1406 praeclare
1066 1317 1227 1380 rexernmt
1251 1331 1391 1401 gregem
1418 1319 1519 1398 tuum,
1546 1311 1666 1404 quique
1692 1313 1726 1382 in
1752 1333 1836 1382 vera
1853 1311 1977 1403 pietate
2003 1307 2046 1378 ad

688 1437 722 1498 te
748 1424 888 1521 protecti
914 1435 998 1497 sunt.
1398 1439 1405 1452 ·

794 1543 942 1614 Decem
973 1565 1098 1614 ccccm.
1149 1539 1194 1613 Et
1227 1566 1248 1613 a
1280 1545 1449 1615 vicinitate
1479 1546 1684 1638 paternitatis
1716 1566 1831 1616 eornm
1862 1547 1955 1637 piae,
1986 1563 2047 1636 per

691 1684 789 1755 quam
814 1659 893 1731 iacti
928 1683 1039 1732 snmus
1074 1657 1130 1730 fitii
1163 1661 1292 1750 gratiae
1323 1667 1417 1745 tuae,
1444 1669 1478 1730 et
1502 1658 1624 1731 iratres
1650 1663 1809 1751 unigeniti
1834 1657 1891 1730 nni
1916 1659 1978 1746 tui,
2003 1679 2047 1728 ne

689 1799 868 1852 removeas
895 1787 951 1848 aut
975 1775 1118 1872 repellas
1143 1796 1206 1846 nos
1232 1757 1390 1846 Domine:
1417 1785 1450 1846 et
1475 1775 1658 1848 referemus
1684 1775 1743 1847 tdai
1768 1776 1921 1867 gloriam,
1946 1783 2008 1844 etc.

792 1893 978 1965 Dtoconua.
1028 1892 1152 1964 Iterum
1177 1891 1473 1962 commemoramus
1500 1913 1616 1964 omnes
1643 1890 1828 1980 defunctos,
1854 1900 1918 1962 etc.
1983 1879 1986 1888 ’

793 2008 966 2080 Sacerdos
991 2007 1181 2078 inclinatur.
1232 2004 1327 2094 Dsto,
1360 2007 1511 2095 Domine,
1539 2010 1657 2103 quietis
1685 2019 1792 2100 autor,
1818 2017 1853 2078 et
1877 2009 2046 2104 propitia-

677 2137 744 2200 ·tor
769 2124 931 2197 defunctis
957 2122 1117 2213 fidemus,
1145 2125 1199 2217 qui
1225 2121 1364 2193 redemti
1391 2134 1466 2195 snut
1491 2145 1553 2218 per
1573 2134 1712 2195 mortem
1735 2127 1893 2216 unigeniti
1917 2123 1974 2195 tilii
1993 2125 2047 2192 tui

794 2241 941 2312 Davana
966 2261 1089 2309 ccccm.
1141 2238 1185 2309 Ut
1218 2259 1279 2335 per
1312 2249 1363 2329 te,
1395 2239 1554 2326 Domine,
1586 2263 1606 2310 a
1639 2248 1746 2312 morte
1773 2239 1915 2329 salvati,
1941 2247 2047 2309 etex

690 2356 825 2432 infernis
859 2358 980 2452 erepti,
1016 2363 1114 2450 atque
1145 2376 1165 2425 e
1199 2354 1341 2450 pulvere
1372 2351 1526 2444 excitati,
1560 2354 1757 2449 praevaleat
1792 2377 1893 2450 super
1924 2375 1987 2425 nos
2014 2361 2048 2424 ct

690 2495 791 2570 super
817 2493 876 2544 eos
903 2474 1011 2563 gratia
1037 2473 1196 2562 unigeniti
1220 2468 1277 2541 tilii
1303 2472 1362 2558 tui,
1390 2493 1451 2566 per
1477 2493 1575 2566 quern
1600 2494 1664 2543 nos
1693 2493 1824 2566 quoque
1850 2473 2047 2543 misericor-

691 2589 790 2679 diam,
816 2611 901 2685 quae
927 2597 1064 2683 propter
1089 2608 1165 2658 enm
1191 2595 1253 2676 est,
1280 2590 1439 2682 consequi
1459 2609 1631 2682 speramus
1658 2595 1692 2658 et
1705 2589 1933 2660 remissionem
1959 2609 2048 2682 pec-
2096 2631 2098 2641 ι

691 2716 851 2792 catorum,
877 2715 942 2775 tam
968 2701 1078 2791 nobis,
1105 2725 1201 2796 quam
1227 2705 1319 2797 ipsis.

691 2807 695 2820 ’
792 2819 953 2914 Populus.
1007 2819 1160 2906 Quietem
1186 2827 1332 2914 praesta,
1359 2830 1423 2892 etc.

793 2936 975 3008 Sacerdos.
1026 2932 1071 3005 Et
1100 2937 1135 3006 in
1166 2937 1385 3007 renovatione
1410 2933 1517 3008 ruma
1543 2959 1605 3031 per
1630 2938 1908 3008 resurrectionem
1933 2955 2045 3026 gene—

690 3052 811 3142 ralem,
838 3053 881 3124 ad
906 3053 1097 3125 convivium
1131 3049 1262 3124 beatum
1295 3053 1390 3144 regni
1422 3055 1468 3123 tui
1501 3073 1561 3125 nos
1591 3064 1626 3125 et
1657 3051 1732 3125 illos
1767 3055 1946 3154 pervenire
1977 3051 2046 3141 iac,

690 3193 753 3268 per
777 3173 917 3262 gratiam
943 3177 1043 3256 tuam,
1068 3165 1227 3240 Domine:
1252 3178 1288 3239 nt
1313 3171 1346 3239 in
1372 3167 1447 3258 hoc,
1475 3172 1559 3241 sicut
1584 3172 1617 3240 in
1644 3167 1807 3260 omnibns,
1833 3167 2046 3260 glorificetur,

691 3294 725 3358 et
757 3285 907 3358 landatur
932 3305 1053 3357 nomen
1085 3292 1174 3355 tumn
1198 3282 1425 3375 benedictum,
1462 3283 1623 3379 simmque
1655 3286 1788 3357 Domini
1827 3287 1933 3357 nostri
1966 3283 2048 3356 Jesu

693 3401 827 3491 Christi,
853 3410 886 3472 et
911 3400 1052 3496 Spiritus
1079 3403 1189 3472 sancti
1212 3401 1269 3471 tni.

793 3516 953 3610 Poprdue.
1005 3516 1108 3588 Sicut.

793 3633 974 3704 Sacerdos.
1026 3631 1110 3703 Pax.

795 3748 955 3841 Papulae.
1006 3746 1148 3819 Etcum
1175 3749 1289 3842 spiritu
1315 3757 1381 3819 tuo.

792 3864 975 3937 Sacerdos.
1027 3863 1277 3936 Misericordiae
1311 3862 1375 3934 Dei
1409 3865 1521 3955 magni
1554 3873 1588 3935 et
1613 3863 1801 3937 salvatoris
1834 3867 1938 3934 nostri
1966 3864 2048 3936 Jesu

691 3979 823 4070 Christi,
849 3985 913 4055 sint
939 4005 1013 4054 cum
1039 3980 1191 4052 omnibus
1216 3976 1326 4067 vobis,
1351 3979 1471 4052 iratres
1498 3983 1573 4069 mei,
1599 3984 1633 4053 in
1661 3980 1837 4055 saeculum.

794 4097 954 4191 Populus.
1005 4099 1124 4170 Amen.
1310 4077 1316 4089 ’

795 4213 968 4285 Sacerdos
990 4216 1124 4308 frangit
1149 4219 1183 4284 et
1207 4216 1332 4308 aptat,
1358 4213 1483 4284 diceas.

795 4327 984 4420 Credimus,
1020 4328 1225 4418 accedimus,
1264 4328 1477 4422 obsignamus
1512 4327 1751 4428 Eucharistiam
1785 4327 1888 4415 hanc,
1924 4345 2046 4419 corpus

690 4444 794 4517 Verbi
815 4447 878 4517 Dei
904 4450 987 4535 vivi,
1014 4456 1048 4517 et
1073 4448 1267 4537 sanguinem
1293 4446 1407 4519 salutis
1434 4456 1468 4518 et
1496 4445 1601 4518 laudis
1625 4449 1794 4538 signamus
1817 4465 1892 4514 oum
1922 4437 1936 4476 ⁵
1961 4461 2046 4537 par-

690 4561 788 4634 ticula
821 4566 1064 4657 propitiatoria,
1105 4573 1138 4634 ct
1171 4562 1269 4658 plena
1301 4566 1467 4662 mysteriis
1503 4564 1672 4658 supernis,
1703 4565 1738 4634 in
1768 4563 1902 4632 nomine
1937 4557 2047 4630 Patris

690 4683 773 4771 vivi,
800 4679 842 4751 ad
868 4681 978 4750 vitam.

792 4795 952 4887 Populea.
1003 4796 1122 4868 Amen.

793 4909 974 4981 Sacerdos.
1025 4909 1069 4983 Et
1100 4913 1174 4984 Filii
1207 4913 1365 5001 unigeniti
1398 4923 1431 4984 et
1464 4911 1568 4985 sancti
1600 4910 1642 4983 ab
1676 4934 1718 4983 eo
1755 4915 1869 5003 geniti,
1904 4917 1937 4981 et
1972 4929 2047 4978 cum

691 5053 733 5103 eo
763 5025 910 5104 similiter
939 5031 1019 5102 vivi:
1072 5028 1226 5102 advitam.
1487 5025 1645 5119 Papulae.
1701 5030 1819 5102 Amen.
