4728 6028
619 549 669 622 ce
958 545 1613 646 ,onsunvlrronus

616 732 783 796 lectoribus
805 730 1083 814 linguaeSyriaeae
1105 729 1250 811 imperitis
1273 731 1364 794 miras
1376 730 1517 794 tenebras
1529 729 1645 808 alludit,
1669 731 1700 792 in
1714 730 1857 794 versione
1869 728 1989 794 Rituum

618 833 725 896 Severi
746 830 940 905 Antiocheni,
964 849 1030 892 curn
1053 829 1121 892 illas
1143 848 1204 910 quo
1227 831 1274 892 vis
1305 828 1404 908 modo,
1428 850 1468 893 cx
1490 830 1622 910 Syriacis
1646 829 1814 913 originibus
1838 830 1994 910 interpre-

617 933 676 994 tari
699 938 825 994 conatus
849 936 905 992 est.
951 928 994 991 lta
1017 929 1127 1005 Sada-o,
1150 930 1215 993 sive
1237 929 1347 1005 Sectro,
1370 928 1513 992 Ordinem
1536 925 1642 992 vertit:
1674 937 1704 990 et
1726 931 1756 991 in
1780 927 1885 990 Olhcio
1908 944 1995 990 eom-

325 1022 356 1076 Ρ·
379 1020 421 1073 ¹⁰·
442 1023 484 1074 ¹¹·
507 1023 550 1075 ¹2·
615 1032 698 1092 muni
719 1029 883 1111 Liturgiae.
927 1027 969 1090 Et
988 1030 1096 1107 incipit
1116 1029 1252 1092 ordimem
1279 1027 1501 1103 Poeniteotioe,
1527 1029 1627 1107 primo
1649 1027 1851 1091 Prooemium.
1895 1027 1995 1090 Sedro

616 1131 676 1192 boc
699 1129 768 1192 luco
792 1129 974 1210 assignatur,
997 1145 1075 1207 quae
1098 1127 1305 1190 Paenitentiae
1325 1127 1444 1205 dieitur,
1469 1129 1537 1208 quia
1554 1128 1666 1207 petitur
1678 1136 1873 1208 peecatorum
1895 1125 1995 1190 venia.

616 1227 822 1302 Prooemium,
843 1227 947 1289 brevis
970 1227 1067 1288 oratio
1090 1233 1148 1302 cst,
1173 1244 1250 1306 quae
1273 1226 1387 1304 Sedris,
1411 1234 1442 1290 et
1464 1226 1531 1288 aliis
1544 1225 1721 1305 quibusdam
1733 1226 1883 1306 praemitti
1905 1223 1994 1288 solet.

616 1326 721 1390 Abebo
743 1326 834 1388 vertit
855 1325 1045 1406 Disquisitio,
1069 1343 1134 1387 eum
1159 1326 1255 1388 oratio
1284 1327 1323 1390 sit
1353 1345 1431 1406 quac
1459 1327 1489 1387 in
1512 1325 1636 1388 aliarum
1664 1325 1723 1388 fine
1750 1325 1875 1398 dicitur,
1905 1340 1994 1402 quam

617 1425 720 1487 ultima
742 1421 881 1488 clausula'
900 1423 1045 1504 sequitur,
1066 1423 1231 1486 Eboutemo
1261 1423 1350 1500 dicta,
1375 1432 1404 1486 et
1426 1424 1476 1487 ille
1500 1425 1743 1504 complementum
1766 1425 1872 1498 vertit,
1903 1429 1993 1502 atque

616 1525 656 1586 ite
678 1523 774 1586 ferme
798 1525 828 1586 in
851 1523 993 1603 reliquis:
1026 1520 1106 1584 unde
1128 1531 1187 1584 tam
1210 1524 1353 1606 exiguum
1384 1522 1555 1586 extalibus
1577 1521 1771 1585 versionibus
1794 1521 1932 1598 tructus,
1956 1517 1992 1582 ad

617 1621 802 1702 antiquitatis
824 1622 1059 1684 Ecclesiasticus
1083 1609 1313 1684 illustrationem
1335 1620 1525 1703 pervenisse,
1550 1622 1651 1684 mirari
1673 1639 1763 1684 nemo
1786 1619 1888 1684 debet.

705 1719 816 1784 Omnes
839 1739 917 1804 ergo
940 1738 1035 1784 voees
1058 1720 1134 1798 illas,
1157 1721 1227 1801 quia
1249 1721 1354 1784 Latine
1377 1721 1463 1784 reddi
1485 1721 1539 1783 vix
1551 1728 1689 1801 possunt,
1712 1737 1768 1782 sua
1790 1718 1895 1801 lingua
1916 1718 1993 1782 reli-

617 1820 750 1900 quimus:
774 1820 845 1901 quid
867 1839 944 1884 vero
965 1819 1170 1901 significarent
1192 1829 1335 1900 quantum
1364 1823 1394 1883 in
1425 1819 1512 1883 nobis
1534 1819 1590 1882 luit
1618 1819 1846 1901 explicavimus.
1889 1816 1993 1896 ltaque

616 1926 650 1980 ut
682 1919 828 1982 aSedn‘s
855 1921 1048 2001 incipiamus,
1081 1918 1151 1980 illae
1182 1919 1283 1982 Prosis
1314 1918 1533 2000 quodammodo
1562 1920 1675 1982 nostris
1704 1918 1905 1999 respondent:
1926 1935 1993 2004 nee

617 2036 739 2099 semper
761 2017 910 2094 dicuntur,
933 2017 989 2080 sed
1011 2017 1177 2080 secundum
1199 2017 1345 2080 festorum
1374 2019 1566 2098 varietatem,
1597 2025 1626 2079 et
1649 2017 1686 2078 ad
1711 2015 1885 2080 Sacerdotis
1908 2016 1993 2077 arbi·
2049 2085 2054 2100 ,

550 2139 557 2144 ·
618 2117 717 2180 trium.
761 2117 942 2198 Plerumque
965 2134 1026 2180 non
1050 2117 1166 2192 soluta,
1196 2115 1251 2178 sed
1281 2117 1387 2180 stricta
1415 2117 1551 2182 oratione
1582 2119 1715 2199 scriptae
1745 2124 1832 2194 sunt,
1861 2115 1992 2178 carmine

312 2204 398 2274 deep.
412 2205 503 2258 ¹¹¹¹?ss
518 2203 844 2297 Grac-Ephremiuco
865 2216 916 2278 vel
938 2215 1118 2294 Jacobitico,
1143 2232 1220 2295 quae
1249 2223 1319 2278 sunt
1346 2214 1422 2278 duae
1443 2234 1586 2278 versuum
1617 2217 1697 2298 apud
1727 2217 1822 2297 Syros
1853 2217 1992 2297 species3

294 2287 381 2343 Μ·
400 2291 416 2344 ²·
435 2293 460 2343 ⁶·
618 2313 696 2378 tales
718 2324 788 2378 sunt
811 2313 926 2378 Sedrae
949 2315 1063 2395 aliquot
1086 2315 1117 2376 in
1146 2313 1259 2376 blissali
1290 2314 1402 2377 Romae
1434 2315 1533 2392 edito,
1565 2333 1691 2395 quarum
1715 2313 1832 2395 aliquae
1858 2315 1888 2376 in
1918 2315 1992 2380 ttss.

618 2415 821 2494 reperiuntur.
865 2412 909 2476 lta
932 2431 1054 2495 quoque
1076 2413 1265 2494 appellantur
1287 2431 1396 2493 preces
1422 2431 1482 2475 aron
1507 2413 1583 2477 adeo
1607 2414 1755 2495 prolixae,
1780 2431 1858 2494 quae
1879 2415 1992 2494 passim

618 2516 649 2576 in
672 2513 783 2575 Officiis
807 2520 987 2576 occurrunt:
1010 2520 1041 2575 et
1063 2512 1180 2574 illarum
1203 2512 1281 2574 ratio
1312 2530 1375 2575 non
1397 2514 1493 2594 magis
1516 2513 1662 2594 explicari
1684 2521 1802 2594 potest,
1837 2531 1925 2594 quam
1948 2521 1993 2576 tot

619 2612 845 2688 vocabulorum,
869 2630 947 2692 quae
970 2613 1000 2673 in
1015 2599 1126 2675 noslris
1140 2611 1303 2674 Breviariis
1320 2621 1350 2674 et
1364 2611 1536 2674 blissalibus
1560 2612 1747 2675 adhibeatur.
1770 2613 1992 2687 invitatorium,

624 2711 743 2787 Vernis,
765 2711 964 2790 Antipboooe,
986 2711 1207 2785 Sacerdotulis,
1229 2711 1385 2785 Introitas,
1402 2711 1566 2786 (laudacie,
1578 2709 1795 2791 Respoasoriu,
1808 2710 1993 2784 Communia,

619 2810 761 2872 Secreta:
784 2809 871 2889 lnsru
892 2811 1041 2871 actimeem
1063 2809 1121 2871 alia
1144 2815 1203 2870 tam
1226 2807 1326 2870 multa.

706 2908 891 2988 Orationum,
913 2917 946 2971 ut
969 2909 1048 2989 apud
1064 2907 1219 2986 Graecos,
1241 2906 1360 2986 aliquae
1388 2905 1468 2972 elata
1497 2925 1575 2970 voce
1599 2907 1737 2969 dicuntur
1760 2908 1836 2971 aliae
1859 2911 1993 2983 secreto,

327 2465 390 2517 tttst.
402 2462 489 2516 clatet.
500 2483 529 2535 p.
542 2465 604 2518 117.

294 2561 316 2602 et
334 2567 384 2617 seq.

619 3015 650 3070 et
672 3025 739 3069 cum
753 3007 957 3087 inclinatione,
974 3027 1052 3088 quae
1076 3009 1117 3071 ita
1139 3015 1281 3069 notantur
1301 2987 1409 3076 tettOn
1435 3005 1691 3082 Tatttqttteaatto
1713 3010 1809 3083 cocis,
1831 3017 1863 3071 et
1886 3012 1991 3074 noctu

619 3105 760 3170 (theorito.
818 3107 996 3170 Inclinatio:
1034 3115 1065 3168 et
1098 3106 1167 3168 illae
1202 3105 1347 3168 formulae
1383 3106 1569 3186 respondent
1604 3105 1739 3168 Graecae
1765 3092 1934 3193 Ἐκφώνως
1961 3111 1992 3167 ct

617 3206 811 3278 Muomaai'e.
856 3205 890 3268 ln
912 3207 1009 3287 prima
1031 3206 1210 3269 monendum
1234 3213 1295 3284 est,
1323 3203 1534 3268 hallucinatum
1563 3205 1657 3268 tuisse
1688 3205 1906 3282 Boderianum,
1940 3203 1992 3286 qui

618 3321 741 3385 semper
762 3307 854 3368 vertit
877 3305 1024 3381 Trinitas,
1056 3312 1177 3368 etcum
1206 3304 1401 3386 sequentibus
1423 3305 1535 3367 ‘verbis
1567 3305 1723 3387 conjungit
1750 3313 1783 3367 ut
1812 3306 1991 3368 sententiam

619 3401 734 3465 elliciat.
777 3404 903 3487 Reliqua
926 3405 988 3468 suis
1011 3405 1087 3468 loeis
1111 3405 1363 3468 observabuntur.

328 3665 357 3718 P·
376 3670 402 3720 7·
421 3675 443 3718 et
462 3667 503 3719 19.
1049 3665 1228 3737 Dioecoue
1254 3665 1337 3759 leqit
1362 3663 1560 3757 Epictetum.

328 3889 417 3941 Lectio
434 3889 566 3959 Epistulae
590 3905 605 3944 a
735 3873 771 3952 ln
795 3885 941 3949 Orientali
963 3884 1101 3948 Ecclesia
1127 3903 1190 3948 non
1212 3885 1312 3948 solent
1333 3884 1480 3948 Lectores
1499 3883 1549 3946 vel
1569 3883 1749 3948 Subdiaconi
1768 3902 1886 3948 sacram
1906 3882 1992 3946 Seri-

294 3975 424 4028 ⁰¹¹¹⁰⁰¹¹¹⁸·
617 3996 747 4070 plurem,
770 3991 854 4071 eujus
869 3989 980 4052 multae
999 3989 1156 4055 Sectioues
1172 3989 1325 4072 legantur,
1347 3987 1468 4069 publice
1489 3985 1614 4070 legere:
1638 3987 1729 4068 idque
1752 3987 1844 4070 vulgo
1867 3985 1992 4068 perlici-

618 4096 669 4150 tur
690 4107 708 4150 a
730 4085 880 4150 Diaconis.
903 4085 937 4149 ln
964 4088 1099 4169 priorum
1129 4087 1326 4150 Ordinaticne
1348 4085 1420 4150 nihil
1443 4087 1576 4149 occurrit
1598 4086 1678 4167 quod
1702 4087 1740 4149 ad
1763 4087 1897 4150 Otilcium
1919 4083 1991 4148 illud

618 4187 744 4270 legendi
766 4186 942 4269 Epistulam,
966 4195 997 4249 ut
1020 4186 1100 4267 apud
1122 4185 1256 4265 Latinos,
1279 4186 1441 4268 pertineat.
1474 4185 1536 4247 lmo
1559 4185 1739 4249 Subdiaconi
1763 4187 1800 4249 ad
1823 4185 1918 4248 altare
1940 4186 1992 4247 vix

620 4284 783 4348 accedunt:
807 4285 934 4350 Diacuui
958 4288 1055 4348 omnia
1080 4304 1168 4350 sacra
1190 4286 1352 4350 ministeria
1377 4285 1501 4362 obeunt,
1524 4291 1555 4347 et
1585 4284 1699 4367 absque
1722 4284 1856 4348 Diacono
1887 4283 1992 4349 Litut·

619 4386 700 4468 giam
722 4385 780 4447 rite
803 4385 952 4450 celebrari
974 4385 1144 4448 Orientales
1172 4404 1234 4450 non
1257 4386 1440 4469 ,exstimant
1491 4383 1575 4447 Unde
1605 4385 1711 4448 Petrus
1742 4383 1889 4448 Melichae
1916 4383 1992 4464 Epi-

620 4501 732 4564 scopus
756 4483 857 4564 etdpat
879 4487 910 4548 in
932 4485 1055 4548 Francis
1079 4486 1144 4550 sive
1165 4485 1290 4566 Latinis,
1313 4485 1394 4566 quod
1418 4485 1484 4547 sine
1506 4484 1644 4548 Diacono
1671 4482 1807 4566 Liturgia
1834 4484 1914 4566 apud
1937 4499 1991 4546 eos

619 4581 801 4646 celebretur.

321 4689 412 4744 Plures
424 4691 548 4744 lectiones
562 4711 606 4746 sa·
704 4681 868 4746 Lectiones
890 4685 921 4746 in
944 4683 1147 4748 Orientalibus
1170 4683 1317 4747 Ecclesiis
1340 4681 1445 4762 plures
1468 4680 1534 4744 lieri
1557 4683 1666 4745 solent.
1710 4683 1808 4746 Prima
1831 4701 1872 4744 ex
1893 4681 1991 4744 veteri

296 4773 606 4872 craeecupmraemm.
620 4782 827 4844 Testament0:
853 4783 986 4846 secunda
1009 4803 1049 4846 ex
1071 4783 1157 4846 Actis
1180 4781 1412 4865 Apostolorum:
1435 4782 1524 4851 tertia
1547 4800 1588 4844 ex
1606 4781 1750 4863 Epistolis
1765 4781 1862 4844 Pauli:
1887 4787 1991 4860 quarta

295 4867 389 4928 ΜΨ·
620 4901 661 4944 ex
693 4879 872 4944 Catholicis:
907 4883 1008 4963 quinta
1039 4882 1160 4946 tandem
1189 4901 1228 4944 ex
1257 4878 1436 4960 Evangelio.
1489 4878 1533 4942 lta
1562 4878 1629 4943 illas
1657 4889 1799 4945 recenset
1828 4880 1991 4960 Dionysius

618 4980 774 5044 Barsalibi.
799 4979 911 5043 Omnes
935 4981 1058 5060 Syriaee
1081 4981 1224 5065 leguntur
1246 4979 1427 5042 abiacono:
1451 4986 1480 5040 et
1503 4988 1611 5060 postea
1633 4980 1746 5065 legitur
1768 4998 1870 5043 earum
1893 4979 1991 5041 inter-
