4730 6038
749 634 824 710 314
1249 635 1604 714 LITURGld

743 827 865 894 minum
891 822 1134 918 impudentium.
1187 822 1322 917 Adjuva
1348 846 1513 920 pauperes
1541 831 1574 895 et
1591 822 1678 895 male
1691 820 1867 894 habentes:
1894 820 2000 896 libera
2023 823 2111 896 allli-

743 949 818 1010 ctos
846 949 880 1010 et
906 961 1108 1035 oppressus,
1135 952 1168 1013 et
1195 961 1255 1011 eos
1283 943 1385 1046 quina
1413 940 1579 1036 spiritibus
1600 938 1697 1012 malis
1713 947 1878 1010 tentantur
1892 943 1999 1035 eripe:
2026 963 2111 1034 rege

745 1053 929 1150 orphanos,
958 1060 1043 1127 satia
1068 1054 1241 1128 famelicos
1267 1055 1469 1152 plenitudine
1494 1055 1707 1148 benignitatis
1733 1066 1819 1127 urae.
1872 1054 1924 1129 De
1952 1056 2109 1129 auxilium

743 1171 808 1243 illis
836 1175 890 1267 qui
917 1174 1051 1244 suntin
1077 1175 1209 1260 itinere,
1236 1181 1271 1243 et
1296 1171 1360 1246 illis
1387 1175 1443 1267 qui
1467 1175 1501 1244 iu
1533 1175 1635 1261 mari,
1669 1168 1821 1246 ducemus
1856 1182 1890 1243 et
1922 1181 2110 1267 tempesta-

744 1285 831 1359 tibus
858 1291 1041 1380 agitantur3
1068 1299 1101 1360 et
1126 1297 1269 1383 protege
1294 1285 1481 1360 Ecclesiam
1507 1297 1615 1376 tuam,
1652 1309 1738 1381 quae
1770 1309 1831 1382 per
1863 1307 1995 1357 crucem
2023 1297 2111 1358 mam

745 1402 894 1475 redemta
921 1414 990 1475 est:
1017 1403 1129 1476 exalta
1157 1425 1289 1499 quoque
1316 1408 1388 1497 ejus
1414 1402 1598 1497 praesules,
1625 1425 1687 1498 per
1713 1403 1838 1474 firmam
1867 1404 2017 1474 veritatis
2035 1401 2111 1476 fidei

746 1517 1012 1608 observantiam,
1038 1527 1072 1590 et
1098 1513 1281 1591 referemus
1308 1518 1367 1590 tibi
1393 1517 1535 1611 gloriam
1562 1530 1625 1592 ete.

850 1634 1011 1728 Populos.
1063 1635 1183 1708 Amen.

850 1750 1023 1823 Sacerdos
1048 1752 1239 1822 inclinatus.
1290 1750 1459 1825 Memento
1486 1755 1585 1825 etiam
1611 1752 1753 1824 Domine
1778 1749 1907 1822 illorum
1925 1754 1980 1846 qui
1997 1775 2110 1824 curam
2160 1790 2164 1796 ·

744 1877 864 1959 gerunt
889 1867 1062 1940 Ecclesiae
1090 1878 1166 1941 tuae
1193 1878 1349 1957 sanctae,
1376 1879 1409 1941 et
1435 1872 1489 1964 qui
1515 1889 1681 1964 pauperes
1707 1865 1866 1957 adjuvant
1892 1876 1927 1939 et
1951 1870 2111 1940 necessi-

744 1992 812 2054 tate
837 2005 995 2079 pressos3
1021 1993 1057 2055 ut
1082 2007 1142 2057 eos
1170 1989 1225 2080 qui
1251 1994 1502 2080 separaverunt,
1528 1994 1563 2056 et
1589 1981 1777 2057 obtulerunt
1803 1981 2000 2071 oblationes,
2029 1993 2111 2058 vota

745 2107 780 2168 et
806 2097 952 2172 decimas
984 2099 1026 2172 ed
1059 2098 1162 2171 altare
1195 2111 1283 2172 tuum
1316 2109 1484 2189 sanctum,
1518 2099 1732 2194 concedeque
1767 2098 1830 2172 illis
1862 2099 2112 2173 retributionem

745 2214 906 2288 donomm
934 2215 1135 2304 sublimium,
1163 2219 1195 2287 in
1221 2227 1363 2311 unoque
1389 2214 1535 2290 saeculo.

849 2331 1011 2425 Populus.
1063 2332 1170 2428 llyrie
1198 2332 1336 2406 eleison.

850 2447 1024 2521 Sacerdos
1050 2449 1187 2520 elevans
1218 2470 1344 2520 vocem.
1395 2446 1557 2520 Retribue
1583 2449 1726 2520 Domine
1757 2445 1866 2539 bona,
1899 2459 1932 2521 ct
1963 2448 2111 2522 benedi-

743 2565 873 2634 ctiones
901 2563 1118 2653 abundantes,
1145 2563 1296 2638 omnibus
1323 2565 1378 2658 qui
1406 2563 1656 2636 sollicitudinem
1683 2573 1717 2635 et
1741 2586 1855 2637 curam
1881 2575 2000 2657 gerunt
2020 2589 2110 2662 pau-

743 2700 859 2774 perum
891 2690 924 2751 et
958 2683 1227 2775 peregrinomm3
1264 2689 1298 2751 et
1329 2679 1393 2751 illis
1426 2689 1501 2756 esto
1535 2679 1665 2771 adjutor
1699 2689 1733 2750 et
1759 2680 1931 2773 refugium.
1985 2683 2110 2756 Omnes

743 2798 842 2866 etiam
871 2799 925 2890 qui
950 2799 1087 2868 visitant
1112 2800 1278 2892 captivos,
1305 2797 1451 2868 infirmos
1478 2805 1512 2867 et
1538 2797 1693 2868 alllictcs:
1721 2818 1904 2893 omnesque
1924 2802 1978 2893 qui
1995 2820 2110 2874 curam

742 2909 864 2984 babent
879 2911 1106 2984 Ecclesiamm
1121 2923 1156 2984 et
1173 2916 1448 2985 monasteriorum
1465 2922 1665 3001 sanctorum,
1687 2913 1816 2985 custodi
1828 2911 1954 3009 absque
1972 2909 2108 2988 damno':

742 3026 915 3123 liberaque
941 3028 1015 3100 illos
1042 3051 1061 3099 a
1090 3027 1273 3118 scandalis;
1300 3050 1532 3124 praeparaque
1550 3027 1614 3099 illis
1634 3026 1820 3101 habitacula
1841 3051 1943 3118 nova,
1971 3040 2005 3103 et
2024 3031 2109 3104 lueis

742 3143 853 3240 plena,
879 3144 1149 3241 voluptatemque
1175 3147 1209 3217 in
1234 3167 1342 3240 regno
1369 3145 1521 3234 coelesti,
1548 3155 1582 3216 et
1606 3144 1790 3219 referemus
1816 3145 1886 3236 tibi,
1914 3159 1977 3220 etc.

847 3260 1007 3354 Popadus.
1058 3263 1178 3336 Amen.
1738 3283 1743 3288 ’

848 3375 1022 3449 Sacerdos
1048 3377 1238 3448 inclinatos.
1283 3375 1475 3473 Comprime
1500 3377 1643 3450 Domine
1669 3377 1822 3450 mmultus
1842 3377 1986 3470 Regum,
2013 3376 2105 3449 mili-

744 3504 811 3566 tum
839 3505 873 3566 et
899 3496 1103 3566 inimicorum
1131 3495 1186 3588 qui
1212 3492 1297 3565 bella
1320 3503 1457 3586 genmt:
1493 3503 1526 3566 et
1551 3492 1646 3589 reple
1672 3493 1904 3588 tranquillitate
1931 3489 2107 3566 ecclesiam

743 3621 833 3682 tuam
857 3621 1022 3682 sanctam:
1049 3609 1155 3683 bbere
1172 3631 1247 3682 eam
1271 3607 1506 3696 atumultibus‚
1527 3609 1801 3698 dissensionibus,
1828 3620 1861 3682 et
1877 3607 2108 3698 divisionibus,

744 3737 780 3803 ut
805 3748 879 3797 cum
907 3725 1079 3797 sedulitate
1105 3724 1328 3818 glorificemus
1354 3735 1399 3814 te,
1425 3735 1459 3798 et
1484 3730 1518 3797 in
1544 3725 1776 3822 tranquillitate
1800 3724 2000 3799 honoremus
2028 3735 2071 3797 te.

847 3841 1008 3934 Populea.
1060 3841 1165 3938 llyrie
1195 3842 1335 3918 eleison.

849 3956 1024 4029 Sacerdos
1050 3957 1186 4029 elecem
1211 3980 1337 4029 vocem.
1389 3956 1467 4030 Rex
1493 3958 1672 4044 coelestis,
1705 3967 1739 4028 et
1772 3955 1978 4048 gubematcr
2003 3959 2110 4028 omms

746 4084 920 4146 creaturae
947 4074 1106 4160 Domine,
1141 4095 1319 4170 compesce
1351 4095 1453 4166 reges
1488 4084 1522 4146 et
1556 4075 1725 4147 exercitus
1759 4075 1814 4168 qui
1844 4069 1932 4143 bella
1958 4083 2110 4162 movent,

745 4192 927 4283 comprime
952 4211 1082 4285 pugnas
1110 4213 1130 4262 a
1155 4188 1274 4262 linibus
1301 4187 1408 4262 orbis:
1438 4188 1543 4261 libera
1570 4211 1710 4282 gregem
1736 4200 1826 4260 tuum
1853 4211 1873 4259 a
1899 4185 2007 4276 bellis,
2034 4188 2109 4262 dis-

746 4305 860 4394 sidiis,
890 4315 925 4376 et
951 4304 1233 4379 contentionibus:
1268 4304 1379 4378 exalta
1404 4304 1592 4378 Ecclesiam
1619 4317 1707 4378 tuam
1733 4304 1876 4378 vocibus
1911 4308 2111 4396 oradonum,

747 4423 951 4516 canticisque
978 4422 1262 4516 deprecationum:
1290 4431 1324 4492 et
1349 4421 1480 4518 depelle
1506 4421 1549 4494 ab
1576 4445 1617 4494 ea
1643 4421 1837 4494 ollendieula
1864 4429 1898 4492 et
1916 4419 2110 4495 schismata:

746 4557 830 4608 orna
856 4536 944 4609 illam
971 4537 1128 4610 doctrinis
1155 4536 1372 4628 Orthcdoxis,
1398 4547 1432 4610 et
1458 4537 1649 4612 doctoribus
1676 4537 1948 4634 amplectentibus
1974 4541 2111 4609 verita-

746 4661 812 4724 tem
839 4653 931 4725 lidei:
959 4652 1117 4750 aulerque
1143 4652 1185 4726 ab
1214 4676 1254 4726 ea
1281 4658 1374 4728 rixas
1401 4654 1589 4728 haereseon
1615 4657 1886 4751 perniciosarum,
1914 4664 1949 4725 et
1973 4650 2109 4724 relere-

746 4789 819 4839 mus
846 4770 906 4843 tibi
932 4769 1074 4862 gloriam
1100 4780 1162 4843 etc.

851 4887 1011 4980 Populos.
1062 4889 1181 4961 Amen.
2036 4943 2040 4952 ·

850 5002 1024 5076 Sacerdos
1050 5004 1240 5076 inclinatas.
1289 5004 1459 5078 Memento
1485 5025 1616 5100 quoque
1634 5004 1786 5092 Domine,
1813 5005 1955 5078 omnium
1981 5004 2037 5098 pio

747 5129 782 5191 et
803 5123 979 5212 justorum,
1005 5121 1138 5194 Petrum
1157 5129 1191 5192 et
1205 5117 1444 5217 Prophetarum
1470 5131 1671 5209 sanctorum,
1697 5123 1753 5216 qui
1774 5117 1815 5194 ab
1833 5119 1976 5210 Adamo,
2002 5138 2109 5212 usque
