4804 6026
591 687 691 762 XXII
1053 688 1559 768 DISSERTATIO

592 879 791 966 Jaeotaas,
825 899 931 970 usquc
966 877 1014 948 ad
1046 883 1174 969 tempos
1209 878 1324 968 patris
1357 880 1467 947 nostri
1493 877 1639 948 Joonmis
1673 877 1853 949 Barsusan
1887 881 1968 952 Pn-

595 981 772 1052 triarcbae
798 980 1019 1052 Antiochiae.
1071 979 1209 1052 Deinde
1235 985 1315 1050 orta
1341 985 1393 1052 est
1419 983 1509 1050 inter
1525 979 1681 1073 Coptitas
1708 987 1742 1052 et
1755 980 1865 1073 Syros
1891 985 1968 1056 dis-

595 1089 727 1170 sensio,
765 1088 847 1176 quia
880 1081 963 1174 Spei
995 1090 1127 1175 ponunt
1162 1085 1198 1152 in
1238 1105 1302 1151 sua
1337 1079 1511 1154 oblatione
1543 1083 1648 1154 salem
1683 1090 1717 1154 et
1751 1084 1868 1156 oleum.
1921 1088 1970 1158 Et

595 1190 737 1280 scripsit
758 1193 863 1280 pater
889 1193 1006 1257 noster
1032 1185 1186 1256 Joonnes
1212 1184 1393 1255 Barsusan
1419 1185 1581 1273 libellum,
1609 1190 1644 1255 in
1662 1207 1728 1278 quo
1749 1188 1967 1260 demonstra-

595 1294 645 1359 cit
677 1291 945 1380 sacrificationem
981 1291 1165 1380 positionis
1199 1287 1284 1357 salis
1320 1293 1353 1356 et
1388 1287 1457 1358 olei
1489 1291 1525 1358 in
1560 1287 1794 1360 Eucharistio.
1847 1289 1967 1364 lllelius

595 1394 770 1484 magisque
804 1394 991 1485 perspicue.
1044 1390 1195 1483 Scripsit
1227 1389 1417 1482 Epistolam
1446 1391 1596 1482 publice,
1623 1395 1659 1460 in
1686 1413 1753 1484 qua
1781 1393 1970 1485 ecplicacit

595 1499 795 1588 arpumento
821 1493 940 1585 quibas
964 1493 1069 1564 salem
1096 1499 1130 1564 et
1157 1493 1265 1563 oleum
1283 1495 1371 1583 pani
1399 1493 1642 1564 Eucti-aristion
1664 1501 1759 1564 recte
1787 1496 1969 1566 admisceri

592 1597 763 1690 probauit.
817 1595 1008 1667 Tractatum
1035 1596 1198 1686 ejusmodi
1224 1595 1368 1691 Syriaca
1387 1588 1544 1690 scriptum
1570 1598 1755 1692 reperimus
1782 1599 1814 1667 in
1839 1597 1967 1671 Codice

595 1698 811 1788 Colbertino,
839 1698 900 1770 sub
928 1697 992 1770 hoc
1019 1698 1121 1770 titulo.
1174 1699 1375 1790 Ecpticotio
1401 1703 1563 1789 mysticae
1588 1701 1866 1792 siqnificotionis,
1902 1725 1967 1773 sa-

594 1802 655 1889 tis,
692 1806 852 1894 fermenti
883 1808 918 1871 et
952 1802 1021 1872 clei
1056 1801 1146 1894 quod
1174 1805 1261 1893 pani
1291 1799 1534 1874 Eucharistico
1569 1803 1805 1890 admiscemus,
1846 1811 1968 1875 autore

594 1905 730 1975 Jconne
756 1904 980 1974 Patriorclea.
1032 1905 1066 1976 Is
1092 1927 1136 1974 ne
1163 1907 1206 1976 sit
1232 1924 1330 1997 quem
1355 1902 1535 1974 Barousan
1562 1905 1748 2000 appellant,
1783 1911 1966 1980 nescimus:

595 2007 655 2080 sed
684 2006 835 2100 Coptitas
863 2007 1092 2080 admistionem
1119 2007 1208 2078 illam
1234 2027 1302 2077 non
1328 2003 1494 2100 probasse
1521 2017 1647 2077 certmn
1674 2017 1746 2097 est,
1782 2031 1827 2080 ex
1853 2007 1965 2081 histo-

592 2113 645 2180 ria
670 2109 937 2181 Patriarcharum
951 2109 1255 2181 Alexandrinorum
1280 2111 1315 2178 in
1338 2111 1408 2179 vita
1424 2107 1635 2196 Christoduli,
1663 2110 1770 2204 deque
1786 2133 1827 2182 ca
1842 2112 1966 2183 dicetur

592 2213 627 2282 in
652 2217 741 2286 notis
769 2213 811 2284 ad
837 2211 998 2306 Syriacas
1024 2211 1202 2304 liturgias.

695 2317 733 2386 ln
759 2316 822 2387 illis
850 2315 992 2385 diximus
1018 2314 1217 2410 Dionysium
1242 2314 1409 2386 Barsalibi
1433 2316 1593 2386 mistionis
1624 2314 1709 2387 illius
1743 2338 1810 2387 non
1843 2321 1966 2388 memi-

476 2481 480 2488 ,
591 2420 703 2508 nisse,
738 2428 774 2489 ut
801 2439 884 2490 sane
910 2415 1052 2488 verbum
1079 2418 1121 2488 de
1148 2439 1189 2488 ea
1223 2439 1291 2487 non
1325 2416 1404 2488 lecit
1438 2420 1471 2488 in
1505 2417 1665 2488 Tractatu
1701 2418 1742 2489 de
1776 2423 1965 2514 praecipuis

282 3356 321 3410 Da
338 3357 423 3413 Procli
437 3358 559 3431 liturgia.

590 2519 822 2594 Eucharistiae
848 2519 974 2591 ritibus.
1028 2521 1075 2593 At
1100 2523 1133 2591 in
1161 2521 1409 2593 Commentario
1438 2520 1480 2590 ad
1505 2519 1626 2592 Jacobi
1660 2520 1863 2612 liturgiam,
1892 2545 1967 2594 cum
2088 2537 2093 2548 '

592 2622 713 2718 duplici
740 2624 868 2697 Codice
894 2625 945 2694 usi
970 2621 1166 2712 fuissemus,
1199 2627 1234 2694 in
1266 2645 1332 2694 uno
1358 2622 1438 2694 nihil
1470 2623 1577 2695 simile
1611 2647 1631 2694 a
1665 2623 1762 2697 nobis
1798 2635 1968 2720 repertum

590 2724 718 2798 luerat:
745 2729 778 2796 in
806 2726 911 2797 altero
938 2735 1049 2797 tamen
1075 2728 1260 2822 reperimus
1276 2736 1354 2820 post
1367 2725 1488 2798 editirm
1508 2725 1790 2799 Commentarium
1804 2739 1967 2819 nostnnn,

592 2827 634 2898 de
661 2853 702 2900 ea
729 2830 808 2903 salis
837 2839 870 2899 et
896 2828 963 2920 olei
981 2828 1185 2912 ,admistione
1211 2832 1306 2923 paria
1332 2829 1423 2900 illum
1449 2851 1524 2900 cum
1539 2829 1674 2922 reliquis
1693 2829 1791 2925 Syris
1807 2835 1965 2906 sensisse.

590 2930 705 3027 ltaque
734 2954 881 3004 errorem
909 2931 972 3002 hac
998 2935 1032 3002 in
1058 2943 1152 3027 parte
1178 2943 1344 3019 nostrum,
1371 2954 1415 3003 ne
1429 2929 1612 3003 lectoribus
1628 2931 1736 3003 fraudi
1755 2955 1832 3006 esse
1845 2937 1963 3028 possit,

591 3038 825 3124 agnoscimus3
852 3034 1013 3128 simulque
1039 3039 1222 3106 novitatem
1248 3035 1338 3106 illam
1366 3060 1385 3106 a
1412 3034 1573 3106 Jacobitis
1602 3035 1821 3107 introductam
1848 3036 1964 3124 tuisse,

590 3147 767 3232 antequam
792 3137 996 3208 Barsalibius
1025 3137 1205 3227 scriberet,
1233 3137 1322 3231 quod
1349 3135 1481 3207 dubium
1506 3135 1604 3208 nobis
1630 3135 1822 3228 videbatur,
1849 3136 1963 3209 liben-

589 3249 641 3311 ter
666 3239 816 3312 fatemur.
935 3301 943 3316 ,
1480 3271 1482 3286 ·

693 3342 865 3415 XXXVII.
921 3341 1057 3414 Gabriel
1083 3343 1212 3415 Sionita
1240 3347 1325 3414 inter
1358 3342 1440 3414 alias
1484 3363 1566 3436 quas
1608 3351 1764 3415 recenset
1796 3343 1964 3436 liturgias

588 3467 689 3518 unam
715 3456 866 3517 numerat
879 3446 1002 3518 Proclo
1017 3445 1157 3519 Joannis
1185 3445 1420 3542 Chrysostomi
1447 3444 1607 3540 discipulo
1635 3445 1841 3536 attributam,
1878 3470 1964 3541 quae

590 3548 733 3622 anobis
760 3553 793 3619 in
824 3549 913 3621 nullo
949 3547 1077 3621 Codice
1111 3559 1245 3644 reperta
1285 3559 1352 3632 est,
1386 3552 1449 3620 etsi
1481 3547 1663 3642 permultos
1698 3552 1963 3637 tractaverimus,

587 3663 724 3724 veteres
751 3661 784 3722 et
809 3641 920 3724 bonae
947 3661 1068 3742 notae,
1097 3662 1131 3724 et
1158 3651 1281 3746 aliquot
1306 3653 1522 3724 recentiores.
1577 3649 1771 3722 Verendum
1789 3675 1893 3746 porro
1920 3675 1964 3722 ne

589 3752 781 3826 Gabrielem
817 3757 976 3826 memorii
1011 3775 1091 3843 sua,
1125 3764 1181 3826 aut
1214 3754 1319 3826 falsus
1360 3754 1469 3824 titulus
1505 3753 1685 3849 deceperit.
1738 3753 1830 3828 Fieri
1864 3758 1963 3826 etiam

587 3861 692 3952 potuit
718 3869 754 3930 ut
780 3857 900 3931 Codex
928 3880 992 3951 quo
1019 3879 1100 3930 usus
1128 3866 1180 3930 est
1205 3857 1333 3928 Sionita
1361 3879 1406 3928 ex
1432 3855 1564 3927 illorum
1589 3878 1717 3948 genere
1743 3855 1849 3946 toret,
1878 3878 1962 3952 quos

587 3961 740 4032 advenae
768 3960 848 4057 Syri
875 3957 1128 4048 circumderunt,
1157 3969 1191 4030 et
1217 3981 1357 4052 quorum
1384 3958 1494 4029 titulos
1521 3969 1649 4029 mutare
1684 3959 1809 4048 solent,
1843 3981 1887 4029 ne
1921 3960 1963 4030 de

587 4061 784 4136 Orthodoxa
820 4064 901 4152 lile,
945 4085 1042 4156 quam
1075 4085 1114 4133 se
1150 4062 1303 4156 amplecti
1339 4071 1516 4149 testantur,
1548 4065 1773 4156 suspicionem
1805 4064 1962 4153 injiciant.

585 4165 634 4236 lta
661 4166 832 4240 Sacerdos
859 4163 1091 4256 Bagdadensis
1117 4163 1211 4236 Elias
1239 4165 1365 4242 titulum
1390 4168 1508 4236 tertiae
1536 4187 1618 4236 suae
1645 4164 1817 4254 Liturgiae
1848 4175 1963 4235 muta-

585 4279 705 4359 verat,
739 4280 773 4340 et
806 4293 851 4340 cx
876 4269 1025 4339 Nestorii
1051 4271 1186 4338 nomine
1212 4268 1351 4342 Joannis
1378 4289 1500 4340 nomen
1526 4267 1751 4355 formaverat,
1787 4265 1876 4361 quod
1903 4265 1962 4336 l-

584 4381 679 4443 cerat
705 4373 854 4449 similiter
881 4371 965 4442 alter
991 4393 1037 4442 ex
1063 4369 1325 4466 Mesopotamia,
1351 4371 1407 4444 lsa
1442 4375 1586 4442 nomine.
1640 4370 1798 4441 Dioscori
1831 4391 1963 4463 quoque

583 4495 706 4546 nomen
733 4477 779 4545 ita
805 4472 1075 4546 transformatum
1101 4477 1136 4545 in
1163 4473 1288 4568 aliquot
1315 4472 1496 4546 Codicibus
1525 4473 1830 4545 animadvertimus.

688 4591 800 4684 Atque
826 4589 911 4660 haec
939 4599 1014 4660 sunt
1039 4612 1125 4684 quae
1152 4589 1194 4662 de
1220 4589 1380 4682 Liturgiis
1397 4593 1597 4684 praesertim
1613 4586 1839 4660 Jacobitarum
1853 4608 1960 4682 prac-

583 4690 648 4763 fari
676 4691 870 4786 oportebat,
897 4690 1024 4784 reliqua
1051 4695 1200 4766 innotis
1228 4693 1271 4765 ad
1297 4690 1447 4785 singulas
1475 4689 1738 4789 explicabuntur.

1000 5037 1534 5083 ψ,
