4728 6028
650 577 706 652 Ill
737 573 1022 651 titulatas
1059 569 1331 650 Sl'thlltlS.
1621 570 1673 645 87

527 849 708 922 Diaconos.
762 847 869 934 Quom
894 846 1058 919 terribilia
1083 852 1135 919 cat
1159 845 1246 916 doec
1271 845 1369 932 bora,
1397 851 1461 918 etc.

407 1057 560 1136 Foaaonn
583 1067 660 1130 haec
682 1067 861 1132 hortationis
883 1067 1009 1130 Diaconi
1037 1066 1075 1129 ad
1097 1067 1340 1143 circumstantes,
1370 1065 1462 1146 paulo
1490 1073 1560 1129 ante
1587 1082 1676 1147 pam

309 1175 525 1256 pronunciatur
547 1171 701 1234 invocatio
724 1169 853 1251 Spiritus
875 1170 988 1249 sancti,
1012 1171 1095 1252 Syris
1118 1172 1240 1251 propria
1264 1176 1322 1246 est,
1344 1187 1443 1251 neque
1464 1170 1496 1231 in
1517 1177 1600 1233 tanto
1622 1169 1677 1232 Li-

310 1274 477 1357 turgiarum
499 1287 624 1334 nurnero
645 1269 696 1332 vel
718 1287 777 1332 una
807 1270 975 1349 reperitur,
1001 1269 1032 1330 in
1062 1287 1121 1350 qua
1143 1269 1246 1350 primis
1275 1267 1401 1332 vocibus
1429 1285 1489 1331 non
1520 1268 1676 1350 designata
1794 1318 1798 1327 .

309 1374 356 1435 sit.
401 1373 456 1435 Est
478 1375 577 1432 autem
600 1367 746 1449 quaedam
768 1367 917 1431 Praelatio
941 1367 978 1430 ad
1000 1369 1096 1449 ipsam
1117 1367 1353 1446 invocationem,
1375 1385 1442 1429 cum
1464 1385 1523 1446 qua
1546 1365 1677 1446 conjun-

310 1474 439 1535 ctionem
461 1469 550 1532 habet
572 1468 793 1547 necessariam,
825 1467 1081 1548 praecipuumque
1112 1466 1244 1528 continet
1273 1465 1343 1528 lldei
1371 1465 1409 1528 de
1437 1483 1512 1529 vera
1542 1471 1573 1526 et
1601 1464 1677 1527 reali

248 1633 251 1640 ,
309 1570 526 1634 clementorum
549 1567 795 1629 transmutatione
818 1573 1035 1648 argumentum.
1087 1565 1198 1629 lloram
1226 1567 1305 1628 enim
1331 1573 1571 1643 momentumque
1596 1570 1678 1626 tem-

309 1670 394 1750 poris
417 1667 606 1742 determinat,
629 1684 689 1747 quo
713 1667 903 1728 consecratio
926 1665 1094 1746 perficitur,
1122 1664 1173 1727 ael
1195 1664 1301 1728 saltem
1322 1664 1458 1746 perlecta
1481 1671 1512 1725 et
1534 1679 1677 1724 consum-

309 1774 387 1828 mata
411 1766 596 1830 declaratur:
619 1765 738 1828 modurn
762 1782 882 1845 quoquo
897 1784 957 1846 quo
969 1764 1135 1846 perlicitur,
1158 1783 1265 1844 nempe
1278 1765 1457 1827 adveniente
1481 1770 1512 1824 et
1532 1761 1676 1824 illabente

311 1865 424 1947 Spiritu
446 1873 563 1943 sancto,
586 1865 645 1926 hoe
668 1871 715 1926 est
738 1882 793 1945 per
814 1863 999 1941 miraculum,
1024 1863 1197 1944 etquidem
1219 1865 1389 1941 maximum,
1412 1862 1493 1944 quod
1516 1879 1678 1943 compara-

310 1971 359 2026 tur
386 1963 506 2047 illapsoi
540 1963 690 2044 ejusdem,
722 1963 751 2026 in
779 1969 912 2025 sanctam
935 1964 1090 2045 Virginem
1118 1962 1156 2025 ad
1184 1962 1401 2026 incarnationis
1428 1961 1617 2042 mysterium:
1646 1961 1678 2024 in

311 2063 471 2140 Christum,
494 2082 560 2126 cum
583 2063 614 2125 in
636 2061 769 2124 Jordane
799 2062 966 2143 baptisatus
993 2068 1041 2124 est
1068 2062 1238 2124 aloanne:
1268 2069 1302 2124 ut
1329 2079 1423 2142 super
1451 2059 1617 2142 Apostolos
1647 2060 1678 2121 in

311 2161 476 2226 coenaculo
499 2163 579 2226 Sion.
612 2160 656 2224 lta
675 2161 821 2244 jubentur
844 2160 1017 2240 Christiani,
1040 2161 1179 2224 hortante
1201 2160 1348 2240 hlasana,
1370 2161 1498 2224 credere
1520 2177 1591 2222 mox
1612 2159 1679 2223 lieri

309 2269 424 2323 tantam
445 2260 633 2340 miraculum,
656 2268 797 2343 mantum
819 2259 946 2322 humana
976 2266 1077 2322 mente
1099 2261 1218 2342 concipi
1239 2262 1357 2341 nequit:
1387 2261 1454 2324 lieri
1475 2261 1505 2322 in
1527 2259 1624 2339 altari,
1648 2266 1680 2322 et

309 2361 340 2423 in
363 2361 449 2424 donis
473 2377 568 2441 super
589 2360 661 2424 illud
683 2360 864 2442 propositis:
888 2360 1053 2440 attentique
1075 2377 1145 2423 csse
1168 2359 1206 2421 ad
1227 2361 1362 2441 mysterii
1384 2361 1679 2434 consummationem,

309 2459 391 2540 quod
420 2461 450 2521 ia
479 2460 621 2543 liturgiis
650 2459 774 2522 Graecis
804 2457 978 2542 vulgaribus
1007 2467 1038 2522 et
1065 2458 1123 2522 ilh's
1152 2477 1229 2540 quae
1259 2468 1327 2522 sunt
1356 2460 1441 2522 Ritus
1468 2457 1679 2538 Alexandrini,

309 2558 505 2640 paucioribus
528 2558 630 2622 verbis
654 2557 772 2622 dicitur.
817 2544 1019 2642 Πρόσχωμεν
1043 2555 1115 2640 Θεῷ
1136 2547 1358 2645 peroptatae.
1387 2558 1585 2621 Attendamus
1612 2557 1679 2620 Deo

311 2677 379 2721 eum
401 2659 518 2733 timore,
542 2665 572 2719 et
594 2659 624 2719 in
653 2657 859 2733 Nestorianis,
894 2655 968 2719 Οιιηι
997 2659 1103 2721 timore
1132 2666 1161 2720 et
1187 2658 1306 2720 silentio
1333 2660 1531 2722 attendamus.
1575 2657 1681 2719 Monet

311 2774 388 2841 ergo
411 2758 640 2821 circumstantes
662 2757 826 2835 Diaconos,
850 2764 883 2819 ut
911 2757 949 2820 ad
978 2757 1076 2820 omnia
1105 2775 1183 2839 quae
1210 2775 1281 2820 mox
1304 2775 1322 2819 a
1345 2757 1510 2822 Sacerdote
1539 2756 1680 2839 Spiritum
1714 2759 1719 2770 “

311 2864 445 2920 sanctum
468 2857 629 2920 invocante
652 2856 780 2919 audituri
804 2866 891 2935 sunt,
919 2858 1047 2920 animum
1070 2857 1223 2939 adjiciant:
1254 2857 1379 2920 credant
1401 2858 1451 2920 illa
1473 2857 1538 2920 lieri
1561 2874 1639 2938 quae
1662 2875 1679 2919 a

311 2953 377 3016 Deo
399 2955 547 3035 postulat:
570 2972 678 3036 nempe
701 2975 757 3037 per
779 2957 950 3037 adventum,
974 2963 1005 3018 et
1026 2955 1163 3037 illapsum
1177 2973 1233 3018 seu
1256 2959 1462 3038 operationem
1483 2956 1681 3020 immediatam

310 3054 442 3135 Spiritus
464 3054 579 3129 sancti,
607 3073 716 3135 panem
743 3055 810 3119 lteri
838 3073 950 3137 corpus
980 3058 1078 3136 ipsam
1110 3055 1221 3118 Christi
1252 3055 1385 3135 Domini,
1414 3057 1514 3118 vinum
1544 3056 1681 3138 ejusdem

313 3155 503 3236 sanguinem:
527 3171 586 3216 non
610 3173 666 3236 per
687 3154 775 3217 iidem
797 3157 1040 3237 suscipientium,
1069 3155 1176 3236 quibus
1205 3173 1267 3218 non
1297 3157 1353 3218 nisi
1382 3164 1453 3237 post
1475 3159 1547 3220 satis
1570 3157 1680 3240 longas

311 3269 422 3334 preces
445 3259 476 3314 et
498 3254 723 3334 caeremonias,
752 3254 918 3335 praebetur
948 3256 1182 3320 Sacramentum.
1227 3254 1275 3315 Ex
1301 3273 1338 3317 ea
1366 3255 1443 3334 nde,
1474 3255 1680 3336 proclamante

312 3351 429 3432 pariter
450 3351 595 3432 Diacono,
618 3355 717 3416 statim
739 3359 888 3416 testantur
909 3354 1013 3416 videre
1035 3371 1071 3414 se
1094 3351 1189 3416 oculis
1213 3352 1297 3430 fidei,
1326 3352 1476 3416 Christum
1497 3354 1679 3417 immolatum

315 3469 408 3534 super
430 3450 536 3530 altare,
560 3453 737 3534 sanguinem
760 3454 825 3534 ejus
847 3454 878 3514 in
899 3451 1006 3528 calice,
1029 3450 1111 3532 quod
1127 3450 1389 3514 acclamationibus
1413 3451 1541 3513 credere
1563 3471 1598 3514 se
1619 3470 1680 3534 po-

313 3550 403 3630 pulus
427 3557 563 3614 testatur.

401 3649 496 3713 ltecte
519 3651 612 3734 igitur
634 3651 664 3712 in
685 3648 776 3712 Libro
789 3648 1113 3712 blinisteriiDlaeonici
1135 3654 1255 3711 servata
1279 3657 1325 3712 est
1347 3647 1423 3711 haec
1445 3651 1541 3713 oratio
1564 3650 1679 3731 absque

312 3750 375 3812 ulla
398 3751 571 3814 mutatione.
616 3749 675 3813 Sed
697 3767 803 3830 parum
826 3747 1017 3812 attenderunt
1038 3748 1205 3810 Maronitae
1227 3748 1365 3812 editionis
1389 3755 1562 3828 curatores,
1594 3768 1680 3812 eam-

315 3849 392 3927 dem,
417 3849 602 3912 invocationi
626 3848 663 3911 ad
685 3867 773 3930 mam
795 3849 937 3928 refertur,
961 3855 992 3910 et
1016 3865 1094 3928 quae
1117 3849 1236 3912 omnino
1260 3849 1439 3930 interpolata
1462 3856 1519 3928 est,
1542 3866 1603 3912 non
1624 3867 1680 3912 re-

310 3946 477 4030 spondere.
516 3947 634 4030 Quippe
657 3957 759 4011 monet
780 3948 932 4010 Diaconos
954 3947 1010 4010 hac
1032 3949 1097 4030 ipsa
1120 3947 1194 4012 hora
1217 3948 1361 4012 advenire
1383 3949 1522 4029 Spiritum
1544 3957 1680 4012 sanctum

313 4067 408 4129 super
431 4048 508 4111 dona
530 4050 696 4130 proposita,
720 4055 751 4111 et
773 4065 811 4110 ea
832 4047 1031 4125 sanctificare,
1063 4047 1242 4128 allicereque
1266 4047 1376 4111 Christi
1404 4067 1515 4130 corpus
1546 4059 1577 4113 et
1604 4069 1680 4113 san-

311 4147 447 4232 guinem.
490 4146 532 4208 At
555 4147 704 4211 Sacerdos
727 4149 757 4209 in
780 4148 928 4225 oratione,
952 4155 1045 4229 prout
1068 4147 1181 4232 legitur
1207 4150 1237 4211 in
1265 4147 1377 4211 blissali
1407 4148 1570 4215 Chaldaico
1599 4151 1681 4214 illum

313 4247 445 4326 invocat,
469 4264 530 4308 non
552 4255 584 4309 ut
606 4246 682 4309 haec
704 4247 786 4327 bant,
808 4246 864 4310 sed
884 4255 917 4309 ut
946 4263 1057 4328 corpus
1086 4253 1117 4310 et
1146 4249 1271 4330 sanguis
1301 4247 1409 4311 Christi
1436 4251 1552 4329 prosint
1580 4250 1681 4312 susci-

312 4346 477 4427 pientibus,
501 4345 537 4407 ad
560 4347 767 4409 remissionem
789 4355 983 4428 peccatorum
1012 4355 1041 4409 et
1071 4348 1160 4410 vitam
1184 4355 1345 4412 aetemam.
1389 4347 1496 4428 Neque
1523 4357 1570 4412 est
1601 4348 1683 4430 qood

310 4445 472 4508 doctrinae
502 4443 674 4509 Catholicae
705 4447 929 4528 impugnatores
965 4465 1001 4509 se
1028 4452 1188 4527 torqueant
1218 4465 1285 4510 cum
1311 4447 1467 4527 Salmasio,
1498 4450 1549 4529 qui
1577 4457 1682 4512 contra

315 4545 476 4607 lectionem
499 4543 620 4608 Codicis
643 4543 761 4626 Coptici
782 4545 938 4630 Litargiae
953 4548 1062 4610 'sancti
1085 4547 1243 4628 Gregorii,
1270 4547 1407 4629 illapsum
1435 4551 1531 4612 sancti
1555 4547 1682 4628 Spiritus

316 4642 355 4706 ad
377 4643 484 4706 fideles
507 4643 619 4724 retulit,
644 4653 675 4707 ut
696 4645 813 4709 scilicet
833 4663 890 4726 per
911 4645 992 4709 illum
1008 4647 1193 4726 sanctificati,
1217 4644 1390 4710 Oblationes
1405 4665 1509 4711 sacras
1526 4645 1682 4730 perfidem

318 4749 534 4805 converterent
555 4743 586 4805 in
608 4763 719 4826 eorpus
743 4753 774 4808 et
795 4747 971 4830 sanguinem
999 4744 1119 4810 Christi.
1164 4745 1246 4807 illam
1275 4741 1513 4831 mcpappqaelcv
1534 4765 1590 4810 suo
1612 4746 1682 4808 loco

311 4841 526 4921 discussimus,
549 4844 673 4925 ejusque
696 4844 864 4908 lutilitatem
886 4846 1168 4908 demonstravimus:
1198 4863 1298 4926 noque
1328 4845 1378 4909 illa
1406 4853 1507 4927 potest
1533 4847 1682 4909 ullatenus

310 4939 432 5004 *formae
455 4941 653 5006 invocationis
677 4943 795 5026 Syriaci
817 4945 892 5008 ritus
923 4945 1151 5010 accommodari.
1196 4945 1360 5010 Potuerunt
1387 4947 1438 5028 qui
1465 4945 1595 5012 Editioai
1616 4945 1682 5008 Ro-

317 5058 423 5105 manae
446 5041 641 5123 praeluerunt
671 5043 884 5109 emendationis
911 5063 984 5109 suae
1013 5063 1122 5109 causas
1149 5045 1262 5110 habere
1289 5063 1362 5126 quas
1390 5048 1565 5130 perspicere
1593 5045 1683 5110 facile
