4728 6028
664 503 782 648 158Ι
1001 577 1680 661 struto-inritatu.

764 763 915 836 Elecarrs
939 787 1064 836 rocem.
1117 763 1349 854 OrationibnS‚
1383 775 1416 837 et
1443 765 1729 862 deprecationibus
1756 773 1872 839 eorum
1899 767 2022 862 adjuva

659 899 722 950 nos
748 878 910 970 Domine,
943 891 977 953 et
1002 903 1104 976 parco
1129 881 1242 956 nohis:
1269 890 1426 976 sorteque
1452 904 1567 956 eorum
1595 882 1713 976 dignos
1748 905 1811 956 nos
1843 884 1952 976 effice,
1986 896 2022 959 ut

659 1017 736 1068 cum
762 997 843 1089 illis,
870 1008 904 1070 et
929 996 1114 1072 interillos
1140 997 1325 1070 referamus
1351 997 1428 1090 tihi,
1455 1009 1518 1072 etc.

763 1115 924 1208 Populus.
975 1115 1094 1190 Amen.
1379 1104 1383 1114 ’

761 1229 936 1302 Sacerdos
962 1229 1152 1301 inclinatus.
1203 1228 1372 1302 Memento
1398 1232 1541 1304 Domine
1567 1241 1601 1303 ct
1625 1229 1768 1323 illorum,
1795 1237 1850 1329 qui
1876 1238 1910 1310 in
1936 1260 2021 1311 san-

658 1353 786 1418 ctorum
814 1345 912 1418 domo
934 1347 1004 1438 jam
1039 1345 1305 1436 obdormierunt,
1339 1354 1373 1418 et
1403 1351 1622 1454 quieverunt,
1655 1360 1841 1424 sanctorum
1874 1355 2021 1452 Patruus,

659 1472 693 1557 et
717 1463 926 1550 Doctorum;
952 1471 988 1534 ut
1014 1461 1237 1547 orationibus,
1274 1472 1308 1534 et
1333 1461 1625 1537 intercessionibus
1653 1487 1786 1560 eorum,
1822 1468 1864 1541 ab
1891 1470 2020 1542 adver-

658 1582 737 1651 sarii
765 1578 847 1650 dolis
875 1581 1069 1675 eripiamur,
1095 1600 1252 1651 necnon
1280 1578 1321 1652 ab
1349 1578 1533 1654 hominibus
1559 1584 1740 1677 perversis.

760 1693 910 1765 Elecens
935 1717 1060 1766 ccccm.
1086 1693 1131 1766 Et
1157 1717 1271 1767 eorum
1299 1697 1353 1790 qui
1379 1695 1495 1769 sedulo
1522 1695 1743 1789 Evangelium
1769 1711 1856 1774 tuum
1878 1703 2021 1774 inomni

657 1821 747 1883 terra
781 1811 1061 1898 circumtulerunt,
1099 1821 1132 1882 et
1163 1809 1350 1885 Ecclesiam
1384 1822 1472 1883 tuam
1503 1823 1651 1885 sanctam
1681 1817 1716 1885 in
1742 1814 1929 1890 orthodoxa
1955 1816 2020 1890 fido

657 1925 950 2000 confirmaverunt:
977 1950 1038 2022 per
1054 1927 1230 2000 Orationes
1257 1949 1374 2000 corum
1399 1947 1510 2022 puras,
1538 1949 1654 2000 omnes
1682 1928 1815 2022 adjuva,
1841 1937 1934 2005 etin
1951 1935 2019 2004 mi·-

656 2043 839 2118 sericordio
865 2053 920 2116 tna
947 2043 1125 2135 confirma,
1159 2054 1196 2117 ut
1229 2066 1303 2116 cum
1334 2042 1431 2136 illis,=
1451 2055 1484 2115 et
1518 2045 1604 2116 inter
1635 2044 1710 2118 illos
1746 2047 1929 2124 referamus
1963 2047 2021 2120 tibi

656 2161 817 2254 gloriam
844 2169 907 2232 etc.

679 2285 682 2290 '
758 2275 920 2368 Populus.
972 2275 1091 2348 Amen.

756 2391 932 2463 Sacerdos
957 2392 1148 2464 inclinatos.
1174 2393 1326 2482 Praesta,
1351 2393 1506 2482 Domine,
1531 2414 1594 2487 per
1619 2392 1815 2466 sacrificium
1840 2392 1904 2466 hoc
1931 2393 2019 2489 quod

652 2507 894 2604 peccatricibus
921 2511 1005 2580 meis
1031 2506 1181 2580 manibus
1208 2506 1267 2580 tihi
1294 2507 1447 2596 ollertur,
1481 2510 1673 2580 memoriam
1709 2508 1829 2581 bonam
1856 2508 2018 2606 patrituo,

651 2623 826 2718 fratribus,
855 2634 888 2696 et
914 2628 1081 2717 magistris
1107 2628 1251 2715 nostris,
1285 2633 1318 2696 et
1344 2622 1496 2698 omnibus
1527 2622 1678 2697 fidelibus
1711 2625 1873 2699 dclunctis
1905 2628 2019 2714 istius3

653 2750 688 2812 et
715 2743 950 2836 cujuscumque
976 2740 1051 2812 loci.

758 2857 909 2930 Elecens
940 2879 1065 2929 uocem.
1119 2858 1280 2947 Domine,
1315 2856 1457 2929 Domine
1489 2854 1654 2929 hominum
1693 2868 1841 2949 amator,
1877 2864 1911 2932 in
1944 2862 2018 2934 sinu

653 2971 889 3048 Abrahamaeo
917 2973 1047 3046 colloca
1074 2994 1133 3045 eos
1161 2975 1216 3070 qui
1241 2977 1283 3044 inv
1301 2994 1384 3044 vera
1409 2971 1474 3043 lide
1499 2975 1600 3045 vitam
1628 2987 1721 3046 suam
1740 2985 2017 3062 consummarunt,

655 3089 811 3164 auferens
838 3091 1068 3186 dimittensque
1094 3113 1209 3164 omnes
1235 3093 1444 3185 iniquitates,
1477 3099 1511 3161 et
1543 3089 1850 3186 praevaricationes
1877 3088 2018 3179 illorum,

656 3217 690 3278 et
713 3215 864 3278 nostras:
892 3207 1100 3301 quianullus
1128 3217 1180 3278 est
1205 3228 1225 3276 a
1251 3210 1398 3301 peccatis
1425 3208 1597 3294 immunis,
1628 3208 1692 3279 nisi
1717 3187 1880 3280 Dominus
1911 3207 2018 3296 Deus,

655 3332 689 3394 et
716 3321 873 3396 Salvator
899 3331 1013 3395 noster
1038 3322 1138 3396 lesus
1166 3319 1333 3410 Christus,
1359 3344 1420 3417 per
1447 3343 1555 3415 quem,
1585 3330 1619 3393 et
1644 3320 1905 3394 misericordiam
1930 3343 2019 3394 con-

654 3442 770 3535 sequi,
798 3449 831 3511 et
857 3440 1088 3513 remissionem
1116 3446 1330 3533 peccatorum
1356 3437 1472 3528 nohis,
1499 3439 1638 3532 stipsis
1665 3459 1851 3535 speramus,
1881 3448 2018 3534 propter

525 3647 526 3650 Ἴ
654 3578 739 3630 eum.

758 3673 919 3767 Populus.
972 3672 1117 3743 Dimitte.

756 3788 941 3861 Sacerdos.
994 3788 1156 3881 Ignosco,
1181 3788 1335 3876 Domine,
1362 3795 1395 3856 et
1422 3785 1546 3857 dimitte
1573 3806 1727 3872 errores,
1754 3792 1788 3856 et
1813 3785 2017 3883 insipientius

655 3927 832 3980 servorum
859 3903 1116 3999 ancillarumque
1143 3913 1291 3991 tuarum,
1325 3911 1392 3974 tam
1427 3899 1574 3974 occultas
1609 3923 1707 3997 quam
1739 3899 1948 3989 manifestas,
1983 3912 2017 3974 et

653 4044 717 4094 nos
744 4025 836 4119 eripe
863 4046 883 4094 a
910 4020 1105 4095 confusione
1131 4041 1244 4092 coram
1268 4029 1313 4106 te,
1340 4019 1434 4089 utin
1460 4017 1557 4090 nobis
1582 4028 1719 4112 propter
1745 4036 1820 4106 nos,
1851 4026 1885 4089 et
1910 4024 2017 4092 nostri

654 4161 757 4212 causa
783 4139 1006 4232 glorificetur,
1033 4146 1067 4209 et
1092 4137 1242 4208 laudetur
1267 4156 1389 4208 nomen
1415 4143 1505 4206 tuum
1537 4131 1761 4220 benedictum,
1796 4142 1830 4205 et
1861 4133 1936 4207 Filii
1969 4139 2016 4210 tui

653 4256 787 4329 Domini
813 4258 917 4329 nostri
942 4255 1025 4327 lesu
1053 4249 1184 4342 Christi,
1211 4264 1246 4326 et
1270 4252 1412 4349 Spiritus
1438 4255 1484 4324 tui
1509 4253 1606 4341 vivi,¹
1620 4260 1653 4322 et
1679 4251 1796 4340 sancti,
1826 4272 1925 4342 nunc,
1952 4262 2015 4326 etc.

740 4371 918 4468 ¹Populus.
971 4371 1073 4444 Sicut.

756 4488 941 4574 Sacerdos.
992 4487 1076 4560 Pax.

756 4604 917 4698 Populus.
969 4603 1012 4676 Et
1038 4625 1112 4674 cum
1138 4605 1254 4698 spiritu
1280 4612 1347 4676 tuo.

757 4721 940 4793 Sacerdos.
992 4718 1253 4792 Misericordiae.

756 4837 942 4910 Discursus.
992 4834 1175 4910 Credimus.
