4712 6032
572 573 715 648 ιιι.
1078 533 1440 649 arroasia

570 770 673 832 ctum:
701 759 862 855 simulque
887 759 1022 831 Domini
1050 761 1157 832 nostri
1182 759 1267 832 Jesu
1288 755 1420 846 Christi,
1447 767 1481 830 et
1496 757 1640 854 Spiritus
1667 760 1740 831 vivi
1766 767 1801 830 et
1826 763 1947 850 sancti,

568 894 667 946 nunc.
875 875 1037 969 Popatas.
1091 875 1194 946 Siout.

674 989 861 1064 Sacerdos.
914 991 998 1062 Pax.
1206 989 1369 1082 Popalas.
1422 988 1467 1061 Et
1493 1013 1569 1062 oum
1595 993 1713 1086 spiritu
1739 1001 1806 1063 tuo.

673 1104 859 1176 Sacerdos.
912 1106 995 1178 Sint.
1204 1105 1369 1197 Popatas.
1421 1104 1466 1176 Et
1492 1128 1578 1177 cum.

673 1219 858 1294 Sacerdos.
913 1219 1089 1293 Credimus
1116 1229 1151 1293 ot
1176 1219 1376 1294 accedimus.

673 1333 855 1407 Waaoaor
879 1336 966 1412 dicit
992 1335 1213 1407 Cattotteam.

811 1608 988 1681 Sacerdos
1013 1609 1100 1678 dicit
1128 1608 1326 1680 Orationem
1353 1615 1433 1679 aate
1459 1610 1561 1682 Pater
1586 1619 1712 1682 noster.

674 1798 818 1869 Domine
844 1799 1049 1890 misericors,
1076 1805 1111 1868 et
1135 1799 1235 1885 mitis,
1261 1800 1317 1892 qui
1345 1818 1446 1892 supra
1473 1800 1585 1870 omnia
1611 1797 1787 1870 extolleris
1813 1807 1846 1868 et
1866 1797 1946 1871 lau·

570 1909 667 1984 dibus
695 1901 892 2001 celebraris,
920 1911 1096 2001 exaltaris.
1122 1923 1157 1984 et
1188 1911 1406 2004 glorificaris:
1438 1922 1474 1983 ιιι
1505 1914 1649 1984 Domine
1681 1923 1816 2008 praesta
1848 1917 1948 1986 etiam
2018 1995 2030 2018 ⁹

569 2025 667 2100 nobis
694 2028 896 2123 pauperibus
924 2038 957 2099 et
989 2027 1108 2103 infimis
1139 2030 1249 2101 servis
1281 2029 1364 2114 tuis,
1397 2037 1433 2098 ιιι
1466 2050 1549 2123 pure
1584 2036 1619 2099 ot
1651 2039 1766 2101 sancte
1799 2051 1947 2119 oremus,

569 2140 751 2214 clamemus
779 2152 813 2213 et
840 2142 999 2215 dicamus.
1051 2142 1153 2215 Pater
1178 2155 1295 2216 noster
1321 2146 1377 2234 qai
1404 2165 1442 2213 es
1469 2146 1503 2212 in
1529 2141 1647 2214 coelis.

672 2256 836 2349 Popatas.
890 2256 1133 2328 Sanctificetur.

673 2369 858 2442 Sacerdos.
917 2370 946 2443 0
978 2371 1142 2457 Domino,
1179 2393 1199 2444 o
1234 2369 1400 2462 benigno,
1432 2392 1477 2441 ne
1512 2369 1679 2467 despicias
1710 2393 1792 2460 nos,
1833 2375 1879 2445 ita
1911 2383 1948 2447 ιιι

568 2488 767 2582 praevaleat
795 2486 975 2560 adversum
1001 2509 1065 2559 nos
1092 2489 1246 2576 tentatio,
1274 2485 1335 2558 sed
1360 2485 1468 2558 libera
1493 2509 1558 2559 nos
1585 2510 1605 2558 a
1632 2485 1720 2560 mato
1748 2486 1884 2578 rebelli,
1913 2500 1948 2562 et

570 2607 681 2682 aviis
708 2605 783 2694 ejus
810 2607 971 2676 tortuosis
998 2613 1032 2674 et
1057 2604 1247 2698 perversis:
1275 2605 1352 2695 quia
1378 2611 1468 2672 tuum
1495 2610 1548 2674 est
1573 2624 1734 2694 regnum,
1761 2613 1795 2676 et
1821 2608 1947 2697 unige-

569 2720 629 2789 niti
655 2716 730 2808 Filii
756 2720 814 2806 tui,
843 2729 875 2790 et
889 2719 1033 2815 Spiritus
1061 2718 1260 2790 sanctissimi
1285 2719 1345 2806 tui,
1370 2715 1461 2802 boni,
1489 2715 1650 2790 adorandi
1676 2728 1710 2790 et
1735 2719 1947 2795 vivificatis.
2066 2816 2069 2822 .

673 2833 836 2925 Popatas.
895 2834 1016 2905 Amen.

674 2948 864 3022 Diacoaas.
917 2949 1086 3020 Inclinmo.

673 3061 858 3135 Sacerdos.
912 3064 996 3135 Pax.

673 3177 837 3271 Popatas.
889 3178 934 3251 Et
959 3201 1044 3250 oum.

673 3291 850 3365 Sacerdos
876 3294 1015 3365 eteoaas
1039 3316 1165 3366 oocem.
1217 3293 1384 3378 Benedio.
1418 3294 1580 3380 Domine,
1607 3291 1733 3388 populo
1760 3304 1817 3367 tuo
1844 3293 1947 3398 fideli,

571 3411 626 3502 qui
653 3429 766 3480 coram
794 3419 828 3480 te
854 3408 1028 3482 inclinatam
1055 3420 1124 3482 ost:
1152 3411 1312 3506 eripequo
1338 3430 1402 3482 nos
1430 3429 1547 3480 omnes
1575 3431 1594 3478 a
1623 3407 1766 3483 damnis:
1793 3421 1946 3507 etprae-

569 3532 621 3596 sta
649 3521 759 3611 nobis,
786 3535 822 3596 ut
846 3527 1017 3621 mysteriis
1044 3525 1166 3596 divinis
1192 3549 1277 3623 pure
1304 3535 1338 3597 et
1363 3535 1478 3597 sancte
1505 3528 1798 3618 communicemus,
1826 3537 1860 3598 et
1885 3550 1947 3622 per

569 3636 624 3708 illa
652 3643 827 3733 expiemur
854 3649 889 3711 et
915 3639 1174 3713 sanctificemur:
1201 3638 1454 3735 referemnsque
1481 3636 1539 3709 tibi
1558 3637 1690 3712 laudem
1711 3652 1745 3713 et
1765 3645 1947 3734 gratiarum

570 3754 736 3826 actionem
762 3764 797 3827 et
821 3757 994 3847 unigenito
1021 3751 1107 3826 Filio
1134 3767 1203 3829 tuo.

671 3869 835 3961 Popatas.
888 3871 1009 3942 Amen.

673 3983 859 4054 Sacerdos.
913 3985 998 4056 Pars.

673 4097 836 4189 Popatas.
889 4097 1045 4171 Etcum.

671 4211 857 4284 Sacerdos.
912 4214 994 4286 Sint.
1203 4218 1365 4310 Popatas.
1418 4218 1572 4290 Etcum.

675 4325 863 4399 Diaconos.
919 4329 1164 4425 Unusquisque.

673 4439 858 4514 Sacerdos.
912 4444 1039 4517 Sancta
1065 4449 1200 4518 sanctis.

840 4716 962 4787 Oratio
987 4725 1067 4810 post
1094 4723 1343 4812 susceptionem
1368 4721 1679 4794 Sacrameatoram.

676 4882 811 4956 Gratias
840 4891 970 4978 agium
998 4887 1074 4979 tihi,
1106 4890 1248 4962 Domino
1273 4890 1386 4981 Deus,
1420 4892 1638 4965 obsecrantes
1666 4902 1700 4964 et
1726 4890 1946 4988 deprecantes

569 5003 620 5068 te:
646 5001 910 5094 praestandis,
936 5013 972 5074 ut
999 5006 1042 5075 sit
1068 5003 1167 5077 nohis
1195 5010 1380 5077 mmmunio
1407 5006 1491 5078 haec
1510 5006 1634 5098 dimna,
1662 5006 1705 5078 ad
1721 5009 1947 5100 expiationem
