4728 6028
668 585 795 710 '144
1287 638 1518 718 noenu

716 829 897 904 gnaverunt,
919 821 979 885 hnc
1000 842 1096 905 usque
1126 823 1302 904 praestitum
1329 832 1386 890 est.
1430 826 1569 907 Pugnant
1598 827 1836 907 quantumlibet
1859 825 1985 906 Graeci,
2017 847 2085 892 cum

696 919 882 1004 theologis
903 921 1136 986 Ecclesiasticae
1158 922 1332 1005 disciplinae
1358 943 1464 1007 parum
1486 927 1601 1007 peritis,
1625 925 1715 989 modo
1737 945 1805 989 cum
1826 928 1924 990 veteri
1946 927 2086 992 Ecclesia

717 1022 917 1100 consentiant,
940 1023 1023 1085 salva
1052 1022 1171 1087 illorum
1200 1023 1338 1087 doctrina
1364 1034 1421 1092 cst.
1465 1025 1507 1088 At
1535 1025 1615 1087 illam
1641 1033 1793 1106 veterem,
1823 1045 1902 1108 qnae
1930 1045 1998 1089 etun
2024 1027 2086 1090 ho-

717 1119 820 1182 dierna
843 1137 902 1182 una
925 1130 972 1184 est
993 1130 1025 1185 et
1047 1123 1164 1202 eadem,
1186 1141 1293 1188 orasse
1323 1143 1417 1204 super
1445 1125 1525 1187 dona
1550 1127 1612 1206 jam
1640 1133 1834 1202 consecrata,
1864 1127 1915 1207 qui
1945 1127 1976 1188 ia
2004 1133 2086 1192 tauta

717 1216 871 1282 literarum
893 1237 1047 1284 sacrarum
1069 1222 1137 1286 luce
1166 1241 1227 1285 non
1256 1231 1414 1306 agnoscat,
1436 1227 1462 1288 is
1485 1223 1680 1286 Orientalium
1702 1224 1820 1288 Rituum
1839 1225 1936 1306 judex
1957 1224 2084 1289 idoneus

717 1333 787 1378 esse
815 1336 876 1380 non
906 1326 1018 1400 potest.
1065 1321 1125 1385 Sed
1154 1322 1192 1385 dc
1221 1322 1268 1384 his
1301 1330 1441 1404 qnantum
1477 1341 1553 1405 opus
1586 1330 1655 1386 erat
1686 1325 1717 1386 in
1745 1323 2015 1387 Observaticnibus
2046 1325 2086 1388 ad

716 1413 820 1478 Basilii
842 1416 995 1501 Copticam
1016 1418 1182 1506 biturgiam
1204 1420 1312 1484 dictum
1336 1431 1391 1485 est

1115 1715 1150 1786 3.
1190 1715 1370 1788 [avocatio
1395 1716 1548 1810 Spiritus
1572 1721 1694 1789 cuncti.

815 1905 848 1985 F
851 1937 969 1982 cauum
992 1919 1070 1982 illius
1092 1921 1285 2004 integerrima
1307 1930 1365 1999 est,
1388 1929 1419 1985 et
1441 1922 1507 1984 aliis
1529 1920 1619 1984 valde
1641 1921 1763 1998 similis3
1785 1923 1844 1985 imo
1865 1923 1897 1986 in
1919 1941 1985 1986 eam
2007 1942 2085 1987 con-

716 2027 824 2103 gestae
845 2031 913 2085 sunt
933 2040 1029 2085 voces
1050 2041 1148 2106 prope
1171 2042 1286 2103 omnes,
1309 2043 1433 2106 quarum
1446 2025 1572 2087 adillam
1596 2025 1820 2104 exprimendam
1842 2044 1914 2088 usus
1938 2025 2085 2108 trequen-

717 2121 850 2188 tissimus
876 2129 938 2202 est,
970 2131 1002 2184 et
1035 2141 1129 2203 quae,
1163 2142 1231 2186 cum
1266 2124 1400 2187 camdem
1427 2125 1457 2187 in
1489 2124 1558 2187 stilo
1586 2123 1801 2190 Ecclesiastico
1835 2126 2084 2207 significationem

716 2219 856 2298 habeant,
885 2239 1070 2302 synonymae
1099 2219 1195 2286 videri
1223 2225 1351 2304 possint.
1409 2223 1494 2286 Unde
1531 2223 1650 2304 aliquae
1680 2240 1772 2304 saepe
1804 2242 1865 2285 non
1895 2226 2083 2303 adhibentur,

718 2338 784 2382 cum
807 2320 844 2382 ab
868 2321 933 2383 aliis
956 2321 1138 2384 sufficienter
1167 2323 1351 2403 exprimatur
1379 2324 1483 2386 efficax
1510 2323 1604 2385 saneti
1628 2321 1756 2402 Spiritus
1780 2325 1917 2405 operatio
1946 2327 1975 2388 in
2005 2325 2083 2390 dona

716 2421 883 2500 proposita.
928 2422 997 2484 Vox
1017 2431 1105 2489 itm]
1128 2423 1276 2503 persudat
1302 2423 1468 2506 respondet
1496 2421 1630 2484 Graecae
1660 2410 1833 2508 τελειώσῃ,
1864 2442 1942 2505 quae
1972 2443 2085 2488 consc-

717 2521 882 2584 crationem
904 2539 965 2583 non
986 2523 1094 2599 minus,
1117 2539 1206 2603 mmm
1226 2523 1307 2586 illius
1335 2524 1585 2605 complementum
1613 2529 1645 2583 ct
1673 2525 1958 2586 consummationem
1980 2525 2085 2606 sigm-

715 2619 799 2682 licat:
822 2639 930 2702 nempe
951 2621 1121 2703 postulatur
1142 2641 1159 2685 a
1181 2622 1258 2703 Deo,
1287 2630 1320 2686 ut
1346 2623 1503 2704 proposita
1523 2621 1620 2701 dona,
1651 2622 1741 2702 plena
1771 2623 2025 2704 sanctificatione,
2052 2632 2084 2688 et

716 2716 978 2783 transformatione
1007 2721 1181 2802 confirmet,
1214 2731 1248 2785 ut
1270 2723 1382 2804 legitur
1410 2725 1441 2786 in
1470 2723 1679 2785 vetustissimis
1710 2723 1896 2786 orationibus
1924 2724 2083 2788 ldissarum

718 2816 864 2896 Gotticae,
885 2819 1091 2884 llosarabicae
1113 2827 1145 2884 et
1167 2821 1348 2887 Gallicanae.
1375 2822 1416 2885 At
1430 2823 1547 2884 illarum
1569 2829 1703 2901 autores,
1727 2830 1758 2884 ct
1782 2825 1833 2904 qui
1854 2823 1912 2886 illis
1935 2823 1973 2887 ad
1995 2843 2082 2889 sacra

717 2917 897 2980 celebranda
920 2920 1091 2999 utebantur,
1113 2938 1174 2984 uon
1195 2924 1302 3004 magis,
1324 2942 1413 3005 quam
1435 2923 1503 3004 Syri
1526 2921 1675 3002 reliquiae
1698 2920 1868 2984 Orientales
1892 2922 1930 2986 de
1953 2932 2083 2987 contro*

716 3017 817 3080 versia
840 3037 906 3080 cum
929 3018 1054 3082 Graccis
1076 3029 1145 3083 nata
1167 3029 1238 3102 post
1260 3039 1354 3084 annos
1385 3020 1475 3098 mille,
1498 3020 1681 3103 cogitabant.
1725 3020 1833 3102 Neque
1856 3023 2082 3088 existimandum

716 3124 765 3177 est
791 3116 936 3180 inculcari
963 3123 1240 3185 transmutationem
1270 3130 1301 3184 et
1336 3121 1615 3196 consecrationem,
1643 3139 1680 3184 ea
1710 3123 1844 3198 ratione,
1878 3123 1961 3204 quod
1990 3126 2083 3188 verba

717 3211 828 3278 Christi
849 3219 1046 3297 pronunciata
1067 3236 1128 3282 non
1149 3219 1275 3283 luerint:
1305 3238 1372 3283 cum
1394 3220 1509 3301 absque
1531 3219 1601 3298 illis,
1624 3237 1690 3298 scu,
1713 3227 1745 3280 ut
1767 3220 1915 3284 Barsalibi
1937 3219 2080 3305 loquitur,

715 3311 831 3396 absque
851 3316 1036 3401 Evangelica
1049 3321 1232 3398 narratione,
1255 3337 1332 3400 quae
1347 3319 1453 3382 eadem
1468 3317 1562 3382 verba
1578 3318 1798 3400 complectitur,
1822 3323 2081 3386 consecrationem

714 3432 775 3478 non
804 3415 881 3491 fieri,
911 3425 1053 3480 constans
1083 3417 1279 3482 Orientalium
1307 3419 1445 3482 doctrina
1477 3421 1527 3484 sit.
1577 3417 1696 3498 Quippe
1725 3419 1756 3480 in
1785 3417 1909 3500 reliquis
1939 3422 2081 3504 liturgiis

715 3517 850 3597 quamvis
872 3515 923 3577 illa
944 3517 1089 3599 religiose
1106 3519 1353 3599 pronuncientur,
1375 3517 1529 3582 Invocatio
1543 3517 1636 3580 nihilo
1653 3517 1750 3579 minus
1763 3517 1954 3602 subjungitur
1974 3521 2081 3582 iisdem

715 3615 817 3678 verbis
840 3623 930 3696 atque
952 3617 1119 3683 sententiis.

818 3899 853 3968 ll.
901 3897 966 3982 Qui
991 3921 1015 3968 a
1041 3905 1075 3968 te
1098 3897 1258 3991 procedit
1291 3895 1335 3966 ab
1362 3902 1504 3967 aeterno
1537 3902 1572 3967 et
1598 3919 1621 3965 a
1650 3898 1724 3988 filio
1758 3901 1816 3965 tuo
1848 3897 1978 3988 accipit

1256 4011 1533 4085 substantialiter.

824 4205 901 4283 hm
929 4219 1024 4282 verba
1053 4235 1131 4299 quae
1160 4219 1389 4300 processionem
1415 4217 1512 4280 sancti
1538 4216 1666 4297 Spiritus
1694 4215 1822 4277 aPatre
1853 4221 1884 4276 et
1913 4215 1988 4278 Filio
2019 4231 2079 4278 non

715 4321 845 4386 obscure
882 4320 1055 4404 designant,
1091 4320 1331 4402 interpolationis
1367 4322 1569 4402 suspicionem
1605 4337 1711 4382 creare
1747 4326 1891 4400 possent,
1921 4320 1948 4382 si
1976 4319 2078 4382 similis

715 4421 882 4504 'theologia
905 4423 936 4484 in
958 4421 1023 4483 aliis
1045 4421 1199 4504 liturgiis,
1222 4439 1348 4502 quarum
1369 4423 1526 4503 integritas
1549 4427 1631 4482 certa
1656 4425 1718 4496 est,
1740 4435 1802 4480 non
1824 4427 2010 4484 occurreret.
2046 4418 2080 4480 ln

714 4519 851 4602 liturgia
873 4521 980 4602 lgnatii
1003 4520 1194 4584 Patriarcbae
1207 4521 1399 4596 Antiochenl,
1422 4529 1453 4583 et
1471 4522 1501 4582 in
1514 4519 1665 4583 nonnullis
1688 4518 1753 4580 aliis
1775 4517 1854 4580 idem
1877 4517 1988 4599 legitur
2010 4537 2076 4580 cum

714 4619 774 4682 hoc
795 4619 892 4684 solnm
915 4621 1086 4684 discrimine
1108 4620 1189 4702 quod
1210 4619 1280 4682 alibi
1301 4620 1422 4704 legitur,
1446 4628 1475 4682 et
1496 4639 1517 4681 a
1536 4619 1604 4699 silio
1625 4637 1703 4699 puae
1724 4617 1911 4679 obstantiae
1932 4625 2002 4678 suat
2022 4636 2079 4678 oe-

715 4722 798 4800 cipit‚
821 4728 872 4782 aut
894 4741 971 4800 quae
993 4722 1166 4783 essentialia
1187 4728 1271 4783 aaut:
1296 4726 1327 4782 et
1348 4723 1379 4783 in
1401 4721 1501 4783 verbis
1516 4718 1644 4781 diversis
1666 4735 1727 4779 una
1748 4723 1795 4779 est
1818 4716 1983 4797 cademque
2005 4735 2080 4779 seu-

714 4820 816 4882 tentia.
861 4819 937 4882 llinc
959 4829 1085 4901 apparet
1106 4819 1179 4882 illud
1201 4820 1282 4902 quod
1304 4819 1342 4882 de
1370 4813 1481 4900 Spiritu
1504 4825 1609 4881 sancto
1633 4835 1650 4878 a
1673 4817 1794 4879 Christo
1817 4815 1927 4878 dictum
1951 4823 2008 4892 est,
2030 4816 2080 4876 itte

715 4920 754 4980 de
775 4939 842 4980 meo
864 4921 1003 4998 accipiet,
1025 4937 1087 4982 non
1117 4920 1156 4983 dc
1187 4918 1273 4982 donis
1302 4921 1333 4981 in
1356 4919 1461 4982 fideles
1484 4916 1694 4995 conterendis,
1728 4916 1783 4980 sed
1814 4914 1851 4977 de
1881 4915 2078 4996 processione

714 5035 772 5100 per
793 5018 909 5097 Filium,
932 5017 1103 5082 Orientales
1126 5021 1341 5102 interpretatos
1363 5018 1468 5081 luisse.
1504 5017 1543 5080 Et
1564 5035 1637 5079 sanc
1660 5035 1726 5080 cum
1750 5033 1872 5079 errores
1894 5015 2079 5076 Francorum

714 5127 900 5198 enumerant,
923 5119 1030 5181 l'etrus
1051 5117 1221 5201 Episcopum
1249 5117 1415 5197 llelichae,
1442 5116 1550 5181 Paulus
1579 5116 1776 5198 sidoniensis,
1803 5114 1990 5194 Abulbircat,
2013 5110 2079 5174 Eb-
