4782 6068
773 553 858 636 ‚594
1349 537 1579 638 u'oulu

779 745 841 801 est:
863 747 925 802 tum
947 758 1014 806 cum
1036 741 1162 803 verbum
1184 739 1279 804 verbo
1302 741 1417 803 curauit
1437 737 1569 803 reddere
1591 739 1739 804 obscurus
1762 746 1820 819 est,
1843 747 1894 802 aut
1907 739 2013 824 fatigat
2024 758 2060 803 se
2076 741 2147 806 inu-

777 838 879 903 tiliter.
923 839 998 904 Nam
1021 838 1192 903 Orientales
1215 847 1247 903 et
1269 839 1338 922 Syri
1359 857 1435 922 prae
1457 838 1586 902 caeteris
1610 838 1761 903 abundant
1789 840 2024 921 synonymorum
2046 844 2146 923 copia,
2274 871 2277 876 ·

779 947 813 1002 ut
835 940 967 1021 exempli
988 958 1079 1003 causa
1101 955 1210 1003 vocem
1232 930 1332 1018 ἔλεος,
1355 957 1432 1020 quae
1455 937 1689 1001 misericordiam
1711 939 1860 1022 significat
1882 939 1976 1002 tribus
1991 938 2150 1005 admodum

778 1038 830 1100 uel
857 1047 986 1120 quatuor
1012 1039 1199 1119 exprimunt,
1228 1057 1307 1120 quaa
1337 1038 1461 1102 totidem
1487 1034 1600 1099 Latinis
1622 1037 1709 1100 reddi
1731 1046 1894 1119 nequeunt.
1938 1037 2001 1102 Nos
2023 1041 2148 1102 maberi-

777 1138 917 1200 conliam
935 1147 966 1201 et
982 1140 1204 1216 miserationes,
1227 1156 1305 1220 quae
1327 1155 1419 1200 voces
1442 1137 1473 1200 in
1487 1133 1708 1199 Ecclesiasticis
1730 1135 1841 1201 Olliciis
1857 1137 1950 1220 νιιΙςο
1963 1145 2148 1222 usurpantur

651 1295 653 1302 .
776 1235 965 1318 interpretati
987 1255 1104 1316 sumus,
1133 1245 1164 1300 et
1189 1237 1405 1320 simplicissima
1434 1252 1571 1317 quaeque
1600 1233 1694 1297 verba
1716 1235 1916 1317 praeferenda
1937 1255 2040 1306 sumus
2064 1237 2148 1301 arbi·

777 1336 857 1399 trati.
902 1334 1063 1398 Lusitanus
1085 1335 1253 1418 interpres,
1281 1353 1401 1398 amores
1421 1351 1520 1416 prope
1542 1333 1653 1415 ubique
1678 1337 1785 1398 vertit:
1813 1354 1886 1400 sane
1908 1353 1970 1398 non
1991 1335 2088 1416 bene,
2116 1343 2148 1398 ut

778 1433 869 1497 multa
893 1433 1050 1516 ejusmodi.

1121 1693 1156 1766 3.
1197 1695 1256 1767 Ad
1281 1694 1455 1768 lectiones.
1508 1697 1568 1768 Ad
1592 1696 1801 1802 Apostolum.

877 1884 994 1964 Pincus
1017 1900 1120 1963 verbis
1143 1899 1340 1984 significatur,
1363 1907 1524 1980 sequentes
1554 1900 1706 1962 orationes
1735 1899 1878 1963 dicendas
1908 1918 1996 1980 esse,
2027 1899 2148 1980 quando

776 2001 850 2064 dunt
871 2000 1018 2067 lectiones
1041 2021 1148 2066 sacrae
1169 2003 1355 2084 scripturae,
1383 2021 1423 2066 ex
1449 2003 1554 2066 Veteri
1577 2003 1780 2081 Testamenta,
1803 2012 1864 2065 tum
1887 2021 1926 2065 ex
1947 2002 2034 2066 Actis
2056 2000 2147 2084 Apo-

776 2100 934 2179 stolorum
954 2101 1109 2183 Epistolis‚
1130 2103 1214 2168 Pauli
1236 2109 1267 2166 et
1288 2101 1464 2166 Catholicis:
1487 2110 1557 2166 suut
1579 2109 1677 2165 autem
1699 2103 1810 2165 multae
1832 2105 1986 2167 oradouos
2008 2119 2065 2166 seu
2088 2103 2147 2166 be-

776 2199 967 2264 nedictiones
988 2201 1077 2284 hujus
1099 2203 1223 2286 generis
1245 2202 1276 2264 in
1298 2199 1433 2265 omnibus
1456 2198 1600 2283 Liturgiis
1629 2201 1842 2284 cujuscumque
1871 2202 1954 2264 ritus.
1998 2201 2033 2264 ln
2055 2201 2147 2266 llissa

776 2295 958 2376 Malabarica
984 2299 1056 2361 nilril
1086 2301 1218 2363 occurrit
1247 2300 1328 2361 circa
1350 2299 1498 2363 lectiones
1520 2299 1740 2380 Epistularum,
1764 2302 1822 2363 imo
1845 2319 1902 2364 nec
1925 2300 1962 2362 ad
1985 2299 2146 2362 lectionem

775 2395 945 2480 Evangelii,
967 2397 1049 2480 quod
1070 2401 1142 2462 satis
1165 2401 1281 2477 mirum,
1306 2416 1373 2462 cum
1395 2419 1435 2461 ex
1457 2399 1523 2462 aliis
1546 2396 1656 2461 Ollloiis
1679 2406 1810 2476 constet,
1832 2408 1948 2481 partem
1964 2397 2147 2462 illaslritur-

776 2496 845 2580 giae
875 2496 985 2576 luisse,
1015 2515 1116 2580 neque
1145 2501 1210 2562 sine
1240 2499 1438 2562 caeremoniis
1469 2508 1500 2562 et
1528 2497 1616 2561 thure
1646 2507 1809 2580 peractam.
1852 2497 1926 2560 Eam
1948 2496 2145 2580 disciplinam,

772 2595 848 2678 licet
869 2595 993 2660 breuius
1016 2616 1105 2678 mam
1127 2598 1290 2680 optandum
1310 2597 1428 2678 fuisset,
1451 2598 1612 2681 designant
1633 2605 1732 2661 tamen
1754 2598 1849 2661 nostri
1872 2597 2007 2661 codices.
2051 2598 2084 2660 ln
2108 2617 2147 2662 ea

777 2695 916 2758 oratione
929 2712 1017 2776 quam
1029 2705 1098 2759 aute
1109 2696 1295 2778 Apostolum,
1316 2697 1378 2760 hoc
1393 2696 1607 2778 estEpistolae
1626 2694 1785 2760 lectionem
1808 2697 1867 2759 dici
1889 2694 1990 2776 debet,
2014 2699 2148 2760 occurrit

783 2811 854 2875 una,
878 2812 956 2876 quae
978 2795 1067 2858 aliter
1089 2794 1201 2880 legitur
1221 2798 1251 2859 in
1274 2796 1367 2860 llissa
1388 2796 1586 2876 blalabarica,
1609 2803 1640 2859 ct
1662 2796 1700 2859 de
1722 2813 1780 2878 qua
1803 2795 1960 2859 dicendum
1983 2803 2040 2860 est.

985 3075 1020 3145 d.
1058 3073 1217 3164 Sanctia,
1244 3075 1444 3164 laedendus,
1468 3081 1602 3169 potens,
1629 3072 1837 3163 immortalis,
1872 3080 1937 3146 etc.

887 3265 923 3344 lu
935 3276 1114 3354 blalabarica
1129 3279 1260 3343 Sensim
1273 3279 1367 3355 Deus,
1389 3279 1627 3360 monsfortis,
1648 3286 1773 3341 sonabas
1793 3280 1980 3354 damandi,
2003 3281 2146 3344 mmmm

646 3437 648 3442 ,
776 3381 883 3444 nobis:
906 3382 1012 3445 eadem
1035 3383 1253 3464 propemodum
1276 3385 1426 3448 sententia
1448 3391 1511 3461 est,
1534 3400 1635 3463 neque
1656 3380 1896 3462 interpolationis
1918 3383 2052 3463 suspicio
2076 3401 2146 3448 esse

776 3480 877 3545 debet.
922 3480 1057 3561 Hymnus
1085 3484 1196 3564 quippe
1224 3482 1295 3561 ille,
1330 3500 1430 3564 quem·
1448 3482 1541 3567 vulgo
1571 3481 1741 3563 Trisagiam
1763 3479 1931 3563 appellant,
1953 3482 1984 3543 in
2006 3481 2145 3544 Ecclesia

776 3579 1108 3662 Constantinopolitana
1131 3583 1245 3645 initium
1266 3579 1377 3660 habuit,
1401 3580 1490 3664 idque
1512 3589 1642 3646 testatur
1664 3600 1705 3644 ex
1717 3599 1840 3644 suorum
1855 3579 2015 3644 traditione
2034 3580 2143 3643 Amrus

775 3677 904 3742 Mathaei
926 3678 1020 3756 lilius3
1044 3687 1075 3742 et
1099 3679 1136 3744 de
1159 3681 1225 3762 ejus
1247 3699 1304 3743 usu
1326 3682 1405 3743 inter
1422 3699 1509 3744 sacra
1526 3679 1627 3744 Ollioia
1651 3681 1737 3742 testis
1761 3687 1816 3744 est.
1851 3679 2044 3743 Additionem
2067 3697 2144 3760 quae

774 3777 895 3840 Petrum
919 3779 1111 3860 Gnapheum‚
1135 3787 1168 3842 ut
1189 3779 1283 3864 vulgo
1306 3779 1453 3859 creditur,
1477 3789 1612 3843 autorem
1634 3779 1752 3855 habuit,
1773 3780 1826 3860 qai
1845 3779 2012 3858 crucifixas
2034 3797 2067 3840 es
2086 3795 2144 3857 pro

774 3878 878 3959 aubis,
901 3887 958 3943 ete.
988 3880 1130 3961 ignorant
1159 3888 1190 3944 et
1212 3887 1391 3944 aversantur
1412 3880 1600 3956 Nestorium,
1629 3895 1692 3941 non
1719 3879 1815 3940 minus
1844 3897 1933 3960 quam
1963 3876 2142 3940 Orthodoxi.

776 3975 851 4041 Eam
874 3977 984 4060 adjecit
1005 3977 1044 4041 ad
1066 3995 1150 4042 oram
1173 3977 1293 4042 Codicis
1316 3977 1483 4042 colbertini
1505 3977 1624 4061 quidam
1644 3975 1791 4040 Jacobita.

1088 4259 1125 4329 5.
1165 4257 1389 4330 Descendens
1414 4253 1577 4329 solmadit
1601 4255 1833 4349 Eoonpeliam.

875 4447 968 4528 Num
991 4460 1135 4541 praesidii
1156 4460 1216 4524 boc
1237 4463 1267 4524 in
1290 4461 1359 4526 loco
1381 4459 1509 4524 habetor
1531 4459 1677 4523 exilisse
1690 4457 1887 4522 blalabarioa:
1910 4457 1966 4522 sed
1988 4457 2144 4538 expausis

776 4564 841 4628 istis
865 4563 966 4628 verbis
981 4564 1110 4646 intelligi
1121 4572 1223 4645 potest
1236 4565 1274 4628 ad
1284 4565 1443 4649 Evangelii
1455 4564 1626 4642 lectionem,
1648 4579 1710 4626 non
1730 4563 1827 4624 minus
1849 4563 2042 4624 reverentiae
2065 4561 2144 4642 apud

774 4662 973 4728 Nestorianos
988 4679 1077 4746 quam
1093 4663 1173 4742 alibi,
1195 4663 1288 4727 luisse
1311 4664 1487 4728 adhibitum:
1509 4680 1618 4744 nempe
1640 4662 1799 4726 salutatuun
1820 4659 1926 4737 luisse,
1947 4661 2144 4739 incensatum,

776 4771 808 4825 et
830 4781 897 4846 oum
919 4761 1034 4827 honora
1055 4761 1308 4845 praecedentibus
1332 4765 1430 4828 cereis
1453 4761 1490 4826 ad
1513 4763 1672 4826 ambonem
1694 4761 1833 4824 delatum.
1877 4759 2145 4824 Proclamatianem

776 4869 891 4940 autem,
916 4863 1000 4945 cujus
1023 4861 1172 4925 hocloco
1195 4863 1306 4926 mentio
1329 4871 1392 4938 est,
1414 4862 1617 4926 existimamus
1640 4879 1711 4924 esse
1733 4861 1828 4943 ipsam
1848 4859 2008 4942 Evangelii
2030 4860 2145 4921 recita-

773 4959 889 5023 tionem
910 4978 988 5042 quae
1011 4959 1043 5023 tit
1064 4960 1123 5024 alta
1145 4978 1223 5025 voce
1243 4963 1275 5024 in
1297 4963 1434 5025 omnibns
1456 4961 1614 5027 Ecclesiis.
1652 4959 1756 5024 Oratio
1779 4977 1856 5042 quae
1879 4957 2089 5040 interponitur,
2110 4959 2143 5020 iu

774 5077 835 5140 qua
856 5059 933 5122 haec
952 5059 1047 5123 verba
1070 5067 1157 5142 sunt,
1185 5062 1238 5143 qut
1256 5062 1407 5124 revelatas
1428 5080 1462 5123 es
1482 5059 1571 5123 uobis
1592 5061 1625 5122 in
1646 5078 1773 5140 corpore
1794 5059 1990 5122 humanitatis
2009 5065 2144 5136 noerae,
