<?xml version="1.0" encoding="UTF-8"?>
<!DOCTYPE html PUBLIC "-//W3C//DTD XHTML 1.0 Transitional//EN"
    "http://www.w3.org/TR/xhtml1/DTD/xhtml1-transitional.dtd">
<html xmlns="http://www.w3.org/1999/xhtml" xml:lang="en" lang="en">
 <head>
  <title>
</title>
<meta http-equiv="Content-Type" content="text/html;charset=utf-8" />
  <meta name='ocr-system' content='tesseract 3.04.00' />
  <meta name='ocr-capabilities' content='ocr_page ocr_carea ocr_par ocr_line ocrx_word'/>
</head>
<body>
  <div class='ocr_page' id='page_1' title='image "./liturgiarumorie04renagoog_0297.png"; bbox 0 0 4712 6032; ppageno 0'>
   <div class='ocr_carea' id='block_1_1' title="bbox 646 625 1515 712">
    <p class='ocr_par' dir='ltr' id='par_1_1' title="bbox 646 625 1515 712">
     <span class='ocr_line' id='line_1_1' title="bbox 646 625 1515 712; baseline 0.012 -11"><span class='ocrx_word' id='word_1_1' title='bbox 646 625 724 704; x_wconf 80' lang='lat'><strong>260</strong></span> <span class='ocrx_word' id='word_1_2' title='bbox 1158 632 1515 712; x_wconf 81' lang='lat' dir='ltr'>LITURGIA</span> 
     </span>
    </p>
   </div>
   <div class='ocr_carea' id='block_1_2' title="bbox 640 811 2018 2374">
    <p class='ocr_par' dir='ltr' id='par_1_2' title="bbox 643 811 2018 1596">
     <span class='ocr_line' id='line_1_2' title="bbox 644 811 2018 908; baseline 0.01 -34"><span class='ocrx_word' id='word_1_3' title='bbox 644 811 764 894; x_wconf 87' lang='lat' dir='ltr'><strong>lactum,</strong></span> <span class='ocrx_word' id='word_1_4' title='bbox 789 817 825 878; x_wconf 93' lang='lat' dir='ltr'><strong>ab</strong></span> <span class='ocrx_word' id='word_1_5' title='bbox 849 818 906 881; x_wconf 88' lang='lat' dir='ltr'><strong>illis</strong></span> <span class='ocrx_word' id='word_1_6' title='bbox 929 819 1106 901; x_wconf 89' lang='lat' dir='ltr'><strong>praesertim</strong></span> <span class='ocrx_word' id='word_1_7' title='bbox 1130 819 1181 898; x_wconf 91' lang='lat' dir='ltr'><strong>qui</strong></span> <span class='ocrx_word' id='word_1_8' title='bbox 1202 819 1233 880; x_wconf 90' lang='lat' dir='ltr'><strong>in</strong></span> <span class='ocrx_word' id='word_1_9' title='bbox 1248 817 1399 899; x_wconf 84' lang='lat' dir='ltr'><strong>Europam</strong></span> <span class='ocrx_word' id='word_1_10' title='bbox 1421 821 1591 894; x_wconf 89' lang='lat' dir='ltr'><strong>venientes,</strong></span> <span class='ocrx_word' id='word_1_11' title='bbox 1615 819 1744 885; x_wconf 84' lang='lat' dir='ltr'><strong>Codices</strong></span> <span class='ocrx_word' id='word_1_12' title='bbox 1763 822 2018 908; x_wconf 81' lang='lat' dir='ltr'><strong>suosLiturgioos</strong></span> 
     </span>
     <span class='ocr_line' id='line_1_3' title="bbox 645 912 2014 1004; baseline 0.009 -29"><span class='ocrx_word' id='word_1_13' title='bbox 645 912 831 980; x_wconf 83' lang='lat' dir='ltr'><strong>deferebant.</strong></span> <span class='ocrx_word' id='word_1_14' title='bbox 876 918 919 981; x_wconf 93' lang='lat' dir='ltr'><strong>lta</strong></span> <span class='ocrx_word' id='word_1_15' title='bbox 945 917 1051 981; x_wconf 87' lang='lat' dir='ltr'><strong>lacobi</strong></span> <span class='ocrx_word' id='word_1_16' title='bbox 1079 917 1225 981; x_wconf 90' lang='lat' dir='ltr'><strong>Baradaei</strong></span> <span class='ocrx_word' id='word_1_17' title='bbox 1246 935 1354 981; x_wconf 90' lang='lat' dir='ltr'><strong>nomen</strong></span> <span class='ocrx_word' id='word_1_18' title='bbox 1382 918 1413 978; x_wconf 92' lang='lat' dir='ltr'><strong>io</strong></span> <span class='ocrx_word' id='word_1_19' title='bbox 1437 917 1551 982; x_wconf 83' lang='lat' dir='ltr'>Codice</span> <span class='ocrx_word' id='word_1_20' title='bbox 1573 920 1771 1002; x_wconf 82' lang='lat' dir='ltr'><strong>Seguicriano</strong></span> <span class='ocrx_word' id='word_1_21' title='bbox 1793 929 1934 986; x_wconf 88' lang='lat' dir='ltr'><strong>mutatum</strong></span> <span class='ocrx_word' id='word_1_22' title='bbox 1957 932 2014 1004; x_wconf 87' lang='lat' dir='ltr'><strong>est,</strong></span> 
     </span>
     <span class='ocr_line' id='line_1_4' title="bbox 644 1015 2016 1098; baseline 0.009 -24"><span class='ocrx_word' id='word_1_23' title='bbox 644 1019 676 1074; x_wconf 89' lang='lat' dir='ltr'><strong>et</strong></span> <span class='ocrx_word' id='word_1_24' title='bbox 697 1015 832 1078; x_wconf 84' lang='lat' dir='ltr'><strong>Nisibeni</strong></span> <span class='ocrx_word' id='word_1_25' title='bbox 854 1018 1060 1081; x_wconf 88' lang='lat' dir='ltr'><strong>substitutum:</strong></span> <span class='ocrx_word' id='word_1_26' title='bbox 1089 1016 1236 1098; x_wconf 80' lang='lat' dir='ltr'><strong>Dionysio</strong></span> <span class='ocrx_word' id='word_1_27' title='bbox 1259 1015 1438 1078; x_wconf 73' lang='lat' dir='ltr'><strong>Atheniensi</strong></span> <span class='ocrx_word' id='word_1_28' title='bbox 1461 1017 1572 1080; x_wconf 87' lang='lat' dir='ltr'><strong>tributa</strong></span> <span class='ocrx_word' id='word_1_29' title='bbox 1594 1019 1625 1080; x_wconf 89' lang='lat' dir='ltr'><strong>in</strong></span> <span class='ocrx_word' id='word_1_30' title='bbox 1646 1019 1785 1084; x_wconf 91' lang='lat' dir='ltr'><strong>Editione</strong></span> <span class='ocrx_word' id='word_1_31' title='bbox 1808 1021 1939 1084; x_wconf 91' lang='lat' dir='ltr'><strong>blissalis</strong></span> <span class='ocrx_word' id='word_1_32' title='bbox 1961 1022 2016 1086; x_wconf 89' lang='lat' dir='ltr'><strong>Li-</strong></span> 
     </span>
     <span class='ocr_line' id='line_1_5' title="bbox 644 1113 2015 1201; baseline 0.009 -29"><span class='ocrx_word' id='word_1_33' title='bbox 644 1115 772 1194; x_wconf 81' lang='lat' dir='ltr'><strong>turgiae,</strong></span> <span class='ocrx_word' id='word_1_34' title='bbox 790 1135 867 1196; x_wconf 88' lang='lat' dir='ltr'><strong>quae</strong></span> <span class='ocrx_word' id='word_1_35' title='bbox 880 1117 1018 1199; x_wconf 86' lang='lat' dir='ltr'><strong>Dionysii</strong></span> <span class='ocrx_word' id='word_1_36' title='bbox 1032 1115 1178 1180; x_wconf 80' lang='lat' dir='ltr'><strong>barsalibi</strong></span> <span class='ocrx_word' id='word_1_37' title='bbox 1192 1115 1330 1178; x_wconf 78' lang='lat' dir='ltr'><strong>Amideoi</strong></span> <span class='ocrx_word' id='word_1_38' title='bbox 1345 1114 1489 1196; x_wconf 85' lang='lat' dir='ltr'><strong>Episcopi</strong></span> <span class='ocrx_word' id='word_1_39' title='bbox 1502 1113 1573 1180; x_wconf 85' lang='lat' dir='ltr'><strong>tuit:</strong></span> <span class='ocrx_word' id='word_1_40' title='bbox 1596 1125 1686 1198; x_wconf 86' lang='lat' dir='ltr'><strong>atquc</strong></span> <span class='ocrx_word' id='word_1_41' title='bbox 1699 1122 1739 1184; x_wconf 84' lang='lat' dir='ltr'><strong>ita</strong></span> <span class='ocrx_word' id='word_1_42' title='bbox 1752 1121 1791 1184; x_wconf 88' lang='lat' dir='ltr'><strong>de</strong></span> <span class='ocrx_word' id='word_1_43' title='bbox 1808 1121 1874 1184; x_wconf 90' lang='lat' dir='ltr'><strong>aliis</strong></span> <span class='ocrx_word' id='word_1_44' title='bbox 1894 1119 2015 1201; x_wconf 89' lang='lat' dir='ltr'><strong>aliquot.</strong></span> 
     </span>
     <span class='ocr_line' id='line_1_6' title="bbox 645 1211 2015 1298; baseline 0.007 -25"><span class='ocrx_word' id='word_1_45' title='bbox 645 1211 787 1293; x_wconf 86' lang='lat' dir='ltr'><strong>Quisquis</strong></span> <span class='ocrx_word' id='word_1_46' title='bbox 809 1234 902 1295; x_wconf 89' lang='lat' dir='ltr'><strong>porro</strong></span> <span class='ocrx_word' id='word_1_47' title='bbox 926 1225 1014 1280; x_wconf 89' lang='lat' dir='ltr'><strong>autor</strong></span> <span class='ocrx_word' id='word_1_48' title='bbox 1036 1216 1126 1279; x_wconf 88' lang='lat' dir='ltr'><strong>luerit</strong></span> <span class='ocrx_word' id='word_1_49' title='bbox 1148 1217 1245 1293; x_wconf 88' lang='lat' dir='ltr'><strong>istius,</strong></span> <span class='ocrx_word' id='word_1_50' title='bbox 1266 1214 1410 1278; x_wconf 86' lang='lat' dir='ltr'><strong>Jacobltis</strong></span> <span class='ocrx_word' id='word_1_51' title='bbox 1433 1219 1587 1298; x_wconf 88' lang='lat' dir='ltr'><strong>propriam</strong></span> <span class='ocrx_word' id='word_1_52' title='bbox 1609 1214 1715 1298; x_wconf 88' lang='lat' dir='ltr'><strong>luisse,</strong></span> <span class='ocrx_word' id='word_1_53' title='bbox 1737 1221 1828 1282; x_wconf 89' lang='lat' dir='ltr'><strong>unico</strong></span> <span class='ocrx_word' id='word_1_54' title='bbox 1851 1219 1906 1282; x_wconf 89' lang='lat' dir='ltr'><strong>sed</strong></span> <span class='ocrx_word' id='word_1_55' title='bbox 1925 1221 2015 1283; x_wconf 88' lang='lat' dir='ltr'><strong>indu-</strong></span> 
     </span>
     <span class='ocr_line' id='line_1_7' title="bbox 643 1311 2013 1400; baseline 0.005 -27"><span class='ocrx_word' id='word_1_56' title='bbox 643 1311 737 1376; x_wconf 91' lang='lat' dir='ltr'><strong>bitato</strong></span> <span class='ocrx_word' id='word_1_57' title='bbox 767 1327 943 1398; x_wconf 81' lang='lat' dir='ltr'><strong>argumento</strong></span> <span class='ocrx_word' id='word_1_58' title='bbox 973 1323 1107 1395; x_wconf 89' lang='lat' dir='ltr'><strong>constat,</strong></span> <span class='ocrx_word' id='word_1_59' title='bbox 1139 1315 1421 1379; x_wconf 73' lang='lat' dir='ltr'><strong>commemoratione</strong></span> <span class='ocrx_word' id='word_1_60' title='bbox 1452 1315 1568 1378; x_wconf 89' lang='lat' dir='ltr'><strong>scilicet</strong></span> <span class='ocrx_word' id='word_1_61' title='bbox 1591 1318 1678 1379; x_wconf 86' lang='lat' dir='ltr'><strong>trium</strong></span> <span class='ocrx_word' id='word_1_62' title='bbox 1701 1317 1905 1400; x_wconf 78' lang='lat' dir='ltr'><strong>Synodorum:</strong></span> <span class='ocrx_word' id='word_1_63' title='bbox 1936 1336 2013 1398; x_wconf 89' lang='lat' dir='ltr'><strong>quae</strong></span> 
     </span>
     <span class='ocr_line' id='line_1_8' title="bbox 644 1411 2014 1498; baseline 0.005 -25"><span class='ocrx_word' id='word_1_64' title='bbox 644 1411 1104 1498; x_wconf 70' lang='grc'>111111111111111111111111111111111,</span> <span class='ocrx_word' id='word_1_65' title='bbox 1117 1423 1230 1478; x_wconf 87' lang='lat' dir='ltr'><strong>certam</strong></span> <span class='ocrx_word' id='word_1_66' title='bbox 1244 1413 1461 1494; x_wconf 70' lang='lat' dir='ltr'><strong>abjurationem</strong></span> <span class='ocrx_word' id='word_1_67' title='bbox 1470 1417 1604 1478; x_wconf 86' lang='lat' dir='ltr'><strong>continet</strong></span> <span class='ocrx_word' id='word_1_68' title='bbox 1612 1415 1867 1482; x_wconf 86' lang='lat' dir='ltr'><strong>Calchedonensis</strong></span> <span class='ocrx_word' id='word_1_69' title='bbox 1879 1426 2014 1498; x_wconf 87' lang='lat' dir='ltr'><strong>quartae,</strong></span> 
     </span>
     <span class='ocr_line' id='line_1_9' title="bbox 644 1512 1640 1596; baseline 0.003 -20"><span class='ocrx_word' id='word_1_70' title='bbox 644 1521 675 1576; x_wconf 86' lang='grc'><strong>11</strong></span> <span class='ocrx_word' id='word_1_71' title='bbox 697 1513 851 1578; x_wconf 86' lang='lat' dir='ltr'><strong>doctrinae</strong></span> <span class='ocrx_word' id='word_1_72' title='bbox 874 1514 911 1579; x_wconf 91' lang='lat' dir='ltr'><strong>ab</strong></span> <span class='ocrx_word' id='word_1_73' title='bbox 935 1515 1040 1578; x_wconf 87' lang='lat' dir='ltr'><strong>cadom</strong></span> <span class='ocrx_word' id='word_1_74' title='bbox 1063 1515 1208 1576; x_wconf 85' lang='lat' dir='ltr'><strong>adversus</strong></span> <span class='ocrx_word' id='word_1_75' title='bbox 1231 1512 1459 1596; x_wconf 80' lang='lat' dir='ltr'><strong>blonopbpsitas</strong></span> <span class='ocrx_word' id='word_1_76' title='bbox 1482 1513 1640 1579; x_wconf 79' lang='lat' dir='ltr'><strong>stabilitae.</strong></span> 
     </span>
    </p>

    <p class='ocr_par' dir='ltr' id='par_1_3' title="bbox 640 1611 2015 2374">
     <span class='ocr_line' id='line_1_10' title="bbox 730 1611 2014 1696; baseline 0.001 -22"><span class='ocrx_word' id='word_1_77' title='bbox 730 1611 760 1676; x_wconf 83' lang='lat'><strong>2.</strong></span> <span class='ocrx_word' id='word_1_78' title='bbox 784 1614 884 1676; x_wconf 88' lang='lat' dir='ltr'><strong>Verba</strong></span> <span class='ocrx_word' id='word_1_79' title='bbox 902 1614 1012 1678; x_wconf 85' lang='lat' dir='ltr'><strong>Christi</strong></span> <span class='ocrx_word' id='word_1_80' title='bbox 1035 1621 1118 1678; x_wconf 89' lang='lat' dir='ltr'><strong>recte</strong></span> <span class='ocrx_word' id='word_1_81' title='bbox 1141 1632 1176 1676; x_wconf 87' lang='lat' dir='ltr'><strong>se</strong></span> <span class='ocrx_word' id='word_1_82' title='bbox 1199 1612 1319 1689; x_wconf 85' lang='lat' dir='ltr'><strong>babent,</strong></span> <span class='ocrx_word' id='word_1_83' title='bbox 1342 1611 1408 1674; x_wconf 83' lang='lat' dir='ltr'><strong>lloc</strong></span> <span class='ocrx_word' id='word_1_84' title='bbox 1430 1621 1476 1675; x_wconf 86' lang='lat' dir='ltr'><strong>est</strong></span> <span class='ocrx_word' id='word_1_85' title='bbox 1496 1633 1608 1696; x_wconf 73' lang='lat' dir='ltr'><strong>coa-pm</strong></span> <span class='ocrx_word' id='word_1_86' title='bbox 1629 1633 1727 1676; x_wconf 72' lang='lat' dir='ltr'><strong>mentm</strong></span> <span class='ocrx_word' id='word_1_87' title='bbox 1748 1615 1829 1696; x_wconf 80' lang='lat' dir='ltr'><strong>quod</strong></span> <span class='ocrx_word' id='word_1_88' title='bbox 1846 1633 1906 1694; x_wconf 87' lang='lat' dir='ltr'><strong>pro</strong></span> <span class='ocrx_word' id='word_1_89' title='bbox 1928 1613 2014 1676; x_wconf 78' lang='lat' dir='ltr'><strong>cobis</strong></span> 
     </span>
     <span class='ocr_line' id='line_1_11' title="bbox 643 1700 2014 1796; baseline 0 -22"><span class='ocrx_word' id='word_1_90' title='bbox 643 1713 735 1776; x_wconf 78' lang='lat' dir='ltr'><strong>datur</strong></span> <span class='ocrx_word' id='word_1_91' title='bbox 755 1700 926 1794; x_wconf 77' lang='grc' dir='ltr'><strong><em>διδόμενον</em></strong></span> <span class='ocrx_word' id='word_1_92' title='bbox 947 1723 980 1777; x_wconf 90' lang='lat' dir='ltr'><strong>ut</strong></span> <span class='ocrx_word' id='word_1_93' title='bbox 1002 1714 1120 1776; x_wconf 87' lang='lat' dir='ltr'><strong>Graece</strong></span> <span class='ocrx_word' id='word_1_94' title='bbox 1143 1713 1270 1794; x_wconf 86' lang='lat' dir='ltr'><strong>legitur:</strong></span> <span class='ocrx_word' id='word_1_95' title='bbox 1294 1730 1350 1774; x_wconf 86' lang='lat' dir='ltr'><strong>nec</strong></span> <span class='ocrx_word' id='word_1_96' title='bbox 1373 1713 1466 1794; x_wconf 84' lang='lat' dir='ltr'><strong>vulgo</strong></span> <span class='ocrx_word' id='word_1_97' title='bbox 1489 1711 1660 1794; x_wconf 86' lang='lat' dir='ltr'><strong>adjunctum</strong></span> <span class='ocrx_word' id='word_1_98' title='bbox 1681 1714 1713 1775; x_wconf 92' lang='lat' dir='ltr'><strong>in</strong></span> <span class='ocrx_word' id='word_1_99' title='bbox 1735 1713 1859 1794; x_wconf 89' lang='lat' dir='ltr'><strong>reliquis</strong></span> <span class='ocrx_word' id='word_1_100' title='bbox 1869 1712 2014 1796; x_wconf 77' lang='lat' dir='ltr'><strong>liturgiis</strong></span> 
     </span>
     <span class='ocr_line' id='line_1_12' title="bbox 640 1801 2015 1894; baseline 0.001 -20"><span class='ocrx_word' id='word_1_101' title='bbox 640 1801 820 1890; x_wconf 72' lang='grc' dir='ltr'><strong><em>κλαῖμενον,</em></strong></span> <span class='ocrx_word' id='word_1_102' title='bbox 844 1814 874 1876; x_wconf 91' lang='lat' dir='ltr'><strong>in</strong></span> <span class='ocrx_word' id='word_1_103' title='bbox 897 1816 952 1876; x_wconf 88' lang='lat' dir='ltr'><strong>ista</strong></span> <span class='ocrx_word' id='word_1_104' title='bbox 976 1815 1139 1894; x_wconf 88' lang='lat' dir='ltr'><strong>reperitur,</strong></span> <span class='ocrx_word' id='word_1_105' title='bbox 1162 1811 1242 1893; x_wconf 92' lang='lat' dir='ltr'><strong>quod</strong></span> <span class='ocrx_word' id='word_1_106' title='bbox 1255 1810 1418 1875; x_wconf 86' lang='lat' dir='ltr'><strong>verborum</strong></span> <span class='ocrx_word' id='word_1_107' title='bbox 1433 1809 1582 1876; x_wconf 79' lang='lat' dir='ltr'><strong>efficaciae</strong></span> <span class='ocrx_word' id='word_1_108' title='bbox 1604 1829 1666 1874; x_wconf 93' lang='lat' dir='ltr'><strong>non</strong></span> <span class='ocrx_word' id='word_1_109' title='bbox 1687 1819 1788 1876; x_wconf 87' lang='lat' dir='ltr'><strong>nocet.</strong></span> <span class='ocrx_word' id='word_1_110' title='bbox 1831 1811 1864 1873; x_wconf 96' lang='lat' dir='ltr'><strong>ln</strong></span> <span class='ocrx_word' id='word_1_111' title='bbox 1886 1811 2015 1875; x_wconf 85' lang='lat' dir='ltr'><strong>invoca·</strong></span> 
     </span>
     <span class='ocr_line' id='line_1_13' title="bbox 642 1898 2014 1995; baseline 0.001 -23"><span class='ocrx_word' id='word_1_112' title='bbox 642 1913 724 1974; x_wconf 87' lang='lat' dir='ltr'><strong>tione</strong></span> <span class='ocrx_word' id='word_1_113' title='bbox 747 1919 910 1991; x_wconf 90' lang='lat' dir='ltr'><strong>usurpatur</strong></span> <span class='ocrx_word' id='word_1_114' title='bbox 931 1931 993 1976; x_wconf 87' lang='lat' dir='ltr'><strong>vox</strong></span> <span class='ocrx_word' id='word_1_115' title='bbox 1018 1925 1092 1981; x_wconf 75' lang='lat' dir='ltr'><strong>tons</strong></span> <span class='ocrx_word' id='word_1_116' title='bbox 1116 1929 1205 1994; x_wconf 85' lang='lat' dir='ltr'><strong>quam</strong></span> <span class='ocrx_word' id='word_1_117' title='bbox 1228 1909 1363 1974; x_wconf 84' lang='lat' dir='ltr'><strong>Graecae</strong></span> <span class='ocrx_word' id='word_1_118' title='bbox 1387 1898 1541 1995; x_wconf 74' lang='grc' dir='ltr'><strong>ἀναδείξῃ</strong></span> <span class='ocrx_word' id='word_1_119' title='bbox 1564 1910 1753 1993; x_wconf 85' lang='lat' dir='ltr'><strong>respondere</strong></span> <span class='ocrx_word' id='word_1_120' title='bbox 1776 1910 1933 1993; x_wconf 92' lang='lat' dir='ltr'><strong>probatum</strong></span> <span class='ocrx_word' id='word_1_121' title='bbox 1955 1918 2014 1990; x_wconf 87' lang='lat' dir='ltr'><strong>est,</strong></span> 
     </span>
     <span class='ocr_line' id='line_1_14' title="bbox 642 2008 2014 2094; baseline 0 -22"><span class='ocrx_word' id='word_1_122' title='bbox 642 2013 674 2072; x_wconf 94' lang='lat' dir='ltr'><strong>in</strong></span> <span class='ocrx_word' id='word_1_123' title='bbox 703 2011 789 2073; x_wconf 89' lang='lat' dir='ltr'><strong>Notis</strong></span> <span class='ocrx_word' id='word_1_124' title='bbox 817 2012 854 2074; x_wconf 87' lang='lat' dir='ltr'><strong>ad</strong></span> <span class='ocrx_word' id='word_1_125' title='bbox 885 2014 1021 2076; x_wconf 82' lang='lat' dir='ltr'><strong>eumdem</strong></span> <span class='ocrx_word' id='word_1_126' title='bbox 1051 2013 1148 2074; x_wconf 91' lang='lat' dir='ltr'><strong>locum</strong></span> <span class='ocrx_word' id='word_1_127' title='bbox 1176 2011 1334 2093; x_wconf 80' lang='lat' dir='ltr'><strong>Litargiao</strong></span> <span class='ocrx_word' id='word_1_128' title='bbox 1356 2011 1387 2074; x_wconf 90' lang='lat' dir='ltr'><strong>S.</strong></span> <span class='ocrx_word' id='word_1_129' title='bbox 1408 2008 1523 2073; x_wconf 87' lang='lat' dir='ltr'><strong>Jacobi.</strong></span> <span class='ocrx_word' id='word_1_130' title='bbox 1568 2011 1607 2073; x_wconf 84' lang='lat' dir='ltr'><strong>llt</strong></span> <span class='ocrx_word' id='word_1_131' title='bbox 1628 2012 1678 2074; x_wconf 92' lang='lat' dir='ltr'><strong>illa</strong></span> <span class='ocrx_word' id='word_1_132' title='bbox 1701 2011 1821 2094; x_wconf 87' lang='lat' dir='ltr'><strong>quidem</strong></span> <span class='ocrx_word' id='word_1_133' title='bbox 1844 2012 1953 2074; x_wconf 87' lang='lat' dir='ltr'><strong>dicitur</strong></span> <span class='ocrx_word' id='word_1_134' title='bbox 1975 2011 2014 2073; x_wconf 88' lang='lat' dir='ltr'><strong>dc</strong></span> 
     </span>
     <span class='ocr_line' id='line_1_15' title="bbox 642 2094 2014 2194; baseline -0.001 -22"><span class='ocrx_word' id='word_1_135' title='bbox 642 2129 721 2194; x_wconf 89' lang='lat' dir='ltr'><strong>pane</strong></span> <span class='ocrx_word' id='word_1_136' title='bbox 744 2111 967 2176; x_wconf 86' lang='lat' dir='ltr'><strong>Eucharistico:</strong></span> <span class='ocrx_word' id='word_1_137' title='bbox 996 2113 1033 2175; x_wconf 78' lang='lat' dir='ltr'><strong>tle</strong></span> <span class='ocrx_word' id='word_1_138' title='bbox 1058 2113 1152 2174; x_wconf 88' lang='lat' dir='ltr'><strong>calice</strong></span> <span class='ocrx_word' id='word_1_139' title='bbox 1174 2120 1264 2178; x_wconf 76' lang='lat' dir='ltr'><strong>&#39;trum</strong></span> <span class='ocrx_word' id='word_1_140' title='bbox 1284 2094 1442 2194; x_wconf 76' lang='grc' dir='ltr'><em>τελειώσῃ</em></span> <span class='ocrx_word' id='word_1_141' title='bbox 1461 2111 1616 2189; x_wconf 77' lang='lat' dir='ltr'><strong>perficiat,</strong></span> <span class='ocrx_word' id='word_1_142' title='bbox 1639 2113 1705 2174; x_wconf 83' lang='lat' dir='ltr'><strong>slve</strong></span> <span class='ocrx_word' id='word_1_143' title='bbox 1727 2118 1890 2175; x_wconf 73' lang='lat' dir='ltr'><strong>consecret.</strong></span> <span class='ocrx_word' id='word_1_144' title='bbox 1929 2109 2014 2183; x_wconf 83' lang='lat' dir='ltr'><strong>Quae</strong></span> 
     </span>
     <span class='ocr_line' id='line_1_16' title="bbox 644 2207 2012 2292; baseline -0.002 -20"><span class='ocrx_word' id='word_1_145' title='bbox 644 2210 682 2272; x_wconf 91' lang='lat' dir='ltr'><strong>ad</strong></span> <span class='ocrx_word' id='word_1_146' title='bbox 703 2213 882 2274; x_wconf 88' lang='lat' dir='ltr'><strong>sententiam</strong></span> <span class='ocrx_word' id='word_1_147' title='bbox 906 2212 1057 2275; x_wconf 88' lang='lat' dir='ltr'><strong>Orationis</strong></span> <span class='ocrx_word' id='word_1_148' title='bbox 1080 2217 1219 2292; x_wconf 85' lang='lat' dir='ltr'><strong>spectant</strong></span> <span class='ocrx_word' id='word_1_149' title='bbox 1242 2208 1310 2272; x_wconf 92' lang='lat' dir='ltr'><strong>alibi</strong></span> <span class='ocrx_word' id='word_1_150' title='bbox 1333 2209 1406 2272; x_wconf 85' lang='lat' dir='ltr'><strong>satis</strong></span> <span class='ocrx_word' id='word_1_151' title='bbox 1430 2207 1578 2290; x_wconf 87' lang='lat' dir='ltr'><strong>explicata</strong></span> <span class='ocrx_word' id='word_1_152' title='bbox 1601 2218 1685 2274; x_wconf 89' lang='lat' dir='ltr'><strong>sunt:</strong></span> <span class='ocrx_word' id='word_1_153' title='bbox 1710 2218 1741 2273; x_wconf 94' lang='lat' dir='ltr'><strong>ut</strong></span> <span class='ocrx_word' id='word_1_154' title='bbox 1763 2212 1851 2274; x_wconf 89' lang='lat' dir='ltr'><strong>etiam</strong></span> <span class='ocrx_word' id='word_1_155' title='bbox 1874 2226 1952 2292; x_wconf 86' lang='lat' dir='ltr'><strong>quae</strong></span> <span class='ocrx_word' id='word_1_156' title='bbox 1975 2208 2012 2270; x_wconf 88' lang='lat' dir='ltr'><strong>ad</strong></span> 
     </span>
     <span class='ocr_line' id='line_1_17' title="bbox 642 2308 1018 2374; baseline 0.005 -2"><span class='ocrx_word' id='word_1_157' title='bbox 642 2309 718 2372; x_wconf 84' lang='lat' dir='ltr'><strong>ritu&#39;s</strong></span> <span class='ocrx_word' id='word_1_158' title='bbox 742 2308 871 2373; x_wconf 77' lang='lat' dir='ltr'><strong>caeteris</strong></span> <span class='ocrx_word' id='word_1_159' title='bbox 896 2311 1018 2374; x_wconf 89' lang='lat' dir='ltr'><strong>similes.</strong></span> 
     </span>
    </p>
   </div>
   <div class='ocr_carea' id='block_1_3' title="bbox 1146 2565 1601 2613">
    <p class='ocr_par' dir='ltr' id='par_1_4' title="bbox 1146 2565 1601 2613">
     <span class='ocr_line' id='line_1_18' title="bbox 1146 2565 1601 2613; baseline 0.015 -5"><span class='ocrx_word' id='word_1_160' title='bbox 1146 2565 1561 2613; x_wconf 49' lang='lat' dir='ltr'><strong>«aneae—m</strong></span> <span class='ocrx_word' id='word_1_161' title='bbox 1586 2591 1601 2597; x_wconf 94' lang='lat'><em>-</em></span> 
     </span>
    </p>
   </div>
   <div class='ocr_carea' id='block_1_4' title="bbox 1028 2945 1634 3128">
    <p class='ocr_par' dir='ltr' id='par_1_5' title="bbox 1028 2945 1634 3128">
     <span class='ocr_line' id='line_1_19' title="bbox 1028 2945 1634 3128; baseline -0.013 0"><span class='ocrx_word' id='word_1_162' title='bbox 1028 2945 1634 3128; x_wconf 74' lang='lat' dir='ltr'><strong>attonuit</strong></span> 
     </span>
    </p>
   </div>
   <div class='ocr_carea' id='block_1_5' title="bbox 711 3279 1922 3400">
    <p class='ocr_par' dir='ltr' id='par_1_6' title="bbox 711 3279 1922 3400">
     <span class='ocr_line' id='line_1_20' title="bbox 711 3279 1922 3400; baseline 0.001 -4"><span class='ocrx_word' id='word_1_163' title='bbox 711 3279 1004 3399; x_wconf 77' lang='lat' dir='ltr'><strong>sinoti</strong></span> <span class='ocrx_word' id='word_1_164' title='bbox 1056 3280 1430 3398; x_wconf 83' lang='lat' dir='ltr'><strong>MllllUlllll</strong></span> <span class='ocrx_word' id='word_1_165' title='bbox 1486 3279 1922 3400; x_wconf 84' lang='lat' dir='ltr'><strong>CllllllLICl</strong></span> 
     </span>
    </p>
   </div>
   <div class='ocr_carea' id='block_1_6' title="bbox 917 3517 1740 3598">
    <p class='ocr_par' dir='ltr' id='par_1_7' title="bbox 917 3517 1740 3598">
     <span class='ocr_line' id='line_1_21' title="bbox 917 3517 1740 3598; baseline 0 -2"><span class='ocrx_word' id='word_1_166' title='bbox 917 3519 1018 3596; x_wconf 85' lang='lat' dir='ltr'>SIVE</span> <span class='ocrx_word' id='word_1_167' title='bbox 1044 3517 1396 3598; x_wconf 76' lang='lat' dir='ltr'><strong>utitorotlttn</strong></span> <span class='ocrx_word' id='word_1_168' title='bbox 1423 3517 1740 3598; x_wconf 81' lang='lat' dir='ltr'><strong>TrlGlllTEllSlS.</strong></span> 
     </span>
    </p>
   </div>
   <div class='ocr_carea' id='block_1_7' title="bbox 1038 3772 1610 3844">
    <p class='ocr_par' dir='ltr' id='par_1_8' title="bbox 1038 3772 1610 3844">
     <span class='ocr_line' id='line_1_22' title="bbox 1038 3772 1610 3844; baseline 0.002 -1"><span class='ocrx_word' id='word_1_169' title='bbox 1038 3773 1189 3844; x_wconf 81' lang='lat' dir='ltr'><strong>Primum</strong></span> <span class='ocrx_word' id='word_1_170' title='bbox 1218 3773 1339 3843; x_wconf 78' lang='lat' dir='ltr'><strong>Oratio</strong></span> <span class='ocrx_word' id='word_1_171' title='bbox 1367 3780 1447 3844; x_wconf 84' lang='lat' dir='ltr'><strong>ante</strong></span> <span class='ocrx_word' id='word_1_172' title='bbox 1473 3772 1610 3844; x_wconf 85' lang='lat' dir='ltr'><strong>Pacem.</strong></span> 
     </span>
    </p>
   </div>
   <div class='ocr_carea' id='block_1_8' title="bbox 539 3969 2011 5228">
    <p class='ocr_par' dir='ltr' id='par_1_9' title="bbox 539 3969 2011 4446">
     <span class='ocr_line' id='line_1_23' title="bbox 709 3969 2011 4092; baseline 0.002 -26"><span class='ocrx_word' id='word_1_173' title='bbox 709 3969 825 4074; x_wconf 79' lang='lat' dir='ltr'><strong>Dans</strong></span> <span class='ocrx_word' id='word_1_174' title='bbox 863 3993 953 4067; x_wconf 93' lang='lat' dir='ltr'><strong>bone</strong></span> <span class='ocrx_word' id='word_1_175' title='bbox 984 4006 1116 4082; x_wconf 86' lang='lat' dir='ltr'><strong>natura,</strong></span> <span class='ocrx_word' id='word_1_176' title='bbox 1152 3996 1359 4089; x_wconf 77' lang='lat' dir='ltr'><strong>largitorque</strong></span> <span class='ocrx_word' id='word_1_177' title='bbox 1392 3994 1635 4092; x_wconf 86' lang='lat' dir='ltr'><strong>tranquillitatis</strong></span> <span class='ocrx_word' id='word_1_178' title='bbox 1679 4006 1712 4066; x_wconf 95' lang='grc'><strong>11</strong></span> <span class='ocrx_word' id='word_1_179' title='bbox 1745 3997 1860 4091; x_wconf 77' lang='lat' dir='ltr'><strong>pacis,</strong></span> <span class='ocrx_word' id='word_1_180' title='bbox 1899 3997 1940 4068; x_wconf 88' lang='lat' dir='ltr'><strong>da</strong></span> <span class='ocrx_word' id='word_1_181' title='bbox 1977 4007 2011 4069; x_wconf 90' lang='grc'><strong>11</strong></span> 
     </span>
     <span class='ocr_line' id='line_1_24' title="bbox 641 4109 2009 4206; baseline 0 -22"><span class='ocrx_word' id='word_1_182' title='bbox 641 4111 793 4186; x_wconf 86' lang='lat' dir='ltr'><strong>concede</strong></span> <span class='ocrx_word' id='word_1_183' title='bbox 819 4109 994 4183; x_wconf 84' lang='lat' dir='ltr'><strong>Ecclesiae</strong></span> <span class='ocrx_word' id='word_1_184' title='bbox 1022 4123 1098 4184; x_wconf 87' lang='grc'>111111</span> <span class='ocrx_word' id='word_1_185' title='bbox 1125 4133 1242 4206; x_wconf 86' lang='lat' dir='ltr'><strong>pacem</strong></span> <span class='ocrx_word' id='word_1_186' title='bbox 1279 4120 1313 4182; x_wconf 92' lang='grc'><strong>11</strong></span> <span class='ocrx_word' id='word_1_187' title='bbox 1338 4111 1603 4206; x_wconf 88' lang='lat' dir='ltr'><strong>tranquillitatem</strong></span> <span class='ocrx_word' id='word_1_188' title='bbox 1637 4111 1893 4185; x_wconf 89' lang='lat' dir='ltr'><strong>inamissibilem.</strong></span> <span class='ocrx_word' id='word_1_189' title='bbox 1935 4112 2009 4184; x_wconf 90' lang='lat' dir='ltr'><strong>Pa-</strong></span> 
     </span>
     <span class='ocr_line' id='line_1_25' title="bbox 639 4226 2010 4323; baseline 0.001 -23"><span class='ocrx_word' id='word_1_190' title='bbox 639 4229 733 4300; x_wconf 87' lang='lat' dir='ltr'><strong>cilica</strong></span> <span class='ocrx_word' id='word_1_191' title='bbox 765 4231 869 4299; x_wconf 91' lang='lat' dir='ltr'><strong>iratos</strong></span> <span class='ocrx_word' id='word_1_192' title='bbox 903 4229 989 4298; x_wconf 90' lang='lat' dir='ltr'><strong>inter</strong></span> <span class='ocrx_word' id='word_1_193' title='bbox 1022 4250 1107 4300; x_wconf 90' lang='lat' dir='ltr'><strong>oves</strong></span> <span class='ocrx_word' id='word_1_194' title='bbox 1135 4238 1226 4315; x_wconf 79' lang='grc'>11111,</span> <span class='ocrx_word' id='word_1_195' title='bbox 1260 4236 1295 4299; x_wconf 90' lang='grc'><strong>11</strong></span> <span class='ocrx_word' id='word_1_196' title='bbox 1327 4226 1468 4300; x_wconf 89' lang='lat' dir='ltr'><strong>concilia</strong></span> <span class='ocrx_word' id='word_1_197' title='bbox 1504 4226 1632 4300; x_wconf 90' lang='lat' dir='ltr'><strong>divisos</strong></span> <span class='ocrx_word' id='word_1_198' title='bbox 1664 4250 1811 4323; x_wconf 83' lang='lat' dir='ltr'><strong>pascuae</strong></span> <span class='ocrx_word' id='word_1_199' title='bbox 1847 4239 1943 4300; x_wconf 89' lang='lat' dir='ltr'><strong>tuae:</strong></span> <span class='ocrx_word' id='word_1_200' title='bbox 1976 4239 2010 4301; x_wconf 90' lang='grc'><strong>111</strong></span> 
     </span>
     <span class='ocr_line' id='line_1_26' title="bbox 539 4343 2008 4446; baseline 0.003 -34"><span class='ocrx_word' id='word_1_201' title='bbox 539 4439 542 4446; x_wconf 17' lang='grc' dir='ltr'>λ</span> <span class='ocrx_word' id='word_1_202' title='bbox 638 4343 905 4436; x_wconf 87' lang='lat' dir='ltr'><strong>tranquillitatem</strong></span> <span class='ocrx_word' id='word_1_203' title='bbox 933 4367 1018 4438; x_wconf 84' lang='lat' dir='ltr'><strong>quae</strong></span> <span class='ocrx_word' id='word_1_204' title='bbox 1046 4368 1065 4416; x_wconf 91' lang='lat' dir='ltr'><strong>a</strong></span> <span class='ocrx_word' id='word_1_205' title='bbox 1092 4354 1125 4416; x_wconf 88' lang='grc'><strong>11</strong></span> <span class='ocrx_word' id='word_1_206' title='bbox 1156 4353 1267 4430; x_wconf 66' lang='lat' dir='ltr'><strong>esto</strong></span> <span class='ocrx_word' id='word_1_207' title='bbox 1303 4343 1545 4438; x_wconf 88' lang='lat' dir='ltr'><strong>tranquillitatis</strong></span> <span class='ocrx_word' id='word_1_208' title='bbox 1573 4354 1722 4432; x_wconf 78' lang='lat' dir='ltr'><strong>amator,</strong></span> <span class='ocrx_word' id='word_1_209' title='bbox 1756 4353 1910 4439; x_wconf 88' lang='lat' dir='ltr'><strong>tanquam</strong></span> <span class='ocrx_word' id='word_1_210' title='bbox 1943 4367 2008 4416; x_wconf 89' lang='lat' dir='ltr'><strong>an-</strong></span> 
     </span>
    </p>

    <p class='ocr_par' dir='ltr' id='par_1_10' title="bbox 598 4457 2008 5019">
     <span class='ocr_line' id='line_1_27' title="bbox 598 4457 2008 4556; baseline 0.001 -24"><span class='ocrx_word' id='word_1_211' title='bbox 598 4519 604 4532; x_wconf 86' lang='grc'><strong><em>,</em></strong></span> <span class='ocrx_word' id='word_1_212' title='bbox 639 4457 773 4530; x_wconf 87' lang='lat' dir='ltr'><strong>oboram</strong></span> <span class='ocrx_word' id='word_1_213' title='bbox 799 4457 876 4531; x_wconf 87' lang='lat' dir='ltr'><strong>fidei</strong></span> <span class='ocrx_word' id='word_1_214' title='bbox 902 4463 935 4530; x_wconf 90' lang='lat' dir='ltr'><strong>in</strong></span> <span class='ocrx_word' id='word_1_215' title='bbox 961 4460 1135 4533; x_wconf 88' lang='lat' dir='ltr'><strong>animabus</strong></span> <span class='ocrx_word' id='word_1_216' title='bbox 1161 4463 1285 4532; x_wconf 87' lang='lat' dir='ltr'><strong>nostris</strong></span> <span class='ocrx_word' id='word_1_217' title='bbox 1313 4471 1494 4538; x_wconf 79' lang='lat' dir='ltr'><strong>teneamus.</strong></span> <span class='ocrx_word' id='word_1_218' title='bbox 1528 4461 1760 4554; x_wconf 85' lang='lat' dir='ltr'><strong>Apprecemur</strong></span> <span class='ocrx_word' id='word_1_219' title='bbox 1786 4485 1903 4556; x_wconf 87' lang='lat' dir='ltr'><strong>pacem</strong></span> <span class='ocrx_word' id='word_1_220' title='bbox 1930 4484 2008 4536; x_wconf 91' lang='lat' dir='ltr'><strong>rnu-</strong></span> 
     </span>
     <span class='ocr_line' id='line_1_28' title="bbox 638 4573 2007 4672; baseline 0.005 -27"><span class='ocrx_word' id='word_1_221' title='bbox 638 4583 727 4645; x_wconf 87' lang='lat' dir='ltr'><strong>tuam</strong></span> <span class='ocrx_word' id='word_1_222' title='bbox 755 4598 829 4647; x_wconf 88' lang='lat' dir='ltr'><strong>cum</strong></span> <span class='ocrx_word' id='word_1_223' title='bbox 857 4573 974 4648; x_wconf 89' lang='lat' dir='ltr'><strong>osculo</strong></span> <span class='ocrx_word' id='word_1_224' title='bbox 1001 4573 1091 4647; x_wconf 87' lang='lat' dir='ltr'><strong>lidei:</strong></span> <span class='ocrx_word' id='word_1_225' title='bbox 1120 4578 1289 4672; x_wconf 89' lang='lat' dir='ltr'><strong>simusque</strong></span> <span class='ocrx_word' id='word_1_226' title='bbox 1315 4597 1413 4648; x_wconf 90' lang='lat' dir='ltr'><strong>unum</strong></span> <span class='ocrx_word' id='word_1_227' title='bbox 1443 4576 1626 4648; x_wconf 86' lang='lat' dir='ltr'><strong>aedilicium</strong></span> <span class='ocrx_word' id='word_1_228' title='bbox 1653 4576 1856 4672; x_wconf 86' lang='lat' dir='ltr'><strong>perlectum,</strong></span> <span class='ocrx_word' id='word_1_229' title='bbox 1884 4591 1918 4651; x_wconf 87' lang='lat' dir='ltr'><strong>et</strong></span> <span class='ocrx_word' id='word_1_230' title='bbox 1942 4601 2007 4652; x_wconf 84' lang='lat' dir='ltr'><strong>rma</strong></span> 
     </span>
     <span class='ocr_line' id='line_1_29' title="bbox 640 4690 2006 4787; baseline 0.005 -28"><span class='ocrx_word' id='word_1_231' title='bbox 640 4712 823 4786; x_wconf 86' lang='lat' dir='ltr'><strong>compages</strong></span> <span class='ocrx_word' id='word_1_232' title='bbox 851 4690 1047 4786; x_wconf 91' lang='lat' dir='ltr'><strong>spiritualis:</strong></span> <span class='ocrx_word' id='word_1_233' title='bbox 1074 4715 1136 4787; x_wconf 91' lang='lat' dir='ltr'><strong>per</strong></span> <span class='ocrx_word' id='word_1_234' title='bbox 1162 4692 1338 4765; x_wconf 89' lang='lat' dir='ltr'><strong>Dominam</strong></span> <span class='ocrx_word' id='word_1_235' title='bbox 1365 4699 1515 4764; x_wconf 89' lang='lat' dir='ltr'><strong>nostrum</strong></span> <span class='ocrx_word' id='word_1_236' title='bbox 1542 4693 1657 4764; x_wconf 85' lang='lat' dir='ltr'><strong>losum</strong></span> <span class='ocrx_word' id='word_1_237' title='bbox 1681 4691 1857 4784; x_wconf 77' lang='lat' dir='ltr'><strong>Christum,</strong></span> <span class='ocrx_word' id='word_1_238' title='bbox 1884 4698 2006 4787; x_wconf 81' lang='lat' dir='ltr'><strong>unigo-</strong></span> 
     </span>
     <span class='ocr_line' id='line_1_30' title="bbox 639 4807 2007 4908; baseline 0.004 -31"><span class='ocrx_word' id='word_1_239' title='bbox 639 4808 741 4878; x_wconf 92' lang='lat' dir='ltr'><strong>uitum</strong></span> <span class='ocrx_word' id='word_1_240' title='bbox 766 4808 885 4879; x_wconf 86' lang='lat' dir='ltr'><strong>Filimn</strong></span> <span class='ocrx_word' id='word_1_241' title='bbox 918 4817 1025 4895; x_wconf 80' lang='lat' dir='ltr'><strong>tuum,</strong></span> <span class='ocrx_word' id='word_1_242' title='bbox 1065 4831 1139 4880; x_wconf 85' lang='lat' dir='ltr'><strong>curn</strong></span> <span class='ocrx_word' id='word_1_243' title='bbox 1173 4829 1237 4902; x_wconf 93' lang='lat' dir='ltr'><strong>quo</strong></span> <span class='ocrx_word' id='word_1_244' title='bbox 1265 4818 1297 4879; x_wconf 88' lang='grc'><strong>11</strong></span> <span class='ocrx_word' id='word_1_245' title='bbox 1329 4808 1426 4880; x_wconf 81' lang='lat' dir='ltr'><strong>deret</strong></span> <span class='ocrx_word' id='word_1_246' title='bbox 1457 4807 1585 4902; x_wconf 73' lang='lat' dir='ltr'><strong>gloria,</strong></span> <span class='ocrx_word' id='word_1_247' title='bbox 1618 4808 1723 4883; x_wconf 93' lang='lat' dir='ltr'><strong>bonor</strong></span> <span class='ocrx_word' id='word_1_248' title='bbox 1756 4821 1789 4882; x_wconf 90' lang='grc'><strong>11</strong></span> <span class='ocrx_word' id='word_1_249' title='bbox 1823 4815 2007 4908; x_wconf 81' lang='lat' dir='ltr'><strong>imperium,</strong></span> 
     </span>
     <span class='ocr_line' id='line_1_31' title="bbox 639 4921 1475 5019; baseline 0.001 -25"><span class='ocrx_word' id='word_1_250' title='bbox 639 4945 713 4996; x_wconf 91' lang='lat' dir='ltr'><strong>curn</strong></span> <span class='ocrx_word' id='word_1_251' title='bbox 740 4924 866 5019; x_wconf 89' lang='lat' dir='ltr'><strong>Spiritu</strong></span> <span class='ocrx_word' id='word_1_252' title='bbox 891 4932 947 4994; x_wconf 90' lang='lat' dir='ltr'><strong>tuo</strong></span> <span class='ocrx_word' id='word_1_253' title='bbox 976 4925 1197 5015; x_wconf 74' lang='lat' dir='ltr'><strong>sanctissimo,</strong></span> <span class='ocrx_word' id='word_1_254' title='bbox 1224 4921 1385 5013; x_wconf 78' lang='lat' dir='ltr'><strong>albona,</strong></span> <span class='ocrx_word' id='word_1_255' title='bbox 1412 4933 1475 4996; x_wconf 82' lang='lat' dir='ltr'><strong>ate.</strong></span> 
     </span>
    </p>

    <p class='ocr_par' dir='ltr' id='par_1_11' title="bbox 743 5038 1078 5228">
     <span class='ocr_line' id='line_1_32' title="bbox 743 5038 1078 5132; baseline 0.006 -24"><span class='ocrx_word' id='word_1_256' title='bbox 743 5038 905 5132; x_wconf 80' lang='lat' dir='ltr'><strong>Populus.</strong></span> <span class='ocrx_word' id='word_1_257' title='bbox 958 5040 1078 5112; x_wconf 86' lang='lat' dir='ltr'><strong>Amen.</strong></span> 
     </span>
     <span class='ocr_line' id='line_1_33' title="bbox 743 5153 1065 5228; baseline 0.012 -4"><span class='ocrx_word' id='word_1_258' title='bbox 743 5153 926 5226; x_wconf 80' lang='lat' dir='ltr'><strong>Sacerdos.</strong></span> <span class='ocrx_word' id='word_1_259' title='bbox 980 5155 1065 5228; x_wconf 73' lang='lat' dir='ltr'><strong>Parc</strong></span> 
     </span>
    </p>
   </div>
   <div class='ocr_carea' id='block_1_9' title="bbox 0 0 2360 6032">
    <p class='ocr_par' dir='ltr' id='par_1_12' title="bbox 0 0 2360 6032">
     <span class='ocr_line' id='line_1_34' title="bbox 0 0 2360 6032; baseline 0 0"><span class='ocrx_word' id='word_1_260' title='bbox 0 0 2360 6032; x_wconf 95' lang='lat' dir='ltr'><strong> </strong></span> 
     </span>
    </p>
   </div>
  </div>
 </body>
</html>
