4730 6038
503 620 752 700 PlllLOXElll
776 617 991 700 uniscunt
1015 620 1317 702 nascentiis.
1525 621 1602 701 305

230 814 415 884 credonem
442 831 540 904 quam
565 811 754 902 unigenitus
782 807 885 880 Filius
913 817 987 881 taras
1014 807 1127 882 docuit
1154 807 1333 904 discipulos
1349 831 1429 884 suos
1453 820 1601 905 sanctos,

229 930 263 998 iu
289 928 430 1022 puritate
458 927 585 996 animae
612 937 646 998 et
672 921 845 998 sanctitate
872 927 1043 1020 corporis:
1070 924 1250 1000 clamemus
1279 925 1320 998 ad
1347 937 1381 999 te
1407 928 1499 1001 Deus
1525 926 1600 1000 Pa·

229 1050 282 1115 ter
307 1039 627 1132 misericordiarum,
659 1063 793 1116 oremus
824 1051 858 1114 et
889 1039 1048 1116 dicamus.
1100 1043 1202 1114 Pater
1236 1052 1372 1132 noster,
1406 1047 1462 1140 qui
1495 1067 1533 1116 es
1566 1048 1602 1118 in

231 1156 349 1231 coelis.

335 1273 495 1367 Populus.
548 1271 788 1347 Sanctificetur.

334 1387 518 1462 Sacerdos.
571 1389 714 1462 Omitis
747 1396 782 1460 et
810 1391 933 1461 veniae
958 1386 1115 1480 largitor,
1147 1411 1190 1460 ne
1216 1391 1386 1483 permittas
1413 1411 1476 1463 nos
1509 1392 1601 1462 inci·

232 1505 313 1578 dere
339 1509 373 1577 in
400 1510 598 1581 tentationes
625 1526 774 1598 graves,
809 1504 869 1577 sed
895 1504 1086 1578 fortitudine
1112 1504 1274 1576 dexterae
1301 1513 1378 1576 tuae
1404 1503 1510 1580 libera
1537 1527 1600 1580 nos

232 1621 514 1696 utentationibus
540 1624 671 1710 noxiis,
698 1642 783 1715 quae
815 1629 974 1717 superent
1006 1622 1099 1692 vires
1134 1629 1284 1693 nostras:
1325 1625 1402 1716 quain
1428 1631 1518 1696 taum
1549 1631 1602 1694 est

230 1759 391 1829 regnum,
416 1741 522 1811 virtius
549 1748 584 1811 et
608 1737 700 1826 laus,
726 1745 762 1807 ut
787 1739 886 1809 etiam
912 1738 1072 1828 unigeniti
1102 1733 1178 1808 Filii
1212 1740 1277 1825 tui,
1309 1748 1344 1808 et
1378 1737 1520 1834 Spiritus
1556 1739 1602 1811 tui

231 1858 354 1946 sancti,
380 1869 466 1927 nunc
493 1862 527 1926 et
552 1875 696 1949 semper.

337 1970 500 2064 Papulae.
553 1970 673 2041 Arnen.

338 2086 522 2159 Sacerdos
572 2086 659 2157 Pax.

336 2202 496 2296 Papulas.
549 2199 593 2272 Ili
618 2222 694 2272 cum
720 2200 836 2294 spiritu
862 2208 928 2270 tuo.

336 2320 523 2391 Diaconos.
577 2314 701 2390 Coram
728 2314 883 2388 Domino.

336 2435 497 2529 Papulas.
551 2432 674 2506 Coram
703 2441 746 2504 te.

337 2550 520 2622 Sacerdos.
575 2549 660 2636 Quia
688 2572 734 2620 ex
759 2561 793 2621 te
820 2558 872 2621 est
898 2569 997 2620 omne
1024 2545 1145 2619 donum
1173 2550 1330 2643 optimum
1356 2558 1391 2620 et
1406 2547 1601 2645 perlectum,

233 2677 269 2740 et
304 2671 414 2741 omnio
454 2688 591 2740 munere
623 2665 787 2752 lactitiae,
827 2684 986 2758 rogamus
1022 2672 1056 2734 te
1095 2663 1197 2736 Pater
1237 2665 1338 2755 lucis,
1370 2674 1407 2738 ut
1439 2665 1602 2742 illumines

233 2792 540 2871 mentesnostros,
568 2791 745 2853 eteorum
771 2783 826 2875 qui
857 2779 1014 2852 inclinant
1048 2778 1136 2851 colla
1170 2803 1283 2853 coram
1319 2790 1370 2871 te,
1404 2803 1533 2878 nosque
1567 2795 1602 2857 ct

233 2899 310 2971 illos
353 2899 472 2992 dignos
513 2897 653 2987 efficias,
693 2907 729 2968 ut
762 2919 836 2968 cum
878 2899 996 2968 timore
1030 2904 1064 2966 et
1095 2896 1292 2986 concordia,
1323 2902 1602 2976 communicemus

233 3019 370 3111 corpori
404 3025 437 3087 et
472 3016 624 3106 sanguini
659 3016 817 3106 unigeniti
851 3012 928 3084 Filii
961 3013 1028 3100 aui,
1063 3021 1097 3083 et
1130 3012 1313 3086 referemus
1348 3011 1406 3085 tibi
1438 3013 1601 3108 gloriam,

234 3142 268 3203 ct
300 3133 482 3222 gratiarum
515 3133 698 3217 actionem,
738 3139 772 3200 et
803 3131 973 3221 unigenito
1007 3127 1092 3199 Filio
1127 3138 1199 3222 tuo,
1236 3139 1270 3200 et
1301 3127 1436 3225 Spiritui
1471 3142 1601 3224 sancto,

233 3270 322 3319 nunc
350 3255 412 3317 etc.

339 3362 501 3456 Papulas.
552 3363 671 3436 Amen.

340 3477 525 3549 Sacerdos.
578 3477 663 3548 Pan.

338 3593 499 3688 Papulae.
551 3591 694 3665 Etcum
721 3591 837 3686 spiritu
864 3599 930 3663 tuo.

336 3709 520 3781 Sacerdos.
575 3707 690 3781 Gratia
717 3710 768 3780 sit.

270 3851 275 3862 ·
338 3824 498 3918 Populea.
550 3822 694 3895 Etcum
721 3826 836 3918 spiritu
863 3833 930 3895 tuo.

337 3941 524 4012 Diaconos.
577 3939 710 4011 Stemus
737 3939 905 4013 decenter.

338 4055 521 4128 Sacerdos.
574 4053 764 4127 Laudamus
791 4066 838 4144 te,
865 4057 1009 4130 Domine
1034 4054 1140 4145 neus,
1166 4065 1200 4127 ct
1225 4059 1351 4149 gratim
1378 4059 1506 4150 agimus
1528 4052 1599 4128 bo-

234 4174 328 4244 nitati
354 4180 449 4260 tuae,
482 4169 772 4265 glorificamusque
805 4177 1013 4266 majestatem
1046 4181 1155 4261 tuam,
1191 4195 1232 4245 eo
1266 4171 1354 4269 quod
1386 4194 1448 4246 nos
1465 4171 1599 4263 *dignos

234 4285 344 4358 iecisti
370 4285 550 4359 accedendi
576 4285 618 4359 od
644 4307 792 4360 mensam
819 4297 909 4360 tuam
935 4297 1084 4362 sanctam
1111 4299 1145 4360 et
1176 4287 1437 4374 communicandi
1462 4297 1597 4383 myste-

234 4404 293 4475 riis
320 4403 574 4476 vivificantibus
627 4401 678 4474 'le
703 4405 804 4494 igitar
829 4403 1045 4478 obsecramus
1071 4405 1231 4496 Domine,
1257 4428 1301 4479 ne
1315 4403 1515 4478 condemnes
1534 4424 1599 4476 nos

234 4521 269 4590 in
296 4517 349 4589 dic
374 4517 432 4591 illo
457 4517 593 4592 terribili
616 4518 750 4609 judicii,
777 4519 837 4592 sed
862 4519 967 4593 libera
985 4541 1049 4594 nos
1068 4544 1087 4593 a
1106 4521 1316 4595 damnatione
1334 4528 1369 4592 et
1385 4518 1601 4594 conlacione:

235 4635 382 4729 adjunge
408 4657 471 4708 nos
498 4640 668 4710 consortio
695 4637 894 4712 Sanctorum
920 4649 1065 4711 tuorum:
1092 4650 1126 4712 et
1152 4663 1226 4711 cum
1252 4640 1300 4711 eis
1318 4649 1417 4734 atqcue
1438 4640 1523 4711 inter
1539 4660 1600 4712 eos

235 4750 422 4824 referemus
449 4749 508 4823 tibi
536 4749 679 4844 gloriam
706 4765 739 4827 et
764 4753 914 4847 laudem,
939 4757 1177 4851 unigenitoque
1189 4754 1276 4827 Filio
1301 4765 1380 4846 tuo;
1407 4763 1441 4828 et
1466 4753 1602 4852 Spiritui

236 4873 370 4955 sancto,
397 4889 506 4957 nunc,
533 4875 596 4941 eto.

341 4981 503 5076 Papulae.
555 4985 674 5059 Amen.

339 5097 522 5171 Sacerdos.
574 5101 658 5174 Pax.
