4728 6028
617 569 669 645 IN
709 569 1000 648 tironatus
1037 567 1308 650 statiuis.
1592 570 1642 644 83

367 755 521 818 Habuerat
543 773 560 816 a
581 753 693 816 Fausto
715 753 849 817 Nairono
870 751 1018 817 Ricardns
1041 755 1154 832 Simon,
1176 762 1320 837 excerpta
1342 753 1466 818 istamm
1487 754 1645 839 liturgia·
1691 769 1783 840 optma
1800 771 1829 825 rr
1848 773 1963 826 sinonis.

282 873 364 934 rum,
393 863 424 918 et
445 853 563 917 illarum
586 853 765 916 mentionem
788 851 858 916 lecit
885 854 916 916 in
937 853 1022 918 Notis
1045 852 1083 916 ad
1104 853 1289 916 itinerarium
1312 853 1421 917 Montis
1442 853 1548 918 Libani
1570 873 1587 918 a
1610 871 1644 917 se
1874 849 1875 852 ’

283 953 396 1017 Gallice
411 971 600 1017 conversum.
622 951 739 1014 Nodum
762 970 836 1014 vero
859 955 909 1035 qui
931 971 1005 1016 sane
1027 953 1182 1016 intricatus
1206 959 1263 1030 est,
1285 971 1345 1016 non
1362 961 1421 1016 tam
1434 953 1535 1032 solvit,
1558 971 1646 1036 quam

283 1052 371 1118 scidit
392 1055 423 1116 in
445 1053 524 1115 bunc
546 1051 675 1115 modum.
698 1050 869 1115 Orientales
884 1053 914 1114 in
930 1052 1035 1115 eadem
1051 1069 1118 1115 cum
1133 1051 1256 1114 Graecis
1269 1052 1488 1116 recentioribus
1504 1051 1645 1134 opinione

283 1171 353 1218 esse
375 1154 528 1234 supponit,
552 1153 634 1214 circa
657 1151 894 1214 consecrationis
918 1151 1061 1228 sormam,
1084 1151 1180 1232 cnjus,
1196 1153 1319 1232 inquit,
1341 1149 1481 1215 effectum
1503 1170 1565 1215 nou
1587 1159 1646 1214 tam

281 1251 382 1314 verbis
413 1249 586 1328 dominicis,
616 1265 704 1330 quam
733 1248 918 1314 invocationi
946 1251 1042 1314 sancti
1071 1249 1216 1332 Spiritus,
1247 1249 1354 1314 Graeci
1387 1251 1527 1315 tribuunt.
1573 1251 1645 1314 lude

282 1349 391 1414 iactum
413 1349 598 1430 suspicatur,
620 1356 654 1412 ut
675 1347 769 1410 verba
793 1368 870 1430 qnae
891 1350 930 1412 ad
952 1349 1136 1412 eliciendam
1159 1351 1417 1413 consecrationem
1440 1351 1648 1414 existimarent

282 1467 341 1514 non
364 1467 435 1512 esse
456 1449 646 1526 necessaria,
676 1450 966 1530 praetermitterent:
998 1459 1087 1530 atque
1111 1467 1220 1513 novum
1242 1449 1312 1512 inde
1335 1458 1541 1533 argumentum
1562 1451 1647 1514 nasci

279 1549 453 1632 judicatdc
475 1549 569 1613 solius
591 1547 792 1611 invocationis
808 1547 936 1628 Spiritus
958 1549 1054 1611 sancti
1069 1548 1107 1612 ad
1122 1550 1510 1614 consecrandomefflcacia.
1534 1551 1646 1614 Verum

282 1649 313 1710 in
335 1648 445 1724 dubiis,
468 1649 563 1738 qualis
586 1665 659 1710 sane
679 1644 730 1708 illa
746 1649 882 1727 quaestio
900 1655 956 1725 est,
980 1649 1109 1709 maximo
1124 1648 1243 1710 testium
1256 1648 1333 1710 inter
1346 1666 1381 1711 se
1399 1651 1647 1712 consentientium

283 1767 419 1825 numero,
441 1745 531 1810 iidem
552 1747 710 1827 potiorem,
735 1764 821 1827 quam
845 1745 962 1809 duobus
985 1755 1035 1808 aut
1056 1746 1150 1809 tribus
1174 1745 1379 1825 adhibendam,
1397 1748 1474 1830 juris
1493 1757 1575 1812 certa
1591 1767 1648 1812 re-

283 1849 353 1932 gula
366 1856 421 1910 est
445 1846 556 1909 Omnes
565 1863 660 1927 porro
672 1845 978 1928 Graecaebiturgiae‚
1001 1864 1061 1907 non
1083 1847 1180 1909 minus
1203 1863 1291 1926 quam
1302 1845 1440 1924 Latinam
1463 1848 1648 1929 Coptitarum

282 1965 354 2027 sex,
383 1944 564 2026 Aethiopum
586 1943 760 2022 duodecim,
791 1944 1036 2007 Nestorianomm
1059 1952 1138 2021 tres,
1170 1945 1315 2026 Syrorum
1336 1943 1494 2027 plusquam
1515 1947 1647 2029 triginta,

282 2047 373 2109 verba
390 2043 501 2108 Christi
522 2045 641 2125 integra
663 2049 905 2124 repraesentant:
929 2063 969 2105 ex
990 2042 1047 2104 illis
1071 2045 1171 2126 igitur,
1195 2062 1256 2107 non
1270 2046 1415 2109 extribus
1431 2044 1645 2131 singularibus,

282 2163 406 2228 quarum
429 2161 502 2206 usus
524 2145 695 2205 rarissimus
718 2152 774 2219 est,
796 2161 871 2205 vera
894 2141 983 2205 lectio
1007 2143 1070 2225 peti
1093 2143 1194 2208 debet.

366 2243 471 2325 ltaque
493 2260 552 2305 non
576 2249 704 2321 temere,
735 2241 788 2304 sed
817 2243 951 2305 maximis
980 2242 1128 2305 rationum
1157 2241 1313 2305 momentis
1335 2243 1480 2306 albrmare
1502 2261 1563 2307 non
1586 2243 1646 2306 du·
1709 2255 1844 2309 neretum:
1861 2272 1893 2309 ex
1910 2255 1966 2310 atita

281 2341 423 2424 bitamns,
452 2350 515 2406 tres
536 2341 603 2404 illas
627 2341 777 2423 Liturgins
805 2349 963 2422 corruptas
993 2359 1078 2420 esse,
1109 2358 1168 2403 non
1192 2349 1258 2414 tarn
1275 2349 1359 2406 certo
1383 2342 1528 2418 consilio,
1558 2360 1645 2423 quam
1658 2341 1788 2412 liturgiis.

281 2442 470 2506 librariorum
492 2440 589 2522 culpa,
612 2441 697 2523 cujus
720 2440 912 2522 conjecturae
935 2441 1067 2503 rationes
1089 2441 1198 2504 multae
1220 2447 1300 2519 sunt,
1322 2439 1400 2504 baud
1415 2441 1554 2524 equidem
1568 2457 1646 2506 con-

281 2542 469 2607 temnendae.
515 2541 617 2606 Statim
646 2557 722 2603 vero
749 2541 896 2602 neminem
918 2557 979 2602 non
1000 2547 1121 2602 moveat
1143 2539 1328 2622 reliquorum
1350 2541 1479 2603 omnium
1502 2540 1646 2605 Codicum

283 2650 386 2705 contra
408 2642 571 2704 novitatem
592 2639 670 2702 illam
694 2656 871 2717 conseusus,
895 2657 973 2721 quae
995 2658 1068 2702 sane
1091 2641 1117 2703 si
1138 2640 1169 2702 in
1183 2641 1325 2722 opinione
1347 2637 1409 2716 illa,
1432 2658 1519 2721 quam
1534 2639 1648 2720 depra-

282 2749 369 2804 vatae
391 2740 528 2803 lectionis
549 2740 662 2802 iontem
680 2757 751 2802 esse
769 2739 928 2818 existimat,
951 2738 1072 2802 mndata
1094 2739 1212 2818 luisset,
1235 2739 1422 2822 reperiretur
1443 2740 1473 2800 in
1496 2739 1645 2820 aliquibus

283 2841 361 2920 aliis,
385 2841 437 2922 qui
460 2846 557 2902 tamen
578 2839 689 2902 vetusti
712 2856 771 2901 non
793 2837 936 2919 luissent,
967 2839 1205 2922 quandoquidem
1233 2839 1283 2902 illa
1306 2841 1387 2902 circa
1409 2839 1646 2902 consecrationis

284 2938 388 3018 verba,
412 2941 579 3018 contentio,
601 2939 724 3003 saeculo
747 2939 863 3002 decimo
886 2948 992 3023 quarto
1016 2947 1046 3004 et
1068 2940 1185 3004 decimo
1208 2942 1311 3022 quinto
1334 2959 1396 3004 non
1418 2948 1465 3004 est
1486 2941 1645 3021 antiquior.

283 3039 387 3122 Neque
410 3037 564 3102 Jacobitae
587 3039 655 3120 Syri
678 3057 695 3102 a
718 3038 843 3102 Graecis
864 3039 1007 3103 imbibere
1029 3039 1109 3102 illam
1132 3043 1311 3120 pbtuerunt,
1339 3057 1406 3103 cum
1434 3040 1541 3122 quibus
1565 3037 1648 3100 nulla

192 3201 195 3208 ,
283 3137 584 3202 aCalcbedonensis
614 3137 740 3201 Concilii
770 3147 905 3220 tempore
932 3139 1102 3202 babuerunt
1135 3141 1324 3203 commercia.
1376 3141 1481 3202 Natam
1509 3155 1585 3202 vero
1615 3140 1647 3199 in

283 3239 466 3302 Jacobiticoe
487 3238 646 3302 Ecclesiae
669 3238 811 3320 Syriacae
834 3239 912 3318 sinu,
935 3239 1098 3318 suspicari,
1129 3238 1159 3300 id
1187 3238 1306 3319 quidem
1328 3239 1463 3302 divinare
1485 3244 1549 3316 est,
1579 3254 1647 3298 oum

236 3402 245 3422 ,
283 3357 321 3402 ne
344 3339 507 3402 obscurum
529 3337 646 3420 quidem
668 3338 866 3401 innovationis
889 3338 978 3400 inea
1001 3344 1087 3417 parte
1110 3336 1278 3413 doctrinae,
1307 3343 1453 3418 appareat
1475 3336 1644 3419 vestigimn.
1694 3351 1698 3359 ’

370 3435 458 3512 Quod
481 3445 579 3500 autem
601 3437 742 3519 supponit
765 3444 851 3500 autor
874 3436 968 3515 idern,
1001 3436 1134 3502 Graecos
1162 3437 1256 3498 verba
1280 3437 1390 3499 Cbristi
1417 3436 1456 3498 ad
1478 3453 1646 3499 consecra·
1694 3443 1786 3500 Graeci
1808 3459 1860 3497 nnn
1878 3443 1968 3495 eman-

282 3538 392 3600 tiouem
407 3537 583 3600 necessaria
600 3556 661 3601 non
677 3538 859 3616 existimare,
875 3535 912 3598 ab
928 3555 967 3597 eo
983 3535 1244 3598 vehementissime
1260 3535 1449 3614 dissentient,
1466 3535 1645 3616 quicumque
1659 3541 1728 3585 mant
1760 3531 1840 3585 verba
1874 3525 1966 3627 carim

284 3635 439 3700 Cabasilae
452 3636 679 3718 Expositionem
691 3635 854 3720 Liturgiae,
877 3635 1032 3698 aotblarci
1046 3633 1169 3716 Ephesii
1192 3633 1367 3716 opusculum
1388 3632 1538 3718 legerunt,
1560 3634 1711 3716 cnjus¹¹⁰¹¹
1734 3633 1792 3671 ⁰⁵⁵⁰
1813 3628 1966 3668 ”imm-

282 3736 349 3799 solo
381 3733 467 3798 titulo
494 3736 667 3816 conjectura
694 3735 760 3812 ejus
790 3735 945 3798 evertitur.
991 3734 1018 3796 ls
1048 3735 1125 3798 enim
1154 3743 1217 3812 est,
1248 3734 1328 3816 quod
1355 3754 1416 3796 non
1442 3734 1516 3795 solis
1544 3732 1647 3795 ambis

282 3835 442 3897 cambanis
462 3832 658 3897 Euclea-istic
687 3843 891 3896 emercaretur.
936 3833 993 3906 Qui
1015 3851 1090 3896 vero
1112 3833 1143 3895 id
1165 3832 1302 3912 affirmat,
1333 3833 1428 3896 verba
1457 3830 1565 3894 Christi
1587 3851 1647 3894 ne-

283 3934 414 3996 cessaria
426 3951 568 3997 essenon
582 3941 690 4016 negat:
712 3950 813 4013 neque
835 3933 913 3995 inter
927 3931 1062 3996 Graecos
1084 3934 1272 3996 recentiores
1294 3932 1345 4015 qui
1367 3930 1463 3994 simile
1486 3927 1646 4011 quidquam

283 4033 455 4113 scripserit,
482 4032 560 4096 ullus
582 4033 761 4113 reperietur.
807 4031 868 4094 lmo
893 4033 1073 4094 contrariam
1095 4049 1222 4113 prorsus
1246 4032 1418 4112 opinionem
1440 4037 1541 4092 tuetur
1564 4028 1645 4092 Gre-

282 4133 387 4214 gorius
409 4131 653 4214 Protosvncetlus
683 4133 713 4194 in
735 4132 873 4214 Epitome
895 4133 1105 4214 mysteriorum
1128 4129 1421 4209 Graeco-Barbara,
1452 4147 1539 4211 quam
1568 4129 1645 4192 duce

283 4239 314 4293 et
335 4230 481 4315 magistro
495 4229 636 4315 ’Georgia
660 4229 802 4296 Coressio
825 4233 1003 4312 composuit,
1027 4239 1057 4294 et
1079 4231 1215 4294 Venetiis
1238 4230 1384 4294 edendam
1407 4229 1533 4292 curavit.
1556 4227 1646 4290 Plura

282 4331 321 4394 de
343 4350 379 4394 ea
403 4333 580 4412 quaestione
601 4350 662 4396 non
685 4331 832 4409 dicentur,
855 4331 936 4412 qnod
958 4330 1028 4394 alibi
1051 4329 1145 4393 fusius
1169 4349 1185 4392 a
1208 4329 1294 4393 nobis
1318 4329 1454 4410 exposita
1476 4326 1526 4392 sit.
1566 4327 1643 4390 Bcs-

282 4431 395 4510 sarion,
416 4430 549 4495 loannes
571 4431 609 4494 de
633 4432 872 4508 Turrecremata,
895 4439 926 4494 et
947 4431 997 4493 olii
1020 4430 1143 4509 similes,
1173 4428 1298 4492 Graecis
1325 4429 1401 4492 baec
1421 4427 1564 4512 affingere
1586 4444 1646 4509 po-

282 4538 419 4608 tuerunt,
441 4529 497 4592 sed
518 4547 574 4610 per
596 4549 739 4593 summam
761 4530 945 4593 calumniam.

366 4627 470 4710 ltaque
491 4628 603 4694 fmstra
626 4630 695 4694 inde
718 4631 872 4712 quaeritur
894 4630 983 4712 origo
1005 4629 1235 4694 absurdissimae
1263 4631 1419 4708 novitatis,
1445 4646 1522 4711 quae
1546 4635 1645 4704 tamen
1692 4642 1771 4696 ttutro
1788 4643 1870 4695 mmm
1890 4641 1966 4696 Jaco-

281 4729 308 4791 si
330 4746 405 4792 vere
428 4727 508 4810 apud
530 4729 663 4793 Graecos
686 4737 784 4792 ortum
805 4728 977 4805 babuimet,
1005 4746 1064 4809 qua
1085 4729 1201 4793 mtione
1224 4729 1342 4792 undem
1364 4730 1402 4792 ad
1424 4747 1554 4811 paucos,
1583 4728 1733 4793 moabitae

281 4826 318 4890 ad
334 4845 439 4890 omnes
447 4828 599 4892 Jacobitas
607 4829 810 4911 pervenisset,
833 4847 909 4911 quos
932 4835 1019 4910 peste
1041 4845 1100 4909 qua
1122 4847 1183 4892 non
1205 4827 1392 4908 laborabant,
1415 4827 1524 4892 Graeci
1544 4828 1645 4892 albara

281 4943 342 4989 non
372 4933 527 5008 poterant,
557 4929 609 5010 qui
638 4928 748 4991 nullam
778 4946 844 4991 cum
873 4927 931 4991 illis
958 4927 1107 4991 baberent
1128 4928 1388 4992 communionem?
1432 4926 1530 4991 Gratis
1553 4929 1645 5010 igitur

280 5023 356 5088 baec
379 5025 564 5106 dictasunt,
589 5029 704 5109 absque
726 5026 786 5091 ulla
808 5026 1005 5090 Orientalium
1028 5027 1066 5090 de
1089 5044 1213 5108 quorum
1236 5026 1328 5092 rebus
1351 5028 1450 5110 agitur
1473 5029 1643 5104 autoritate,

318 5162 442 5206 amu
1391 5143 1439 5218 14
