4782 6068
673 523 750 604 574
1099 525 1605 606 nisstttittlo

671 673 780 806 eaque
805 711 999 798 luvocatio,
1026 733 1111 807 quae
1139 711 1235 785 alteri
1262 713 1477 809 subsequenti
1503 715 1604 788 valde
1631 717 1746 789 similis
1774 725 1836 808 est,
1862 717 1954 793 initio
1975 720 2041 792 Li-

670 831 801 920 turgiae
818 827 954 916 dicitur,
980 826 1083 920 longe
1098 830 1290 924 priusquam
1313 835 1572 926 pronuncientur
1590 831 1696 905 verba
1714 832 1899 907 Dominioa.
1948 834 2041 910 Duas

670 947 784 1039 itaque
820 943 1055 1016 Invocationes
1088 943 1212 1018 habent
1243 945 1414 1042 Coptitae,
1449 970 1559 1044 neque
1591 952 1683 1045 prior
1717 954 1940 1045 posteriorem
1970 975 2041 1025 ex-

673 1060 789 1150 cludit,
816 1070 849 1132 et
875 1061 984 1134 simile
1016 1059 1169 1156 quiddam
1202 1061 1403 1136 observatur
1436 1066 1468 1135 in
1502 1064 1624 1138 Officiis
1653 1065 1800 1139 Gothicis
1834 1077 1868 1139 et
1899 1071 2042 1142 vetustis

672 1175 862 1249 Gallicanis.
914 1176 996 1248 lnde
1022 1179 1215 1269 conjectura
1242 1177 1317 1250 duci
1342 1173 1472 1274 polest,
1498 1183 1532 1251 in
1558 1179 1757 1254 Nestoriana
1791 1183 1942 1275 generali
1974 1183 2040 1256 Li·
2132 1193 2157 1218 ·“

671 1297 781 1386 turgia
815 1291 977 1389 duplicem
1011 1315 1144 1389 quoque
1172 1295 1601 1370 truncationis‘tormutam
1627 1296 1746 1371 luisse:
1773 1296 1833 1372 sed
1861 1310 1897 1371 ut
1921 1321 2040 1372 vemm

670 1409 847 1499 fateamur,
875 1413 938 1482 etsi
970 1413 1163 1503 conjectura
1197 1413 1482 1485 verisimilitudine
1515 1437 1582 1486 non
1615 1425 1726 1504 caret,
1758 1413 1896 1511 probari
1929 1425 2039 1489 tamen

671 1525 798 1621 absque
826 1525 974 1600 subsidio
1001 1536 1207 1601 vemstomm
1235 1527 1385 1601 codicum
1412 1532 1474 1600 vix
1499 1539 1621 1624 potest.
1674 1529 1759 1602 Nam
1794 1528 1882 1626 quod
1914 1529 2038 1603 blere-

670 1647 740 1716 sius
767 1666 841 1715 eam
869 1641 1043 1716 sustulisse
1068 1643 1241 1732 videatur,
1266 1667 1333 1716 non
1360 1644 1458 1740 plane
1484 1645 1600 1741 liquet,
1629 1669 1737 1742 neque
1753 1646 1842 1742 quod
1860 1649 1893 1718 in
1913 1645 2039 1722 Codice

669 1759 809 1856 losephi
835 1758 1047 1832 Patriarchao
1073 1781 1171 1831 manu
1199 1759 1367 1856 descripto
1394 1783 1461 1834 non
1488 1775 1671 1859 comparet,
1697 1761 1818 1858 probat
1844 1786 1918 1836 eam
1945 1768 2038 1836 exti-

668 1877 751 1948 tisse
777 1879 811 1948 in
838 1879 978 1971 antiquis
1006 1875 1194 1964 codichus,
1227 1899 1301 1948 cum
1336 1879 1409 1974 ipse
1435 1877 1602 1974 losephus
1638 1881 1701 1951 etsi
1729 1877 1770 1950 ad
1796 1877 1949 1950 Romana
1975 1901 2039 1982 suf

671 2015 729 2064 era
757 1995 935 2082 transierit,
961 1991 1157 2087 Romaeque
1184 1989 1343 2066 (lodicem
1371 2017 1465 2068 sunm
1493 1998 1680 2090 scripserit,
1706 1995 1934 2068 invocationis
1960 1992 2039 2066 ior-

672 2131 759 2182 mam
785 2111 819 2181 in
846 2108 918 2182 aliis
946 2107 1074 2182 duabus
1094 2108 1265 2202 Litnrgiis,
1291 2110 1407 2184 iisdem
1424 2111 1549 2198 verbis,
1577 2123 1611 2184 et
1629 2111 1746 2183 eodem
1765 2110 2039 2184 lncoretinuerit.

670 2224 709 2296 ln
745 2223 809 2298 illis
841 2247 943 2321 porro
978 2223 1106 2298 duabus
1140 2223 1310 2298 Theodori
1336 2237 1369 2300 et
1396 2226 1560 2318 Nestorii,
1598 2229 1774 2301 invocatio
1806 2230 1937 2318 integra
1974 2235 2039 2315 est,

674 2342 856 2438 similisque
881 2345 1047 2438 usurpatis
1074 2341 1161 2438 apud
1188 2341 1272 2415 alias
1297 2343 1469 2416 Ecclesiae
1493 2343 1665 2418 formulis:
1698 2355 1732 2416 nt
1758 2346 1791 2414 in
1816 2347 1893 2432 ista,
1921 2344 2039 2417 eadem

670 2457 777 2531 verba
806 2469 881 2532 sunt
907 2480 993 2554 quae
1019 2461 1051 2530 in
1078 2458 1227 2552 Liturgia
1258 2457 1500 2554 chrysostomi.

382 2585 656 2652 Hostiaefractieetc·
773 2575 882 2648 XXV.
936 2574 1032 2661 Quae
1067 2574 1197 2647 hostiae
1230 2572 1446 2666 fractionem,
1480 2577 1725 2664 intinctionem,
1752 2577 2040 2670 signationemque

347 2673 506 2772 ‘⁰⁸⁹⁰”lffl‘
551 2673 657 2772 sitarum
671 2702 840 2788 spectant,
878 2711 1085 2762 communem
1124 2701 1377 2784 repraesentant
1413 2689 1576 2765 Ecclesiis
1619 2690 1772 2764 omnibus
1816 2688 2039 2764 Orientalibus

347 2758 520 2898 ξῘΣΙΕΜ
542 2759 657 2827 raequ-
672 2805 1005 2902 Occidentalihusque
1031 2805 1249 2903 disciplinam,
1277 2830 1375 2904 quae,
1403 2811 1431 2880 si
1459 2808 1545 2881 absit
1570 2807 1652 2882 lides
1678 2807 1779 2880 realis
1800 2807 2038 2881 elementorum

668 2929 702 2998 in
730 2947 853 3020 corpus
888 2935 921 2996 et
954 2925 1150 3017 sanguinem
1183 2919 1305 2995 Christi
1339 2927 1636 3012 transmutationis,
1670 2922 1781 2997 locum
1813 2922 1938 2996 habere
1970 2943 2038 2996 non

667 3051 792 3139 potest,
821 3040 909 3137 quod
936 3042 1016 3114 satis
1043 3041 1154 3112 testati
1181 3048 1256 3112 sunt
1281 3040 1523 3128 Protestantcs,
1551 3053 1625 3113 oum
1651 3040 1868 3114 haecomnia
1893 3039 2038 3113 funditus

670 3160 871 3236 sustulerint.
924 3161 971 3238 At
1003 3158 1090 3257 quod
1125 3159 1260 3234 diverso
1296 3158 1395 3233 modo
1429 3157 1547 3232 fractio
1583 3157 1660 3245 hat,
1700 3161 1733 3230 in
1768 3145 1949 3254 pluresque
1980 3154 2039 3229 vel

667 3283 845 3378 pauciores
872 3276 1067 3373 particulas:
1096 3285 1152 3350 aut
1169 3280 1251 3349 ritus
1267 3274 1444 3368 frangendi
1463 3286 1495 3347 et
1514 3274 1734 3367 consignandi
1748 3296 1816 3347 non
1842 3279 1885 3346 sit
1904 3275 2037 3347 omnino

669 3397 794 3484 similis,
821 3416 936 3493 parum
963 3391 1074 3466 reiert.
1126 3393 1208 3472 lllud
1236 3395 1321 3466 enim
1349 3391 1526 3464 discrimen
1552 3414 1619 3463 non
1646 3391 1746 3464 modo
1765 3393 1850 3463 inter
1874 3389 2037 3462 Graecam

671 3523 704 3584 et
730 3511 916 3583 Romanam
941 3508 1130 3584 Ecclesiam
1156 3509 1229 3600 fnit,
1256 3531 1329 3582 enm
1357 3531 1483 3581 summa
1512 3518 1603 3581 esset
1634 3511 1720 3581 inter
1749 3519 1923 3603 utramque
1948 3528 2038 3579 con-

671 3629 803 3714 cordia,
831 3626 892 3701 sed
917 3635 953 3700 ut
985 3623 1127 3716 Graeci,
1158 3628 1205 3698 ita
1237 3623 1437 3698 blozarabes
1471 3623 1609 3699 bostiam
1645 3627 1679 3696 in
1713 3623 1826 3721 plures
1858 3621 2038 3720 particulas

672 3743 830 3832 dividunt,
857 3742 945 3816 nulla
971 3743 1049 3815 inda
1074 3744 1232 3815 novitatis
1260 3751 1316 3815 aut
1342 3742 1584 3836 superstitionis
1611 3742 1827 3814 accusatione
1853 3750 1984 3812 exorta.

381 3864 446 3917 S¹i¹⁰
454 3865 603 3933 simpliciori
613 3865 658 3916 li·
774 3859 872 3934 XXV
873 3860 897 3932 1.
949 3859 1068 3932 Partes
1100 3857 1173 3933 illas
1206 3856 1377 3951 Liturgiae
1408 3859 1626 3952 praecipuas,
1661 3877 1742 3952 quas
1775 3854 2037 3949 designavimus,

364 3951 465 4049 neptae
491 3951 658 4005 N⁰⁸²⁰fi⁰¹¹⁸⁶
671 3977 861 4074 simplicitas
889 3999 949 4049 sua
976 3975 1200 4048 commendat:
1226 3977 1259 4048 in
1287 3975 1359 4046 aliis
1386 3973 1451 4048 stili
1477 3971 1656 4046 Orientalis
1682 3972 1755 4067 plus
1781 3975 1882 4059 inest,
1909 3982 1943 4044 et
1968 3995 2036 4043 na-

365 4044 475 4104 m
493 4046 560 4090 Μ’
671 4094 784 4167 turalis
812 4090 898 4189 apud
930 4091 1002 4165 illas
1038 4101 1157 4186 gentes
1190 4090 1370 4164 verborum
1406 4088 1640 4176 redundantia,
1674 4092 1707 4161 in
1746 4111 1810 4185 qua
1837 4087 1956 4160 dudum
1985 4099 2037 4161 est

671 4234 744 4282 cum
772 4208 960 4302 elegantiae
990 4209 1135 4304 purioris
1161 4205 1311 4300 laudem,
1327 4205 1427 4304 Syri,
1461 4203 1659 4300 Arabesque
1687 4202 1796 4277 solent
1822 4209 2036 4278 constituere.

669 4327 705 4400 ln
732 4327 796 4399 illis
822 4322 1076 4421 interpretandis
1110 4327 1154 4396 ita
1180 4327 1310 4396 versati
1336 4343 1467 4410 sumus,
1502 4332 1539 4394 ut
1563 4343 1673 4416 neque
1700 4320 1807 4394 stilum
1835 4319 2035 4394 floridiorem

670 4444 911 4528 affectaremus,
938 4439 1026 4536 quod
1051 4439 1178 4512 blasius
1205 4438 1286 4512 iecit
1311 4441 1344 4512 in
1371 4463 1411 4512 ea
1434 4461 1530 4534 quam
1559 4435 1648 4508 dedit
1672 4436 1845 4531 Litargiae
1871 4437 2037 4535 Syriacae

668 4559 793 4634 basilio
821 4557 962 4630 tributae
988 4560 1164 4630 versione:
1190 4579 1299 4653 neque
1325 4555 1466 4628 verbum
1492 4550 1600 4626 verbo
1628 4553 1830 4628 reddendum
1849 4553 2037 4627 arbitrare-

669 4700 751 4750 mur.
804 4675 841 4748 ld
869 4696 950 4748 sane
978 4696 1081 4772 saepe
1107 4673 1179 4746 heri
1204 4695 1272 4747 non
1297 4682 1426 4771 potest:
1462 4694 1539 4744 nam
1574 4675 1771 4768 synonymis
1798 4671 1942 4745 abundat
1967 4671 2037 4745 lin-

673 4817 739 4888 gua
766 4793 925 4889 Syriaca,
958 4813 1044 4886 quae
1077 4810 1143 4862 uno
1176 4811 1283 4887 prope
1316 4790 1390 4864 solo
1423 4787 1532 4862 verbo
1565 4784 1684 4860 Latino
1720 4789 1862 4883 exprimi
1886 4799 2037 4883 possunt.

671 4913 720 4985 Ita
746 4932 820 4982 vox
844 4907 1082 4979 misericordia
1115 4929 1201 5003 quae
1231 4910 1387 4981 continuo
1415 4908 1573 4992 occurrit,
1601 4926 1663 5000 per
1690 4911 1828 4998 quatuor
1853 4916 1909 4977 aut
1935 4907 2037 5002 quin-

666 5050 737 5124 que
763 5025 923 5122 Syriacas
950 5023 1155 5118 exprimitur,
1182 5032 1217 5095 ut
1243 5021 1330 5120 apud
1355 5022 1492 5096 Latinos
1522 5023 1698 5092 miseratio
1727 5029 1761 5092 et
1785 5022 2036 5111 misericordia,
