4712 6032
643 509 880 590 Duoouoln
910 501 1260 590 apostotorum.
1565 509 1638 584 175

264 697 470 787 delictorum,
496 701 795 792 remissionemque
820 708 1048 794 peccatorum,
1076 700 1288 794 omniumque
1314 697 1639 794 praevaricationum

262 824 467 886 nostrarum:
494 824 529 886 ut
555 817 655 886 etiam
681 813 723 886 ad
742 814 886 906 gloriam
904 816 1046 887 nominis
1066 818 1113 886 tui
1132 817 1251 905 sancti,
1271 825 1305 888 ot
1320 813 1480 906 unigeniti
1492 811 1567 883 Filii
1581 813 1638 883 tui.

366 927 552 1000 Sacerdos.
605 928 690 1000 Pax.

366 1043 529 1132 Populus.
581 1043 625 1110 Et
651 1065 736 1110 cum.

365 1153 552 1226 Sacerdos.
604 1155 749 1226 Domine
774 1153 868 1225 Deus
895 1153 1030 1243 salutis,
1064 1157 1118 1248 qui
1150 1164 1289 1249 propter
1315 1173 1378 1226 nos
1405 1150 1505 1225 bomo
1531 1153 1639 1228 lactus

264 1291 322 1357 es,
354 1277 390 1339 et
415 1289 476 1364 per
502 1267 700 1340 sacrificium
726 1289 894 1362 personae
921 1279 1016 1359 tuae,
1049 1269 1190 1342 salvasti
1215 1289 1296 1340 nos:
1331 1266 1427 1342 salva
1461 1271 1641 1340 etiamnum

263 1404 326 1456 nos
347 1407 374 1455 a
401 1387 618 1480 corruptione
642 1386 847 1479 pemiciosa‚
875 1394 909 1455 et
933 1383 989 1456 iac
1014 1405 1077 1456 uos
1105 1383 1261 1479 templum
1287 1385 1413 1456 nomini
1435 1393 1490 1454 tuo
1512 1394 1641 1471 sancto,

265 1502 341 1594 qnia
367 1498 510 1594 populus
538 1510 572 1571 ct
596 1497 786 1571 baereditas
813 1509 869 1572 tua
896 1520 1026 1572 sumus:
1054 1510 1154 1594 teque
1181 1502 1278 1573 decet
1303 1499 1424 1591 gloria,
1451 1497 1576 1600 bonor,
1608 1509 1642 1570 et

263 1624 414 1710 potestas
442 1639 518 1687 cum
543 1615 644 1687 Patre
671 1623 728 1686 tuo
756 1625 790 1686 et
808 1615 940 1710 ,Spiritu
968 1625 1024 1688 tuo
1050 1618 1133 1687 vivo
1162 1627 1196 1688 et
1222 1624 1351 1704 sancto,
1377 1635 1477 1704 nunc,
1505 1624 1568 1686 etc.

367 1729 529 1822 Populus.
581 1731 702 1804 Amen.

367 1843 553 1917 Sacerdos.
606 1843 755 1916 Benedic
781 1842 945 1916 omnibus.

368 1959 556 2032 Diaconos.
599 1958 801 2032 Benedicam
827 1960 1016 2033 Dominum.

847 2160 1148 2264 srnrs,

688 2483 1225 2526 ψ·-

586 2863 1332 3034 [burnunculo

337 3089 864 3183 snncloltnn
926 3089 1572 3185 apostotorum

867 3279 1039 3364 notit.

363 3493 453 3574 lilaea
484 3514 531 3568 est
560 3505 705 3569 Codicum
733 3505 822 3588 bajus
844 3505 1000 3590 liturgiae
1032 3507 1211 3584 diversitas,
1242 3522 1320 3588 quae
1350 3523 1390 3568 cn
1420 3503 1646 3586 comparatione

262 3611 416 3672 variorum
430 3607 704 3690 blanuscriptorum
720 3607 876 3670 conciliari
891 3611 1004 3690 nequit.
1048 3611 1227 3673 versionem
1250 3606 1470 3672 elaboravimus
1487 3605 1524 3669 ad
1537 3624 1647 3668 exem-

262 3707 348 3788 plar,
378 3705 459 3787 quod
489 3715 557 3768 cum
579 3724 617 3768 ea
638 3705 775 3789 liturgia
797 3724 875 3787 quae
898 3709 1019 3771 nornine
1044 3707 1209 3770 Duodecim
1231 3704 1449 3789 Apostolorum
1471 3711 1646 3768 sanctorum

263 3804 344 3868 edita
374 3803 489 3867 Romae
518 3811 567 3866 est
596 3805 626 3867 in
654 3803 768 3867 Missali
792 3803 955 3874 chaldaico
978 3825 996 3868 a
1019 3824 1090 3888 pag.
1114 3806 1167 3871 98.
1191 3805 1350 3886 usquead
1374 3804 1445 3868 105.
1469 3803 1542 3867 satis
1567 3819 1646 3865 con-

262 3905 365 3981 venit,
397 3903 455 3966 etsi
485 3902 515 3963 in
547 3902 623 3966 locis
653 3903 801 3984 aliquibus
825 3902 959 3966 diiierat:
990 3922 1051 3968 non
1081 3905 1140 3967 illis
1162 3904 1269 3983 modo,
1301 3919 1379 3982 quae
1402 3901 1647 3965 reformationem

262 4017 355 4082 passa
380 4008 467 4079 sunt,
495 3999 602 4064 sedin
626 3999 702 4064 aliis.
746 4002 787 4065 At
816 4002 848 4063 in
871 3999 947 4068 Cod.
970 4003 1056 4067 Colb.
1080 4003 1165 4068 3922
1189 4003 1248 4065 alia
1270 4009 1318 4064 est
1340 3999 1447 4064 eodem
1469 3999 1555 4062 titulo
1578 4019 1646 4063 cum

264 4099 381 4180 insigni
404 4098 587 4161 discrimine.
634 4098 719 4162 Unde
742 4099 931 4164 manifestum
961 4109 1009 4164 est
1031 4102 1142 4165 nullam
1163 4109 1215 4165 aut
1237 4100 1379 4184 exiguam
1401 4116 1471 4161 esse
1493 4099 1648 4162 titulorum

264 4196 366 4260 iidem.

357 4294 386 4356 l.
409 4295 518 4358 Forma
540 4293 701 4358 verborum
725 4294 836 4359 Christi
859 4297 901 4361 ita
923 4305 956 4359 ut
985 4316 1051 4360 eam
1073 4298 1235 4373 vertimus,
1265 4296 1378 4378 legitur
1399 4296 1431 4357 in
1453 4293 1565 4358 Codice
1588 4295 1646 4358 Ms.

264 4412 336 4456 nam
359 4396 391 4457 in
414 4393 547 4457 editione
560 4392 714 4472 aliomana,
738 4402 771 4456 ut
793 4393 870 4458 aliae
893 4403 1004 4460 mutata
1027 4404 1084 4460 est.
1129 4396 1163 4458 ln
1184 4395 1241 4458 hac
1263 4401 1351 4476 parte
1373 4393 1434 4456 duo
1457 4391 1649 4455 observanda

263 4499 353 4555 sunt:
377 4493 508 4574 primurn
531 4491 610 4572 quod
633 4495 664 4555 iu
686 4493 788 4557 verbis
811 4494 849 4556 ad
867 4496 953 4575 panis
973 4495 1232 4558 consecrationem
1254 4490 1485 4574 pcrtinentibus,
1511 4491 1676 4555 Christus.

263 4589 369 4654 edisse
392 4611 432 4654 ex
454 4589 506 4655 illo
530 4591 649 4670 dieitur,
672 4593 747 4654 utin
761 4593 968 4673 sequentibus,
992 4602 1133 4676 gustasse
1157 4591 1299 4656 calicem:
1323 4591 1404 4671 quod
1425 4593 1457 4653 in
1471 4588 1606 4673 Copticis
1619 4599 1650 4654 et

263 4688 460 4752 Nestorianis
481 4689 627 4773 biturgiis
650 4691 779 4772 legitur,
810 4699 842 4754 ut
873 4693 903 4754 in
935 4690 1046 4772 aliquot
1070 4691 1203 4772 Syriacis
1224 4689 1408 4754 Jacobiticis.
1452 4689 1501 4752 Ad
1524 4688 1650 4752 calicem

262 4787 362 4848 verba
393 4786 540 4851 dominica
567 4788 743 4851 reseruntur
767 4809 807 4852 cx
829 4789 910 4852 Luca
935 4789 1141 4872 Evangelista.
1186 4789 1252 4851 lloc
1277 4795 1323 4850 est
1345 4787 1562 4851 Testamentum
1583 4788 1651 4850 No-

262 4904 338 4946 nam
360 4885 393 4946 in
415 4905 482 4946 meo
508 4889 674 4966 conquetas,
706 4905 784 4968 quae
814 4886 953 4950 fortassis
974 4887 1053 4950 ratio
1076 4887 1131 4949 luit
1153 4905 1208 4948 cur
1230 4886 1331 4950 Lucae
1352 4887 1384 4949 in
1406 4887 1520 4966 aliquot
1542 4905 1651 4949 exem-

263 4981 406 5064 plaribus
429 4982 505 5046 haec
536 4985 701 5065 Anapbora
731 4985 886 5052 tribuatur.
931 4985 965 5047 ln
987 4985 1045 5048 alia
1067 4984 1205 5067 ejusdem
1227 4985 1367 5065 nominis,
1390 4985 1533 5048 deliciunt
1556 4985 1650 5050 verba
