4730 6038
474 658 485 682 .
597 607 674 686 268
937 613 1113 693 LlTURGlA
1140 614 1171 692 S.
1197 615 1377 694 MARUTAE
1404 615 1616 696 onnuotlol.

592 861 597 877 ,
700 796 883 870 Sacerdos.
934 797 978 872 Et
1002 804 1183 875 universae
1209 800 1402 876 haereditati
1428 815 1516 894 tuae,
1544 829 1630 900 quse
1652 829 1726 879 cum
1744 807 1855 885 debito
1878 833 1959 886 ser-

596 915 709 985 vitutis
736 912 896 1009 obsequio
923 925 1089 1011 prostrata
1117 926 1170 989 est
1195 939 1308 990 coram
1336 923 1509 1011 majestate
1541 933 1596 994 tus
1621 934 1776 1018 paterna,
1810 928 1960 1000 concede

595 1031 734 1120 gratiam
770 1041 857 1102 tuam
888 1033 1155 1121 inamissibilem,
1189 1045 1224 1105 et
1255 1036 1349 1130 reple
1380 1057 1443 1110 nos
1477 1037 1740 1135 donisSpiritus
1773 1045 1819 1114 tui
1846 1042 1959 1114 divim.

595 1144 765 1241 Praepsra
793 1151 890 1218 etiam
922 1171 1003 1240 noe,
1038 1159 1073 1221 ut
1103 1148 1260 1246 inculpati
1296 1155 1512 1249 suscipiamus
1546 1159 1706 1251 mysteria
1740 1167 1797 1229 tua
1831 1157 1959 1229 divina:

595 1261 680 1349 ejice
708 1285 727 1332 a
754 1263 851 1335 nobis
878 1286 977 1336 omne
1003 1285 1110 1357 genus
1136 1269 1321 1360 nequitiae,
1354 1277 1387 1339 et
1417 1269 1510 1365 reple
1542 1291 1605 1342 nos
1632 1275 1770 1345 caritate
1797 1282 1831 1345 et
1857 1295 1957 1345 man-

595 1377 787 1468 suetudine,
814 1387 848 1449 et
873 1378 1077 1470 reseremus,
1104 1392 1167 1454 etc.

697 1492 856 1587 Popaias.
909 1494 1149 1593 Unusquisque.
1237 1577 1250 1600 .

695 1609 879 1682 Sacerdos.
931 1612 1015 1683 Pax.

697 1723 856 1820 Populos.
907 1726 1052 1800 Etcum
1080 1731 1195 1823 spiritu
1222 1737 1287 1801 tuo.
1323 1754 1327 1762 ·

693 1842 880 1914 Diacooas.
934 1840 1018 1916 Cum
1045 1847 1172 1917 timore.

694 1957 878 2030 Sacerdos.
931 1958 1054 2032 Sancta
1081 1964 1214 2032 sanctis.

693 2074 855 2168 Populos.
908 2075 1002 2148 Unus
1028 2079 1128 2149 Pater
1155 2084 1299 2149 sanctus.

692 2189 875 2263 Sacerdos.
912 2191 1126 2280 Comitemne,
1154 2191 1342 2279 adoramus,
1369 2189 1591 2283 glorificamus
1618 2203 1652 2265 et
1678 2196 1804 2285 gratiss
1823 2199 1952 2288 agimus

588 2307 663 2395 tibi,
697 2310 752 2402 qui
777 2307 894 2403 plenus
922 2329 960 2380 es
985 2308 1213 2380 misericordis
1241 2319 1275 2380 et
1301 2312 1424 2400 gratia,
1460 2331 1501 2381 eo
1536 2309 1624 2403 quod
1650 2331 1737 2381 nunc
1761 2315 1953 2404 praestitisti

587 2422 685 2496 nobis
711 2435 747 2496 ut
772 2425 1025 2498 comederemus
1052 2447 1173 2521 corpus
1201 2435 1348 2498 sanctum
1375 2428 1534 2516 unigeniti
1560 2425 1635 2497 Filii
1661 2427 1725 2514 tui,
1752 2434 1786 2497 et
1811 2423 1952 2500 bibere-

588 2563 660 2614 mus
694 2544 767 2633 ejus
801 2545 995 2634 sanguinem
1030 2564 1146 2637 purum
1182 2551 1215 2612 et
1248 2549 1405 2612 sanctum.
1458 2542 1598 2613 Praesta
1624 2538 1721 2613 nobis
1748 2540 1891 2614 Domine
1918 2553 1953 2615 ut

585 2668 780 2751 permaneat
812 2661 846 2728 in
881 2656 979 2730 nobis
1012 2657 1198 2753 depositum
1232 2656 1336 2744 istud,
1369 2655 1490 2753 fiatque
1523 2656 1620 2730 nobis
1656 2657 1699 2730 ad
1726 2661 1952 2753 expiationem

587 2771 792 2862 delictorum,
819 2773 862 2844 ad
887 2776 1117 2846 remissionem
1142 2783 1366 2869 peccatorum,
1395 2783 1428 2845 et
1455 2773 1497 2845 sd
1523 2776 1625 2847 vitam
1652 2795 1787 2862 novam,
1814 2795 1881 2846 non
1908 2774 1950 2846 sd

586 2888 908 2979 condemnationem,
935 2889 994 2962 sed
1021 2890 1063 2961 ad
1089 2894 1192 2962 vitem
1218 2900 1396 2961 aeternam.
1429 2890 1541 2984 Atque
1556 2899 1695 2987 propter
1709 2892 1820 2962 omnis
1837 2891 1949 2964 bene-

585 3003 660 3076 ficia
686 3013 742 3077 tua
769 3027 852 3098 erga
877 3027 954 3095 nos,
980 3005 1122 3098 gloriam
1148 3016 1342 3103 perpetuam
1368 3005 1550 3080 referemus
1577 3004 1648 3097 ubi,
1673 3005 1774 3078 Pater
1801 3015 1948 3095 aeterne,

585 3131 618 3192 et
643 3123 813 3213 unigenito
839 3121 925 3194 Filio
952 3132 1021 3212 tuo,
1047 3133 1081 3194 et
1106 3123 1241 3218 Spiritui
1267 3134 1324 3196 tuo
1351 3132 1477 3195 sancto.

687 3237 849 3331 Populus.
902 3239 1021 3313 Amen.
1073 3215 1081 3232 ⁵

687 3352 870 3427 Sacerdos.
924 3355 1007 3427 Pax.

686 3469 848 3564 Popsdas.
900 3471 944 3542 Et
969 3493 1043 3542 cum
1070 3473 1184 3567 spiritu
1210 3481 1277 3545 tuo.

685 3585 874 3659 Diaconos.
927 3587 1018 3660 Post.

685 3701 845 3797 Populos.
900 3701 1024 3775 Coram
1049 3711 1093 3774 te.

684 3819 868 3892 Sacerdos.
902 3819 1034 3892 Christe
1050 3818 1130 3892 Rex
1146 3819 1284 3912 gloriae,
1311 3819 1370 3890 tibi
1386 3816 1653 3890 commendemus
1668 3838 1799 3889 ornnem
1814 3817 1944 3910 guber-

508 3968 516 3975 ·
580 3940 749 4009 nationem
776 3939 865 4008 vitae
891 3947 1047 4024 nostrse3
1081 3936 1210 4010 custodi
1235 3956 1298 4008 nos
1325 3955 1460 4024 omnes,
1495 3937 1540 4006 ita
1566 3944 1601 4004 ut
1628 3932 1748 4004 damno
1774 3955 1842 4006 non
1869 3937 1944 4008 alii-

581 4056 722 4139 ciamur,
756 4075 865 4147 neque
901 4051 1109 4147 expoliemur
1142 4053 1184 4125 ab
1211 4051 1360 4124 hostibus
1387 4046 1609 4144 spiritualibus
1637 4053 1692 4120 aut
1719 4049 1942 4125 sensibilibus:

582 4177 615 4239 et
642 4170 814 4262 unicuique
839 4179 988 4240 nostrum
1016 4167 1173 4240 auxilium
1205 4167 1363 4240 concede.
1416 4165 1614 4238 Universum
1647 4170 1945 4259 congregationem

581 4283 786 4355 adorantium
813 4295 846 4355 te
873 4282 996 4356 robora
1023 4293 1056 4355 et
1083 4285 1213 4377 adjuva.
1267 4285 1376 4357 Senes
1409 4291 1557 4357 sustenta
1588 4301 1649 4375 per
1675 4284 1829 4355 virtutem
1856 4295 1943 4358 tuam

579 4421 750 4490 magnam:
781 4403 925 4492 juvenes
959 4411 1182 4496 temperantes
1210 4403 1302 4474 effice
1327 4423 1390 4495 per
1416 4398 1600 4472 custodiam
1627 4395 1816 4489 diligentem
1843 4410 1941 4472 nram.

578 4513 708 4588 Pueros
741 4517 850 4606 erudi,
887 4527 920 4588 et
952 4517 1057 4589 educa
1090 4521 1123 4590 in
1155 4518 1305 4590 doctrina
1338 4515 1467 4587 divim:
1501 4523 1535 4586 et
1564 4535 1626 4585 nos
1659 4535 1774 4588 omnes
1802 4513 1943 4608 obsigna

580 4653 680 4703 cruce
706 4642 761 4704 tua
787 4634 926 4705 victrice
954 4643 988 4705 et
1013 4632 1245 4729 insuperabili:
1271 4642 1307 4705 ut
1332 4655 1393 4728 pro
1419 4631 1482 4704 illis
1509 4629 1660 4704 omnibus
1680 4631 1864 4712 referamus
1885 4631 1943 4704 uhi

578 4747 719 4839 gloriam
746 4758 780 4821 et
804 4749 945 4838 laudem,
974 4758 1007 4822 et
1033 4749 1122 4823 Patri
1149 4761 1218 4842 tuo,
1245 4761 1278 4822 et
1304 4749 1439 4844 Spiritui
1465 4758 1581 4822 sancto
1609 4759 1674 4823 tuo.

1012 5003 1507 5050 ψ*
