4728 6028
596 510 650 588 IN
691 509 982 588 LITURGIAS
1024 507 1305 587 surricis.
1586 510 1635 584 63

268 697 370 776 debet,
393 698 463 780 quia
485 703 518 759 ut
540 695 636 775 maJor
658 702 688 757 et
710 695 809 757 media
830 695 916 776 panis
939 712 1010 776 pars
1033 712 1124 758 cruce
1145 693 1251 775 majori
1274 693 1391 777 signata
1415 701 1472 774 est,
1495 694 1536 757 ita
1559 695 1637 759 aliae

269 796 443 874 cruciculis,
464 803 498 860 ut
519 815 560 858 ex
581 793 678 878 ligura
701 812 789 876 quam
811 793 985 858 Sirmondus
1009 792 1117 873 edidit,
1145 795 1272 880 agnosci
1292 799 1402 876 potest.
1438 790 1535 856 Striac
1559 792 1637 856 enim

269 895 482 979 profundiores
514 913 593 977 quae
621 896 700 957 inter
729 893 895 957 cmciculas
918 893 1136 972 observantur,
1171 893 1282 957 faciunt
1311 900 1343 955 ιιι
1370 892 1458 974 panis
1487 893 1518 954 in
1540 895 1638 974 parti-

252 996 352 1072 ‚culas
375 995 464 1059 facile
485 995 654 1077 frangatur,
677 1001 707 1056 ει
730 1011 834 1057 omnes
857 1011 989 1069 crucem,
1012 992 1078 1055 sive
1100 991 1230 1074 sigillum
1250 991 1371 1070 babent,
1395 1010 1483 1072 quam
1506 989 1545 1053 ob
1561 1010 1637 1053 cau-

268 1113 331 1160 sam
353 1096 454 1175 sigillo
476 1112 597 1177 quoque
619 1101 777 1157 vocantur.
821 1092 901 1154 Nihil
923 1091 1018 1154 simile
1041 1093 1177 1154 occurrit
1198 1091 1229 1154 in
1250 1091 1365 1154 Missali
1388 1090 1549 1165 chaldaico
1572 1091 1638 1154 Ro-

267 1213 334 1256 mae
364 1191 461 1271 edito,
485 1194 554 1274 quia
584 1193 622 1256 ad
656 1193 869 1257 Maronitarum
902 1210 988 1254 usum
1016 1189 1198 1254 reformatus
1226 1199 1287 1266 est;
1316 1190 1360 1252 illi
1390 1198 1489 1252 autem
1523 1190 1638 1254 Oblatis

267 1294 381 1374 azymis
403 1291 511 1355 Latino
533 1309 617 1356 more
637 1300 777 1388 utuntur,
810 1309 889 1373 quae
912 1290 1018 1354 eodem
1041 1290 1147 1370 modo,
1179 1308 1239 1372 quo
1263 1289 1431 1384 Orientales
1455 1287 1554 1374 frangi
1576 1308 1637 1353 non

266 1400 407 1474 possunt.
1325 1437 1332 1468 ,

353 1490 583 1555 Observandum
605 1491 724 1554 modern
748 1498 810 1568 εει,
833 1489 968 1570 partibus
990 1489 1049 1552 illis
1071 1491 1102 1552 in
1124 1507 1199 1571 quas
1223 1489 1448 1552 Eucharisticus
1478 1492 1564 1571 panis
1586 1491 1637 1554 di·
1685 1486 1793 1541 Nomina
1812 1487 1861 1539 δι’·
1878 1489 1961 1555 parti-

266 1590 394 1669 viditur,
418 1591 476 1655 alia
498 1591 529 1652 in
551 1607 639 1653 sacra
659 1589 798 1654 Actionis
821 1590 950 1652 decursu
979 1589 1099 1652 nomina
1122 1589 1220 1652 tribui.
1265 1589 1340 1651 Nam
1367 1590 1513 1670 particula
1541 1592 1638 1674 major
1649 1572 1766 1628 ⁰¹¹¹⁸¹¹¹¹¹¹
1797 1582 1962 1628 ⁶⁰⁰⁸⁰⁰¹³¹⁸·

267 1689 389 1771 quando
412 1697 590 1752 consecrata
613 1698 660 1752 est
682 1708 775 1770 saepe
792 1688 963 1769 Margarita
974 1688 1161 1769 appellatur:
1184 1688 1263 1768 apud
1283 1688 1455 1770 Aegyptios
1476 1679 1715 1754 lrbodiconmm·

266 1804 322 1852 seu
344 1789 529 1852 fsbcdicon:
552 1790 582 1852 in
606 1788 719 1852 Codice
743 1787 1025 1852 Graeco-Arabico
1046 1787 1111 1852 Bib.
1134 1788 1249 1870 Regiae
1262 1774 1445 1852 Σπουδικόν
1464 1805 1541 1852 voce
1564 1809 1638 1854 cor-

265 1895 354 1969 rupta
378 1908 419 1950 cx
441 1876 647 1952 Δεσποτικόν
673 1905 781 1968 nempe
812 1885 917 1966 σῶμμ.
963 1887 1081 1968 Corpus
1112 1885 1310 1950 flammicam.
1353 1887 1449 1949 Etiam
1478 1907 1550 1970 pars
1581 1889 1639 1954 de-

266 1996 364 2051 sumto
386 1988 498 2053 cirilla
520 1989 640 2070 majori,
665 2006 722 2069 qua
746 1986 826 2050 calix
853 1987 1050 2069 consignatur
1076 1993 1109 2048 ut
1136 1986 1208 2049 uuio
1237 1985 1361 2049 duarum
1390 1988 1561 2068 specierum
1588 1992 1639 2054 frat

267 2075 345 2170 ἅγια
368 2081 482 2160 ι’νωσις
504 2087 630 2150 Graecis
653 2086 749 2164 dicta,
773 2095 803 2148 ει
825 2086 862 2148 ab
886 2085 1088 2148 Orientalibus
1110 2103 1172 2149 non
1194 2087 1293 2148 minus
1309 2085 1485 2166 observata,
1507 2089 1642 2172 Margo.

266 2189 330 2249 rito
352 2205 474 2269 quoque
497 2188 563 2249 sive
587 2186 663 2248 Unio
686 2185 802 2248 dicitur.
856 2185 959 2248 Partes
982 2185 1117 2266 reliquae
1148 2185 1179 2248 in
1208 2185 1254 2248 bis
1285 2185 1388 2248 officiis
1416 2204 1528 2250 nomen
1557 2191 1637 2254 aliud

268 2301 327 2346 non
350 2287 463 2350 habent
485 2304 574 2368 quam
595 2285 780 2368 sigillorum,
803 2283 842 2348 ob
865 2284 1012 2348 rationem
1033 2303 1125 2366 supra
1148 2285 1273 2364 dictam,
1302 2293 1334 2347 ιιι
1357 2304 1413 2347 nec
1436 2286 1514 2368 apud
1538 2290 1639 2355 Grae-

268 2401 320 2447 cos
355 2385 444 2448 aliter
476 2393 625 2449 vocantur
657 2403 745 2466 quam
778 2375 871 2468 ἅγιαι
901 2377 1042 2467 μερίδες.
1094 2385 1128 2446 ln
1163 2383 1336 2464 colbertino
1372 2382 1502 2464 Codice,
1531 2396 1562 2450 et
1600 2408 1638 2454 oo
1708 2421 1716 2436 ·
1790 2426 1796 2439 ·

269 2502 328 2565 quo
350 2484 539 2548 Bodarianus
562 2503 635 2548 usus
658 2492 722 2563 ast,
756 2491 819 2546 tum
849 2484 879 2544 in
907 2483 973 2546 aliis
1002 2484 1231 2566 antiquissimis,
1260 2485 1393 2548 occurrit
1421 2504 1484 2548 vox
1512 2487 1637 2570 Syriaca

267 2595 363 2652 renim
383 2584 552 2664 Gomorra,
575 2600 663 2665 quam
685 2583 737 2646 ille
760 2583 921 2660 corporale
943 2584 1157 2664 interpretatus
1181 2592 1244 2664 est,
1267 2584 1322 2648 sed
1345 2602 1423 2665 quae
1444 2585 1516 2648 nibil
1539 2587 1635 2650 minus

267 2683 434 2766 significat,
458 2691 488 2746 et
510 2682 548 2746 de
571 2701 630 2764 qua
653 2700 726 2746 sanc
756 2689 822 2745 erat
850 2681 1051 2756 divinandum.
1093 2683 1201 2764 Neque
1230 2684 1310 2746 enim
1339 2683 1390 2746 illa
1419 2685 1589 2767 explicatur
1618 2705 1636 2750 a
1750 2755 1753 2768 .

266 2780 506 2864 Lexicograpbis
528 2781 765 2860 recentioribus,
789 2788 840 2843 aut
862 2801 878 2844 a
902 2779 987 2862 Syris
1009 2783 1098 2864 ipsis,
1122 2792 1154 2845 ut
1175 2782 1380 2864 neque·aliac
1402 2801 1499 2867 prope
1531 2803 1635 2850 omnes

268 2881 305 2942 ad
333 2881 521 2963 disciplinam
558 2881 802 2946 Ecclesiasticam
838 2887 1020 2961 spectantes.
1071 2883 1184 2945 Tamen
1212 2901 1279 2946 cum
1306 2882 1358 2945 illa
1387 2901 1449 2946 vox
1478 2886 1640 2948 carbonem

267 2980 361 3062 vulgo
384 2980 550 3064 significet,
573 2981 734 3044 uerisimile
757 2981 876 3044 omnino
900 2989 964 3059 εει,
988 2981 1040 3044 illo
1063 2981 1233 3065 significatu
1255 2982 1459 3062 accipiendam
1481 2983 1529 3046 bic
1559 2983 1640 3048 illam

268 3097 355 3158 essa,
379 3080 435 3144 sed
457 3081 509 3163 qui
532 3081 569 3143 ad
591 3081 747 3163 mysticum
770 3081 857 3142 alium
887 3079 1055 3158 refermm,
1090 3081 1294 3144 Orientalibus
1323 3083 1525 3162 notissimum,
1556 3094 1586 3148 et
1609 3086 1640 3147 in

268 3180 455 3242 orationibus
478 3179 654 3263 frequenter
675 3187 857 3260 usurpatum.
901 3179 931 3242 ls
955 3189 1056 3244 estut
1085 3181 1250 3263 particulae
1272 3183 1364 3263 panis·
1389 3186 1559 3247 consecrati
1580 3203 1640 3248 vo-

268 3285 376 3340 centur
398 3278 550 3342 carbones
571 3281 651 3356 cici,
674 3280 742 3359 quia
766 3277 915 3342 Christum
937 3281 977 3342 ita
1000 3280 1126 3361 mystice
1149 3281 1337 3362 designatum
1360 3281 1480 3361 volunt,
1504 3301 1564 3363 qua
1585 3304 1639 3348 ra-

267 3378 366 3456 tione,
395 3387 429 3440 ut
457 3377 601 3455 diximus,
624 3373 718 3440 Maria
739 3377 835 3462 Virgo
857 3385 985 3441 vocatur
1006 3379 1187 3442 thuribulum
1217 3398 1360 3455 acreum,
1387 3382 1457 3461 quia
1479 3383 1639 3446 carbonem

265 3479 349 3539 oitoe
369 3486 456 3541 utero
479 3480 632 3542 conminuit.
677 3476 763 3540 Unde
784 3478 815 3538 in
837 3477 1048 3540 benedictione
1071 3476 1264 3556 Cocblearis‚
1293 3496 1353 3558 quo
1377 3482 1543 3544 communio
1565 3483 1638 3546 Lai-

268 3577 312 3638 cis
335 3576 540 3654 distribuitur,
563 3584 753 3659 comparatur
774 3576 847 3640 illud
869 3569 985 3656 λαβίόι
1007 3579 1073 3640 sive
1094 3577 1219 3658 forcipi,
1253 3596 1340 3658 quem
1363 3579 1395 3642 iu
1416 3578 1527 3664 Angeli
1550 3600 1639 3644 manu

267 3674 459 3753 multisonas,
482 3677 628 3757 capientis
651 3676 812 3739 carbonem
834 3675 872 3739 de
896 3675 998 3739 altari:
1022 3684 1112 3758 atque
1135 3677 1358 3760 idcircoipsum
1371 3677 1520 3744 Cocblear
1543 3677 1639 3761 λαβὶς

268 3775 446 3857 appellatur.
491 3774 595 3856 ltaque
618 3775 781 3858 particulas
803 3775 870 3838 illas
893 3794 971 3857 quae
993 3775 1108 3840 fractae
1130 3777 1293 3840 minutatim
1316 3779 1347 3840 in
1373 3780 1458 3843 disco
1481 3779 1638 3845 collocan-

267 3882 317 3937 tur
339 3883 437 3942 snm
466 3876 668 3938 carbonario
691 3875 822 3957 Syriacis
844 3875 1010 3939 llitualibus
1033 3877 1155 3954 vocari,
1179 3895 1216 3940 eo
1240 3878 1431 3942 uerisimilius
1460 3887 1524 3958 est,
1555 3879 1637 3961 quod

267 3975 309 4036 ita
331 3992 453 4055 quoque
477 3982 627 4038 vocentur
648 3978 680 4037 in
702 3973 917 4038 benedictione
939 3975 1023 4038 Disci
1050 3975 1263 4056 Eucharistici,
1294 3979 1325 4040 in
1351 3977 1460 4041 Rituali
1489 3979 1637 4044 Gabriclis

267 4071 461 4136 Patriarcbac
488 4071 703 4153 Alexandrini,
733 4074 786 4154 pai
811 4073 972 4152 replendus
1000 4083 1047 4138 εει
1073 4079 1176 4156 igniis
1205 4078 1405 4155 corbonibus,
1435 4099 1476 4142 ec
1503 4082 1639 4162 redeatis

269 4174 408 4254 emporis
441 4173 497 4252 titii
528 4175 591 4235 mi.-
619 4171 775 4255 particulis
809 4173 926 4236 scilicet
954 4192 1032 4253 quac
1062 4174 1201 4239 dicuntur
1231 4165 1467 4261 Νιλιιμψανον,
1501 4177 1560 4242 hoc
1590 4187 1638 4243 εει
1724 4165 1730 4178 ”

260 4265 431 4354 Arimara,
453 4271 536 4349 sive,
559 4279 592 4334 ut
612 4271 731 4336 Arabes
754 4280 894 4350 vertunt,
916 4274 1052 4336 membro
1074 4278 1214 4355 corporis
1237 4275 1367 4339 Obristi:
1397 4279 1509 4341 Vocari
1538 4287 1639 4342 autem

266 4373 307 4433 ita
329 4379 458 4452 possunt
479 4379 549 4434 ante
571 4373 847 4446 consecrationem,
870 4390 931 4435 non
944 4375 1041 4436 nunus
1059 4378 1421 4459 quamsacrcmpsteric‚
1443 4379 1637 4458 commodem,

267 4469 383 4546 bustim
405 4489 518 4550 donem
538 4473 769 4553 prinropcnitus,
794 4479 824 4536 et
845 4471 944 4534 aliter.

353 4567 386 4630 ln
409 4569 456 4632 bis
478 4587 554 4652 ergo
577 4571 680 4634 oficiis
709 4571 863 4635 Gomorra
891 4571 1053 4652 particulas
1082 4573 1230 4654 significat
1260 4592 1338 4655 quae
1365 4574 1396 4635 in
1422 4574 1507 4638 disco
1537 4578 1637 4642 collo·
1694 4589 1771 4643 Panis
1788 4592 1960 4646 Euchariruci

269 4673 389 4748 cantur,
411 4687 509 4751 prope
532 4689 584 4734 eas
608 4670 788 4752 quaequod
811 4672 951 4734 crucibus
975 4674 1148 4754 signentur,
1182 4673 1300 4735 rabone
1323 4685 1416 4747 ttttl'ct
1448 4677 1513 4739 sive
1535 4678 1637 4758 sigillo
1649 4679 1820 4748 praeparatio.

270 4765 462 4849 singulariter
496 4769 693 4849 appellantur.
744 4769 806 4833 lmo
844 4771 875 4832 in
910 4772 1022 4852 optimo
1051 4772 1164 4836 Codice
1194 4772 1409 4856 Seguieriano,
1444 4775 1548 4839 eadem
1575 4794 1637 4840 vox

270 4866 412 4950 majorem
434 4886 474 4931 ex
496 4887 555 4949 qua
577 4869 654 4932 aliae
680 4871 896 4953 consignantur
917 4877 1034 4952 partem
1056 4870 1181 4936 Oblatae
1203 4872 1361 4957 significat
