4814 6060
617 634 796 712 lGNdTll
828 633 1147 711 istumistun
1179 633 1475 712 intinctum.
1655 638 1726 713 531

359 846 482 919 prope,
508 827 628 919 quique
652 821 755 914 louge
780 825 881 917 positi
907 832 1001 910 sunt,
1027 823 1061 893 iu
1088 824 1177 894 omui
1202 822 1281 896 loeo
1309 832 1366 894 aut
1386 824 1538 911 civitate,
1567 831 1600 894 et
1620 847 1730 920 quae-

359 947 436 1012 ruut
460 962 585 1012 nomeu
609 950 710 1010 tuum.
762 937 930 1010 Memento
958 959 1075 1010 eorum
1102 937 1146 1010 ad
1172 937 1277 1012 altare
1311 948 1418 1026 tuum,
1456 938 1544 1034 quod
1580 942 1730 1018 manibus

359 1054 482 1127 laetum
507 1077 575 1126 uon
603 1063 671 1140 est,
699 1062 733 1124 et
758 1052 801 1124 ab
829 1053 981 1126 omnibus
1008 1052 1255 1143 absconditum3
1288 1054 1411 1146 adjuva
1428 1059 1538 1128 etiam
1564 1080 1625 1152 per
1652 1063 1732 1132 vir-

360 1181 463 1246 tutem
491 1182 578 1244 tuam
606 1189 722 1243 omnes
750 1173 804 1265 qui
831 1181 864 1241 tc
891 1173 1067 1259 invocant,
1103 1172 1263 1260 inmari,
1299 1175 1469 1262 interra,
1505 1175 1536 1244 iu
1572 1173 1662 1246 bello
1698 1186 1732 1246 et

359 1311 455 1384 pace,
482 1291 516 1360 in
542 1287 687 1376 arcibus,
713 1289 747 1358 in
773 1285 901 1374 insulis,
927 1290 961 1357 in
988 1285 1162 1376 columnis,
1188 1289 1221 1358 in
1248 1285 1426 1376 montibus,
1452 1289 1486 1358 in
1511 1288 1678 1383 speluncis
1698 1300 1732 1362 et

360 1407 531 1478 cavernis:
560 1405 667 1499 daque
693 1402 756 1473 illis
783 1413 819 1476 ut
843 1404 1015 1499 perficiant
1046 1413 1200 1474 exactam
1235 1402 1384 1494 regulam
1416 1407 1614 1476 monitorum
1647 1415 1729 1477 tuo-

359 1544 431 1593 rum
446 1521 745 1615 Evaugelicorum:
771 1519 957 1609 famelicos,
985 1522 1205 1610 angustiatos,
1233 1539 1362 1612 egenos
1381 1529 1414 1590 et
1431 1541 1597 1615 pauperes
1613 1545 1730 1617 pasce,

360 1645 395 1709 et
419 1637 622 1708 necessariis
650 1636 820 1707 advitam
847 1635 948 1708 rebus
965 1640 1106 1708 instruc:
1134 1633 1293 1722 advenas,
1322 1633 1730 1728 alienigenas,viatores,

360 1761 427 1824 tum
454 1761 544 1822 terra
573 1773 670 1845 quam
697 1755 792 1843 mari,
818 1751 922 1823 reduc
947 1755 981 1824 iu
1006 1753 1153 1846 propria.
1204 1749 1336 1839 Nudos,
1365 1754 1511 1842 ejectos,
1540 1751 1731 1827 discalcea-

359 1878 426 1958 tos,
453 1877 509 1939 eut
534 1865 623 1938 nudo
651 1871 759 1963 capite
784 1871 873 1940 vesti
901 1876 935 1938 et
961 1870 1065 1962 operi.
1118 1869 1268 1960 Aegros,
1296 1865 1467 1940 doloribus
1495 1880 1651 1960 vexatos,
1670 1875 1728 1943 iu-

358 1983 472 2056 lirmos
501 1991 534 2055 et
560 2004 621 2056 eos
648 1988 703 2079 qui
729 1983 963 2056 tentationibus
990 1981 1230 2071 conflictantur,
1256 1980 1362 2055 libera
1389 1993 1422 2078 et
1449 2005 1541 2056 sana.
1577 1983 1648 2062 Eos
1676 1991 1732 2083 qui

341 2102 625 2195 'persecutionem
652 2102 828 2195 patiuntur,
856 2101 971 2194 quiin
998 2098 1190 2172 carceribus
1218 2110 1273 2172 aut
1298 2099 1452 2190 rmculis,
1481 2106 1731 2179 autttormeutis

359 2227 454 2304 sunt,
482 2215 578 2288 salva
605 2222 639 2286 et
664 2215 789 2305 libera,
821 2214 985 2310 nobisque
1012 2213 1165 2288 omnibus
1192 2217 1302 2288 servis
1329 2217 1394 2287 tuis
1421 2217 1602 2290 secuudum
1627 2239 1730 2292 veras

358 2333 601 2427 promissiones
628 2339 714 2421 tuas,
741 2333 928 2426 iniquitates
953 2343 1089 2405 nostras
1116 2331 1239 2404 dimitte
1267 2342 1302 2404 et
1323 2331 1494 2405 condona:
1523 2337 1599 2429 quia
1620 2338 1730 2408 omnia

358 2451 391 2518 in
418 2447 570 2519 manibus
597 2450 660 2517 tuis
687 2457 783 2536 suut,
816 2456 849 2518 et
876 2446 1027 2520 omuibus
1054 2451 1209 2522 virtutem
1236 2447 1396 2543 praebes,
1429 2448 1554 2544 tibique
1588 2451 1731 2543 gloriam

360 2572 394 2635 et
419 2563 551 2636 laudem
570 2562 758 2652 referimus,
783 2567 1020 2659 unigenitoque
1035 2563 1120 2636 Filio
1138 2572 1206 2651 tuo,
1234 2572 1267 2634 et
1283 2562 1420 2659 Spiritui
1436 2573 1492 2636 tuo
1509 2568 1730 2644 sanctissimo.

461 2679 637 2765 Sacerdos
662 2679 855 2752 irretientes.
896 2681 1046 2773 Dignare
1073 2681 1217 2752 Domine
1238 2681 1430 2754 meminisse
1450 2680 1581 2775 Regum
1605 2677 1621 2716 ⁴
1640 2681 1730 2754 lide-

360 2793 439 2866 lium
473 2805 507 2867 et
540 2793 830 2884 orthodoxorum,
862 2797 1134 2893 Reginammque
1170 2794 1448 2884 Christianarum,
1480 2799 1663 2894 principum
1698 2810 1731 2872 et

360 2914 515 2998 omnium,
543 2915 597 3006 qui
623 2920 790 3006 potestate
816 2915 912 3004 regia
939 2912 1081 3008 aliquam
1109 2915 1319 2984 autoritatem
1347 2910 1507 3000 obtinent,
1535 2917 1589 3008 qui
1616 2937 1731 2987 curam

358 3028 481 3101 babent
506 3027 682 3102 Ecclesiae
708 3039 797 3116 tuae,
823 3036 858 3099 et
882 3051 1014 3101 manum
1041 3025 1203 3124 praebent
1229 3049 1377 3122 pascuae
1404 3039 1501 3117 tuae,
1528 3036 1627 3123 atque
1653 3030 1730 3101 cle-

121 3131 125 3140 ’
251 3209 261 3216 ,
358 3154 488 3216 menter
519 3153 553 3215 et
580 3147 670 3236 juste
701 3143 851 3236 judicant
876 3165 1016 3237 gregem
1043 3155 1148 3216 tuum:
1176 3147 1233 3239 qui
1260 3142 1363 3215 oculis
1389 3144 1486 3216 laetis
1514 3154 1549 3218 et
1573 3143 1729 3238 benignis

360 3263 564 3356 prospiciunt
589 3259 712 3356 populo
741 3270 807 3332 tuo.
859 3260 912 3332 Da
938 3258 1003 3332 illis
1029 3263 1204 3333 victoriam
1230 3270 1265 3331 et
1290 3259 1487 3354 triumphum
1513 3260 1555 3331 de
1581 3259 1646 3334 illis
1674 3266 1731 3357 qui

358 3399 421 3450 eos
448 3377 606 3464 odemut;
633 3375 845 3473 apprehende
872 3399 965 3450 arma
992 3386 1025 3448 et
1054 3386 1199 3466 scutum,
1232 3386 1266 3448 et
1299 3370 1431 3467 exurge
1463 3377 1497 3447 iu
1530 3375 1730 3469 adjutorium

359 3515 491 3568 eorumr
518 3492 663 3565 extende
688 3493 832 3586 gladium
860 3503 893 3565 et
919 3492 1050 3586 iulgma
1078 3492 1241 3565 adversus
1267 3493 1418 3563 iuimicus
1436 3513 1566 3565 eorum:
1593 3496 1731 3570 immitte

360 3633 477 3707 pacem
504 3609 661 3684 cordibus
689 3631 816 3699 corum,
843 3619 879 3681 ut
905 3631 979 3680 cum
1006 3611 1124 3682 timore
1151 3620 1185 3681 et
1211 3612 1352 3705 puritate
1378 3605 1568 3699 gubernent
1589 3630 1730 3703 gregem

359 3737 458 3799 tuum.
555 3729 561 3736 “

462 3842 624 3935 Populus.
676 3841 783 3937 Kyrie
813 3839 951 3912 eleison.

462 3957 638 4030 Sacerdos
678 3958 816 4028 elevans
857 3979 983 4028 vocem
1046 3955 1132 4040 Quis
1171 3977 1311 4048 regnum
1353 3968 1459 4046 tuum,
1499 3979 1640 4051 reguum
1677 3967 1731 4030 est
1838 3982 1843 4005 ·

363 4079 507 4148 omnium
535 4073 764 4163 saeculomm,
795 4081 829 4146 et
861 4079 1012 4166 potestas
1043 4070 1220 4146 divinitatis
1253 4083 1329 4144 tuae
1361 4077 1393 4146 in
1426 4077 1664 4166 generationes
1691 4083 1730 4164 ¹et

362 4194 611 4284 generationes.
663 4189 698 4263 A
731 4199 764 4260 te
795 4211 911 4262 omnes
937 4187 1053 4279 Reges
1086 4191 1311 4277 instituuntur,
1349 4198 1383 4262 et
1415 4213 1531 4264 omues
1564 4191 1730 4286 principes

360 4306 548 4403 spirituales
576 4315 610 4377 et
642 4305 819 4378 sensibiles
852 4313 885 4376 te
912 4303 1060 4378 adorant.
1108 4303 1291 4400 Propterea
1318 4308 1458 4401 petimus
1486 4330 1505 4379 a
1532 4317 1566 4377 te
1584 4305 1729 4378 Domine

358 4421 517 4495 Salvator
543 4432 577 4493 et
602 4419 762 4495 liberator
788 4443 808 4492 a
833 4421 964 4516 populis
991 4418 1129 4508 invidis,
1157 4428 1236 4492 eta
1263 4419 1404 4494 dominis
1417 4425 1562 4512 saevis,
1591 4419 1632 4492 ab
1659 4421 1728 4490 im-

357 4538 490 4610 mitibus
516 4534 717 4632 raptoribus,
746 4560 765 4608 e
793 4535 943 4608 manibus
969 4535 1137 4624 violentis,
1164 4534 1411 4632 stapedibus
1439 4539 1565 4626 alienis,
1593 4546 1630 4609 ut
1650 4535 1727 4608 Re-

358 4653 457 4748 gibus
490 4657 666 4726 veritatem
699 4664 788 4726 tuem
821 4652 1053 4737 retinentibus,
1089 4651 1149 4724 des
1181 4655 1355 4724 victoriam
1390 4663 1424 4726 et
1455 4654 1650 4752 triumphum
1686 4651 1728 4724 de

357 4774 498 4843 inimicis
534 4792 649 4842 eorum
686 4771 826 4842 secretis
858 4779 892 4840 et
925 4767 1125 4857 manifestim
1162 4779 1298 4841 contere
1332 4767 1407 4841 illos
1439 4773 1487 4841 iu¹
1507 4774 1557 4843 ira
1592 4781 1662 4857 tua,
1695 4777 1729 4840 et

263 4878 265 4886 ’
359 4889 459 4958 etiam
492 4906 553 4960 eos
589 4909 610 4957 a
643 4883 760 4982 quibus
795 4871 954 4960 auxilium
988 4887 1153 4980 accipiunt
1179 4883 1341 4956 adversus
1368 4885 1524 4980 populum
1551 4897 1658 4970 tuum,
1692 4891 1727 4954 ut

333 5003 448 5102 ¹illmn
475 5000 637 5094 affligant:
663 5000 821 5096 paulatim
847 5001 964 5075 obiere
990 5000 1066 5075 illos
1092 5003 1125 5072 in
1152 4999 1266 5071 furore
1292 5009 1359 5072 tuo.
1387 4998 1458 5070 Eos
1486 5004 1584 5074 etiam
1612 5000 1727 5096 quiin

359 5119 462 5191 corde
488 5128 522 5191 et
547 5117 651 5190 corde
677 5116 863 5213 loquuntur,
890 5117 994 5213 perde
1020 5139 1082 5214 per
1107 5117 1363 5212 increpationem
1386 5125 1487 5202 tuam,
1515 5127 1549 5189 et
1568 5116 1608 5188 da
1629 5116 1728 5190 uobis

398 5259 485 5301 Tamus
498 5257 524 5307 Η,
1326 5283 1336 5304 0
1473 5234 1522 5308 70
