<?xml version="1.0" encoding="UTF-8"?>
<!DOCTYPE html PUBLIC "-//W3C//DTD XHTML 1.0 Transitional//EN"
    "http://www.w3.org/TR/xhtml1/DTD/xhtml1-transitional.dtd">
<html xmlns="http://www.w3.org/1999/xhtml" xml:lang="en" lang="en">
 <head>
  <title>
</title>
<meta http-equiv="Content-Type" content="text/html;charset=utf-8" />
  <meta name='ocr-system' content='tesseract 3.04.00' />
  <meta name='ocr-capabilities' content='ocr_page ocr_carea ocr_par ocr_line ocrx_word'/>
</head>
<body>
  <div class='ocr_page' id='page_1' title='image "./liturgiarumorie04renagoog_0664.png"; bbox 0 0 4782 6068; ppageno 0'>
   <div class='ocr_carea' id='block_1_1' title="bbox 882 561 1748 696">
    <p class='ocr_par' dir='ltr' id='par_1_1' title="bbox 882 561 1748 696">
     <span class='ocr_line' id='line_1_1' title="bbox 882 561 1748 696; baseline -0.007 0"><span class='ocrx_word' id='word_1_1' title='bbox 882 610 1245 696; x_wconf 82' lang='lat' dir='ltr'>unsronrr.</span> <span class='ocrx_word' id='word_1_2' title='bbox 1612 561 1748 691; x_wconf 69' lang='lat' dir='ltr'>&#39;em</span> 
     </span>
    </p>
   </div>
   <div class='ocr_carea' id='block_1_2' title="bbox 379 802 1751 2288">
    <p class='ocr_par' dir='ltr' id='par_1_2' title="bbox 379 802 1751 2288">
     <span class='ocr_line' id='line_1_2' title="bbox 381 802 1748 904; baseline 0.003 -30"><span class='ocrx_word' id='word_1_3' title='bbox 381 812 416 875; x_wconf 88' lang='lat' dir='ltr'>et</span> <span class='ocrx_word' id='word_1_4' title='bbox 442 806 585 876; x_wconf 90' lang='lat' dir='ltr'>omnium</span> <span class='ocrx_word' id='word_1_5' title='bbox 616 803 752 879; x_wconf 83' lang='lat' dir='ltr'>fratrum</span> <span class='ocrx_word' id='word_1_6' title='bbox 784 813 974 904; x_wconf 83' lang='lat' dir='ltr'>nostromm</span> <span class='ocrx_word' id='word_1_7' title='bbox 1006 807 1041 877; x_wconf 88' lang='lat' dir='ltr'>in</span> <span class='ocrx_word' id='word_1_8' title='bbox 1067 803 1199 877; x_wconf 80' lang='lat' dir='ltr'>cbristo</span> <span class='ocrx_word' id='word_1_9' title='bbox 1233 803 1359 898; x_wconf 86' lang='lat' dir='ltr'>quiex</span> <span class='ocrx_word' id='word_1_10' title='bbox 1393 802 1458 876; x_wconf 90' lang='lat' dir='ltr'>boc</span> <span class='ocrx_word' id='word_1_11' title='bbox 1489 803 1626 878; x_wconf 89' lang='lat' dir='ltr'>saeculo</span> <span class='ocrx_word' id='word_1_12' title='bbox 1660 827 1748 902; x_wconf 87' lang='lat' dir='ltr'>pro-</span> 
     </span>
     <span class='ocr_line' id='line_1_3' title="bbox 380 915 1747 1016; baseline 0.002 -27"><span class='ocrx_word' id='word_1_13' title='bbox 380 915 458 990; x_wconf 87' lang='lat' dir='ltr'>fecti</span> <span class='ocrx_word' id='word_1_14' title='bbox 484 929 559 992; x_wconf 88' lang='lat' dir='ltr'>sunt</span> <span class='ocrx_word' id='word_1_15' title='bbox 584 923 618 993; x_wconf 90' lang='lat' dir='ltr'>in</span> <span class='ocrx_word' id='word_1_16' title='bbox 643 920 708 994; x_wconf 92' lang='lat' dir='ltr'>fide</span> <span class='ocrx_word' id='word_1_17' title='bbox 739 945 843 1011; x_wconf 84' lang='lat' dir='ltr'>vera,</span> <span class='ocrx_word' id='word_1_18' title='bbox 877 943 1016 1016; x_wconf 87' lang='lat' dir='ltr'>quorum</span> <span class='ocrx_word' id='word_1_19' title='bbox 1049 921 1182 992; x_wconf 92' lang='lat' dir='ltr'>nomina</span> <span class='ocrx_word' id='word_1_20' title='bbox 1214 922 1300 991; x_wconf 86' lang='lat' dir='ltr'>scis:</span> <span class='ocrx_word' id='word_1_21' title='bbox 1335 919 1473 991; x_wconf 89' lang='lat' dir='ltr'>solvens</span> <span class='ocrx_word' id='word_1_22' title='bbox 1506 927 1541 990; x_wconf 89' lang='lat' dir='ltr'>et</span> <span class='ocrx_word' id='word_1_23' title='bbox 1576 922 1747 992; x_wconf 88' lang='lat' dir='ltr'>remittens</span> 
     </span>
     <span class='ocr_line' id='line_1_4' title="bbox 380 1032 1748 1133; baseline 0.001 -27"><span class='ocrx_word' id='word_1_24' title='bbox 380 1033 445 1108; x_wconf 91' lang='lat' dir='ltr'>illis</span> <span class='ocrx_word' id='word_1_25' title='bbox 472 1035 701 1131; x_wconf 78' lang='lat' dir='ltr'>quodcumque</span> <span class='ocrx_word' id='word_1_26' title='bbox 725 1047 953 1133; x_wconf 86' lang='lat' dir='ltr'>peccaverunt</span> <span class='ocrx_word' id='word_1_27' title='bbox 980 1037 1095 1109; x_wconf 91' lang='lat' dir='ltr'>autin</span> <span class='ocrx_word' id='word_1_28' title='bbox 1123 1058 1188 1130; x_wconf 90' lang='lat' dir='ltr'>quo</span> <span class='ocrx_word' id='word_1_29' title='bbox 1216 1032 1423 1106; x_wconf 79' lang='lat' dir='ltr'>offenderunt</span> <span class='ocrx_word' id='word_1_30' title='bbox 1447 1056 1561 1120; x_wconf 89' lang='lat' dir='ltr'>coram</span> <span class='ocrx_word' id='word_1_31' title='bbox 1588 1043 1639 1126; x_wconf 84' lang='lat' dir='ltr'>tc,</span> <span class='ocrx_word' id='word_1_32' title='bbox 1666 1044 1748 1108; x_wconf 89' lang='lat' dir='ltr'>tan-</span> 
     </span>
     <span class='ocr_line' id='line_1_5' title="bbox 382 1150 1749 1250; baseline 0.001 -29"><span class='ocrx_word' id='word_1_33' title='bbox 382 1171 480 1246; x_wconf 82' lang='lat' dir='ltr'><strong>quam</strong></span> <span class='ocrx_word' id='word_1_34' title='bbox 505 1150 656 1225; x_wconf 91' lang='lat' dir='ltr'>homines</span> <span class='ocrx_word' id='word_1_35' title='bbox 684 1157 790 1226; x_wconf 90' lang='lat' dir='ltr'>errori</span> <span class='ocrx_word' id='word_1_36' title='bbox 817 1163 850 1226; x_wconf 84' lang='lat' dir='ltr'>et</span> <span class='ocrx_word' id='word_1_37' title='bbox 876 1151 1087 1250; x_wconf 81' lang='lat' dir='ltr'>passionibus</span> <span class='ocrx_word' id='word_1_38' title='bbox 1116 1150 1265 1240; x_wconf 85' lang='lat' dir='ltr'>obnoxii,</span> <span class='ocrx_word' id='word_1_39' title='bbox 1291 1153 1552 1245; x_wconf 90' lang='lat' dir='ltr'>perorationem</span> <span class='ocrx_word' id='word_1_40' title='bbox 1580 1160 1614 1222; x_wconf 93' lang='lat' dir='ltr'>et</span> <span class='ocrx_word' id='word_1_41' title='bbox 1639 1155 1749 1224; x_wconf 89' lang='lat' dir='ltr'>inter·-</span> 
     </span>
     <span class='ocr_line' id='line_1_6' title="bbox 381 1264 1748 1367; baseline 0.001 -27"><span class='ocrx_word' id='word_1_42' title='bbox 381 1269 570 1340; x_wconf 87' lang='lat' dir='ltr'>cessionem</span> <span class='ocrx_word' id='word_1_43' title='bbox 596 1291 712 1341; x_wconf 90' lang='lat' dir='ltr'>eorum</span> <span class='ocrx_word' id='word_1_44' title='bbox 739 1273 795 1365; x_wconf 90' lang='lat' dir='ltr'>qui</span> <span class='ocrx_word' id='word_1_45' title='bbox 819 1268 1016 1367; x_wconf 89' lang='lat' dir='ltr'>placuerunt</span> <span class='ocrx_word' id='word_1_46' title='bbox 1041 1289 1155 1342; x_wconf 89' lang='lat' dir='ltr'>coram</span> <span class='ocrx_word' id='word_1_47' title='bbox 1182 1277 1225 1339; x_wconf 90' lang='lat' dir='ltr'>te.</span> <span class='ocrx_word' id='word_1_48' title='bbox 1278 1264 1424 1364; x_wconf 83' lang='lat' dir='ltr'>Respice</span> <span class='ocrx_word' id='word_1_49' title='bbox 1460 1264 1502 1337; x_wconf 93' lang='lat' dir='ltr'>ad</span> <span class='ocrx_word' id='word_1_50' title='bbox 1528 1289 1591 1338; x_wconf 91' lang='lat' dir='ltr'>nos</span> <span class='ocrx_word' id='word_1_51' title='bbox 1619 1276 1653 1338; x_wconf 83' lang='lat' dir='ltr'>et</span> <span class='ocrx_word' id='word_1_52' title='bbox 1679 1272 1748 1342; x_wconf 90' lang='lat' dir='ltr'>mi-</span> 
     </span>
     <span class='ocr_line' id='line_1_7' title="bbox 381 1381 1751 1482; baseline -0.001 -25"><span class='ocrx_word' id='word_1_53' title='bbox 381 1405 497 1457; x_wconf 88' lang='lat' dir='ltr'>serere</span> <span class='ocrx_word' id='word_1_54' title='bbox 531 1387 635 1457; x_wconf 82' lang='lat' dir='ltr'>nostri</span> <span class='ocrx_word' id='word_1_55' title='bbox 669 1389 878 1482; x_wconf 91' lang='lat' dir='ltr'>omniumque</span> <span class='ocrx_word' id='word_1_56' title='bbox 912 1406 1086 1460; x_wconf 90' lang='lat' dir='ltr'>servorum</span> <span class='ocrx_word' id='word_1_57' title='bbox 1120 1392 1154 1454; x_wconf 89' lang='lat' dir='ltr'>et</span> <span class='ocrx_word' id='word_1_58' title='bbox 1189 1381 1380 1455; x_wconf 89' lang='lat' dir='ltr'>ancillarum</span> <span class='ocrx_word' id='word_1_59' title='bbox 1414 1392 1541 1453; x_wconf 86' lang='lat' dir='ltr'>tuarum</span> <span class='ocrx_word' id='word_1_60' title='bbox 1577 1388 1632 1477; x_wconf 93' lang='lat' dir='ltr'>qui</span> <span class='ocrx_word' id='word_1_61' title='bbox 1665 1393 1751 1458; x_wconf 91' lang='lat' dir='ltr'>stant</span> 
     </span>
     <span class='ocr_line' id='line_1_8' title="bbox 382 1497 1749 1595; baseline -0.001 -22"><span class='ocrx_word' id='word_1_62' title='bbox 382 1521 497 1573; x_wconf 89' lang='lat' dir='ltr'>coram</span> <span class='ocrx_word' id='word_1_63' title='bbox 524 1497 620 1572; x_wconf 90' lang='lat' dir='ltr'>altari</span> <span class='ocrx_word' id='word_1_64' title='bbox 646 1509 712 1574; x_wconf 92' lang='lat' dir='ltr'>tuo.</span> <span class='ocrx_word' id='word_1_65' title='bbox 765 1503 835 1575; x_wconf 86' lang='lat' dir='ltr'>Fac</span> <span class='ocrx_word' id='word_1_66' title='bbox 860 1524 923 1576; x_wconf 90' lang='lat' dir='ltr'>nos</span> <span class='ocrx_word' id='word_1_67' title='bbox 950 1522 1067 1574; x_wconf 87' lang='lat' dir='ltr'>omnes</span> <span class='ocrx_word' id='word_1_68' title='bbox 1094 1498 1225 1592; x_wconf 90' lang='lat' dir='ltr'>dignos,</span> <span class='ocrx_word' id='word_1_69' title='bbox 1252 1509 1288 1570; x_wconf 90' lang='lat' dir='ltr'>ut</span> <span class='ocrx_word' id='word_1_70' title='bbox 1314 1501 1416 1571; x_wconf 86' lang='lat' dir='ltr'>simus</span> <span class='ocrx_word' id='word_1_71' title='bbox 1442 1501 1621 1595; x_wconf 77' lang='lat' dir='ltr'>participes</span> <span class='ocrx_word' id='word_1_72' title='bbox 1645 1504 1749 1595; x_wconf 88' lang='lat' dir='ltr'>partis</span> 
     </span>
     <span class='ocr_line' id='line_1_9' title="bbox 382 1612 1750 1706; baseline 0.001 -18"><span class='ocrx_word' id='word_1_73' title='bbox 382 1625 415 1688; x_wconf 87' lang='lat' dir='ltr'>et</span> <span class='ocrx_word' id='word_1_74' title='bbox 440 1614 651 1690; x_wconf 88' lang='lat' dir='ltr'>haereditatis</span> <span class='ocrx_word' id='word_1_75' title='bbox 678 1629 865 1692; x_wconf 88' lang='lat' dir='ltr'>sanctorum</span> <span class='ocrx_word' id='word_1_76' title='bbox 890 1621 925 1689; x_wconf 90' lang='lat' dir='ltr'>in</span> <span class='ocrx_word' id='word_1_77' title='bbox 950 1617 1091 1706; x_wconf 91' lang='lat' dir='ltr'>lumine,</span> <span class='ocrx_word' id='word_1_78' title='bbox 1125 1624 1159 1688; x_wconf 89' lang='lat' dir='ltr'>et</span> <span class='ocrx_word' id='word_1_79' title='bbox 1185 1615 1227 1686; x_wconf 94' lang='lat' dir='ltr'>da</span> <span class='ocrx_word' id='word_1_80' title='bbox 1254 1615 1352 1688; x_wconf 91' lang='lat' dir='ltr'>nobis</span> <span class='ocrx_word' id='word_1_81' title='bbox 1387 1624 1423 1688; x_wconf 87' lang='grc' dir='ltr'>ιιι</span> <span class='ocrx_word' id='word_1_82' title='bbox 1448 1637 1523 1686; x_wconf 88' lang='lat' dir='ltr'>curn</span> <span class='ocrx_word' id='word_1_83' title='bbox 1550 1612 1750 1690; x_wconf 87' lang='lat' dir='ltr'>abundantia</span> 
     </span>
     <span class='ocr_line' id='line_1_10' title="bbox 379 1731 1748 1832; baseline 0.001 -29"><span class='ocrx_word' id='word_1_84' title='bbox 379 1735 541 1820; x_wconf 89' lang='lat' dir='ltr'>caritatis,</span> <span class='ocrx_word' id='word_1_85' title='bbox 568 1743 602 1806; x_wconf 90' lang='lat' dir='ltr'>et</span> <span class='ocrx_word' id='word_1_86' title='bbox 628 1738 865 1827; x_wconf 74' lang='lat' dir='ltr'>cogitationum</span> <span class='ocrx_word' id='word_1_87' title='bbox 900 1739 1042 1832; x_wconf 88' lang='lat' dir='ltr'>puritate</span> <span class='ocrx_word' id='word_1_88' title='bbox 1067 1737 1223 1808; x_wconf 89' lang='lat' dir='ltr'>vivamus</span> <span class='ocrx_word' id='word_1_89' title='bbox 1256 1755 1370 1806; x_wconf 90' lang='lat' dir='ltr'>coram</span> <span class='ocrx_word' id='word_1_90' title='bbox 1402 1743 1437 1804; x_wconf 91' lang='lat' dir='ltr'>te</span> <span class='ocrx_word' id='word_1_91' title='bbox 1461 1735 1493 1803; x_wconf 93' lang='lat' dir='ltr'>in</span> <span class='ocrx_word' id='word_1_92' title='bbox 1520 1732 1586 1804; x_wconf 92' lang='lat' dir='ltr'>boc</span> <span class='ocrx_word' id='word_1_93' title='bbox 1612 1731 1748 1805; x_wconf 89' lang='lat' dir='ltr'>saeculo</span> 
     </span>
     <span class='ocr_line' id='line_1_11' title="bbox 380 1851 1749 1948; baseline 0 -28"><span class='ocrx_word' id='word_1_94' title='bbox 380 1853 660 1945; x_wconf 80' lang='lat' dir='ltr'>peregrinationis</span> <span class='ocrx_word' id='word_1_95' title='bbox 687 1862 843 1940; x_wconf 83' lang='lat' dir='ltr'>nostrae,</span> <span class='ocrx_word' id='word_1_96' title='bbox 876 1851 1088 1948; x_wconf 86' lang='lat' dir='ltr'>possidentes</span> <span class='ocrx_word' id='word_1_97' title='bbox 1121 1853 1347 1944; x_wconf 77' lang='lat' dir='ltr'>cognitionem</span> <span class='ocrx_word' id='word_1_98' title='bbox 1381 1859 1570 1921; x_wconf 87' lang='lat' dir='ltr'>accuratam</span> <span class='ocrx_word' id='word_1_99' title='bbox 1596 1851 1749 1921; x_wconf 88' lang='lat' dir='ltr'>veritatis</span> 
     </span>
     <span class='ocr_line' id='line_1_12' title="bbox 380 1963 1750 2064; baseline -0.004 -26"><span class='ocrx_word' id='word_1_100' title='bbox 380 1965 457 2038; x_wconf 91' lang='lat' dir='ltr'>fidei</span> <span class='ocrx_word' id='word_1_101' title='bbox 483 1967 518 2035; x_wconf 93' lang='lat' dir='ltr'>in</span> <span class='ocrx_word' id='word_1_102' title='bbox 543 1974 587 2053; x_wconf 89' lang='lat' dir='ltr'>te,</span> <span class='ocrx_word' id='word_1_103' title='bbox 616 1977 649 2037; x_wconf 93' lang='lat' dir='ltr'>et</span> <span class='ocrx_word' id='word_1_104' title='bbox 675 1971 956 2040; x_wconf 86' lang='lat' dir='ltr'>communicantes</span> <span class='ocrx_word' id='word_1_105' title='bbox 984 1968 1153 2064; x_wconf 73' lang='lat' dir='ltr'>mysteriis</span> <span class='ocrx_word' id='word_1_106' title='bbox 1180 1970 1243 2038; x_wconf 88' lang='lat' dir='ltr'>tuis</span> <span class='ocrx_word' id='word_1_107' title='bbox 1270 1963 1448 2037; x_wconf 87' lang='lat' dir='ltr'>tremendis</span> <span class='ocrx_word' id='word_1_108' title='bbox 1483 1973 1516 2036; x_wconf 88' lang='lat' dir='ltr'>et</span> <span class='ocrx_word' id='word_1_109' title='bbox 1548 1967 1688 2037; x_wconf 88' lang='lat' dir='ltr'>sanctis:</span> <span class='ocrx_word' id='word_1_110' title='bbox 1715 1972 1750 2033; x_wconf 86' lang='lat' dir='ltr'>ut</span> 
     </span>
     <span class='ocr_line' id='line_1_13' title="bbox 381 2079 1749 2176; baseline 0 -24"><span class='ocrx_word' id='word_1_111' title='bbox 381 2081 513 2176; x_wconf 91' lang='lat' dir='ltr'>quando</span> <span class='ocrx_word' id='word_1_112' title='bbox 541 2080 699 2155; x_wconf 89' lang='lat' dir='ltr'>stabimus</span> <span class='ocrx_word' id='word_1_113' title='bbox 726 2105 840 2157; x_wconf 87' lang='lat' dir='ltr'>coram</span> <span class='ocrx_word' id='word_1_114' title='bbox 865 2083 955 2158; x_wconf 87' lang='lat' dir='ltr'>solio</span> <span class='ocrx_word' id='word_1_115' title='bbox 983 2081 1120 2156; x_wconf 91' lang='lat' dir='ltr'>terribili</span> <span class='ocrx_word' id='word_1_116' title='bbox 1145 2083 1328 2175; x_wconf 88' lang='lat' dir='ltr'>majestatis</span> <span class='ocrx_word' id='word_1_117' title='bbox 1356 2089 1433 2153; x_wconf 91' lang='lat' dir='ltr'>tuae</span> <span class='ocrx_word' id='word_1_118' title='bbox 1465 2101 1531 2152; x_wconf 91' lang='lat' dir='ltr'>nou</span> <span class='ocrx_word' id='word_1_119' title='bbox 1558 2079 1749 2152; x_wconf 82' lang='lat' dir='ltr'>contunda-</span> 
     </span>
     <span class='ocr_line' id='line_1_14' title="bbox 379 2195 1749 2288; baseline 0.001 -20"><span class='ocrx_word' id='word_1_120' title='bbox 379 2219 464 2287; x_wconf 88' lang='lat' dir='ltr'>mur,</span> <span class='ocrx_word' id='word_1_121' title='bbox 491 2219 555 2269; x_wconf 90' lang='lat' dir='ltr'>nec</span> <span class='ocrx_word' id='word_1_122' title='bbox 581 2197 847 2271; x_wconf 89' lang='lat' dir='ltr'>condemnemur.</span> <span class='ocrx_word' id='word_1_123' title='bbox 900 2197 944 2271; x_wconf 88' lang='lat' dir='ltr'>Et</span> <span class='ocrx_word' id='word_1_124' title='bbox 971 2201 1055 2272; x_wconf 90' lang='lat' dir='ltr'>sicut</span> <span class='ocrx_word' id='word_1_125' title='bbox 1079 2203 1112 2270; x_wconf 92' lang='lat' dir='ltr'>in</span> <span class='ocrx_word' id='word_1_126' title='bbox 1137 2197 1203 2271; x_wconf 94' lang='lat' dir='ltr'>boc</span> <span class='ocrx_word' id='word_1_127' title='bbox 1229 2195 1367 2270; x_wconf 90' lang='lat' dir='ltr'>saeculo</span> <span class='ocrx_word' id='word_1_128' title='bbox 1397 2195 1516 2288; x_wconf 89' lang='lat' dir='ltr'>dignos</span> <span class='ocrx_word' id='word_1_129' title='bbox 1550 2195 1659 2270; x_wconf 84' lang='lat' dir='ltr'>fecisti</span> <span class='ocrx_word' id='word_1_130' title='bbox 1685 2218 1749 2269; x_wconf 92' lang='lat' dir='ltr'>nos</span> 
     </span>
    </p>
   </div>
   <div class='ocr_carea' id='block_1_3' title="bbox 379 2312 1870 2411">
    <p class='ocr_par' dir='ltr' id='par_1_3' title="bbox 379 2312 1870 2411">
     <span class='ocr_line' id='line_1_15' title="bbox 379 2312 1870 2411; baseline 0 -28"><span class='ocrx_word' id='word_1_131' title='bbox 379 2313 560 2387; x_wconf 90' lang='lat' dir='ltr'>ministerio</span> <span class='ocrx_word' id='word_1_132' title='bbox 592 2317 827 2411; x_wconf 77' lang='lat' dir='ltr'>mysteriorum</span> <span class='ocrx_word' id='word_1_133' title='bbox 862 2327 991 2389; x_wconf 87' lang='lat' dir='ltr'>tuorum</span> <span class='ocrx_word' id='word_1_134' title='bbox 1024 2314 1269 2389; x_wconf 90' lang='lat' dir='ltr'>tremendorum</span> <span class='ocrx_word' id='word_1_135' title='bbox 1304 2323 1338 2385; x_wconf 89' lang='lat' dir='ltr'>et</span> <span class='ocrx_word' id='word_1_136' title='bbox 1371 2321 1579 2403; x_wconf 89' lang='lat' dir='ltr'>sanctorum,</span> <span class='ocrx_word' id='word_1_137' title='bbox 1616 2312 1683 2385; x_wconf 92' lang='lat' dir='ltr'>illic</span> <span class='ocrx_word' id='word_1_138' title='bbox 1715 2315 1750 2383; x_wconf 89' lang='lat' dir='ltr'>in</span> <span class='ocrx_word' id='word_1_139' title='bbox 1866 2327 1870 2334; x_wconf 84' lang='lat'><em>&#39;</em></span> 
     </span>
    </p>
   </div>
   <div class='ocr_carea' id='block_1_4' title="bbox 377 2427 1750 5376">
    <p class='ocr_par' dir='ltr' id='par_1_4' title="bbox 377 2427 1750 3447">
     <span class='ocr_line' id='line_1_16' title="bbox 379 2427 1747 2534; baseline 0 -34"><span class='ocrx_word' id='word_1_140' title='bbox 379 2428 515 2502; x_wconf 89' lang='lat' dir='ltr'>saeculo</span> <span class='ocrx_word' id='word_1_141' title='bbox 551 2441 697 2534; x_wconf 20' lang='lat' dir='ltr'>‘venturo</span> <span class='ocrx_word' id='word_1_142' title='bbox 730 2442 864 2528; x_wconf 88' lang='lat' dir='ltr'>praesta</span> <span class='ocrx_word' id='word_1_143' title='bbox 895 2427 1015 2522; x_wconf 86' lang='lat' dir='ltr'>nobis,</span> <span class='ocrx_word' id='word_1_144' title='bbox 1047 2443 1083 2504; x_wconf 93' lang='lat' dir='ltr'>ut</span> <span class='ocrx_word' id='word_1_145' title='bbox 1117 2429 1268 2503; x_wconf 89' lang='lat' dir='ltr'>revelata</span> <span class='ocrx_word' id='word_1_146' title='bbox 1305 2428 1392 2501; x_wconf 88' lang='lat' dir='ltr'>facie</span> <span class='ocrx_word' id='word_1_147' title='bbox 1428 2431 1609 2525; x_wconf 89' lang='lat' dir='ltr'>participes</span> <span class='ocrx_word' id='word_1_148' title='bbox 1645 2431 1747 2500; x_wconf 89' lang='lat' dir='ltr'>simus</span> 
     </span>
     <span class='ocr_line' id='line_1_17' title="bbox 380 2542 1749 2643; baseline -0.001 -26"><span class='ocrx_word' id='word_1_149' title='bbox 380 2549 523 2618; x_wconf 91' lang='lat' dir='ltr'>omnium</span> <span class='ocrx_word' id='word_1_150' title='bbox 549 2546 724 2637; x_wconf 88' lang='lat' dir='ltr'>bonorum,</span> <span class='ocrx_word' id='word_1_151' title='bbox 753 2570 838 2643; x_wconf 89' lang='lat' dir='ltr'>quae</span> <span class='ocrx_word' id='word_1_152' title='bbox 873 2570 937 2619; x_wconf 90' lang='lat' dir='ltr'>nec</span> <span class='ocrx_word' id='word_1_153' title='bbox 964 2556 1155 2638; x_wconf 89' lang='lat' dir='ltr'>transeunt,</span> <span class='ocrx_word' id='word_1_154' title='bbox 1187 2567 1251 2618; x_wconf 89' lang='lat' dir='ltr'>nec</span> <span class='ocrx_word' id='word_1_155' title='bbox 1277 2553 1427 2640; x_wconf 89' lang='lat' dir='ltr'>pereunt.</span> <span class='ocrx_word' id='word_1_156' title='bbox 1482 2542 1632 2639; x_wconf 80' lang='lat' dir='ltr'>Cumque</span> <span class='ocrx_word' id='word_1_157' title='bbox 1659 2567 1749 2617; x_wconf 92' lang='lat' dir='ltr'>con-</span> 
     </span>
     <span class='ocr_line' id='line_1_18' title="bbox 379 2660 1749 2760; baseline -0.002 -25"><span class='ocrx_word' id='word_1_158' title='bbox 379 2660 558 2759; x_wconf 87' lang='lat' dir='ltr'>summabis</span> <span class='ocrx_word' id='word_1_159' title='bbox 586 2686 627 2736; x_wconf 88' lang='lat' dir='ltr'>ea</span> <span class='ocrx_word' id='word_1_160' title='bbox 654 2687 740 2760; x_wconf 92' lang='lat' dir='ltr'>quae</span> <span class='ocrx_word' id='word_1_161' title='bbox 766 2662 819 2735; x_wconf 89' lang='lat' dir='ltr'>bic</span> <span class='ocrx_word' id='word_1_162' title='bbox 844 2674 995 2736; x_wconf 89' lang='lat' dir='ltr'>tenemus</span> <span class='ocrx_word' id='word_1_163' title='bbox 1029 2675 1184 2760; x_wconf 90' lang='lat' dir='ltr'>tanquam</span> <span class='ocrx_word' id='word_1_164' title='bbox 1217 2683 1279 2758; x_wconf 90' lang='lat' dir='ltr'>per</span> <span class='ocrx_word' id='word_1_165' title='bbox 1315 2660 1484 2758; x_wconf 90' lang='lat' dir='ltr'>speculum</span> <span class='ocrx_word' id='word_1_166' title='bbox 1518 2670 1552 2732; x_wconf 91' lang='lat' dir='ltr'>et</span> <span class='ocrx_word' id='word_1_167' title='bbox 1584 2664 1617 2731; x_wconf 91' lang='lat' dir='ltr'>in</span> <span class='ocrx_word' id='word_1_168' title='bbox 1650 2665 1749 2733; x_wconf 91' lang='lat' dir='ltr'>aeni-</span> 
     </span>
     <span class='ocr_line' id='line_1_19' title="bbox 379 2777 1749 2876; baseline 0.001 -27"><span class='ocrx_word' id='word_1_169' title='bbox 379 2790 508 2870; x_wconf 85' lang='lat' dir='ltr'>gmate,</span> <span class='ocrx_word' id='word_1_170' title='bbox 534 2780 765 2876; x_wconf 91' lang='lat' dir='ltr'>possideamus</span> <span class='ocrx_word' id='word_1_171' title='bbox 798 2780 864 2852; x_wconf 93' lang='lat' dir='ltr'>illic</span> <span class='ocrx_word' id='word_1_172' title='bbox 898 2789 1015 2876; x_wconf 88' lang='lat' dir='ltr'>aperte</span> <span class='ocrx_word' id='word_1_173' title='bbox 1048 2789 1196 2854; x_wconf 89' lang='lat' dir='ltr'>sanctum</span> <span class='ocrx_word' id='word_1_174' title='bbox 1224 2787 1414 2851; x_wconf 89' lang='lat' dir='ltr'>sanctorum</span> <span class='ocrx_word' id='word_1_175' title='bbox 1446 2780 1480 2849; x_wconf 92' lang='lat' dir='ltr'>in</span> <span class='ocrx_word' id='word_1_176' title='bbox 1515 2777 1622 2850; x_wconf 90' lang='lat' dir='ltr'>coelo.</span> <span class='ocrx_word' id='word_1_177' title='bbox 1676 2777 1749 2851; x_wconf 91' lang='lat' dir='ltr'>Nos</span> 
     </span>
     <span class='ocr_line' id='line_1_20' title="bbox 377 2893 1749 2989; baseline 0.003 -25"><span class='ocrx_word' id='word_1_178' title='bbox 377 2896 480 2985; x_wconf 90' lang='lat' dir='ltr'>igitur</span> <span class='ocrx_word' id='word_1_179' title='bbox 504 2894 647 2968; x_wconf 90' lang='lat' dir='ltr'>Domine</span> <span class='ocrx_word' id='word_1_180' title='bbox 674 2899 766 2969; x_wconf 89' lang='lat' dir='ltr'>servi</span> <span class='ocrx_word' id='word_1_181' title='bbox 799 2899 845 2968; x_wconf 93' lang='lat' dir='ltr'>tui</span> <span class='ocrx_word' id='word_1_182' title='bbox 870 2895 973 2985; x_wconf 87' lang='lat' dir='ltr'>viles,</span> <span class='ocrx_word' id='word_1_183' title='bbox 999 2895 1151 2970; x_wconf 88' lang='lat' dir='ltr'>imbelles</span> <span class='ocrx_word' id='word_1_184' title='bbox 1178 2905 1212 2968; x_wconf 90' lang='lat' dir='ltr'>et</span> <span class='ocrx_word' id='word_1_185' title='bbox 1237 2896 1375 2983; x_wconf 87' lang='lat' dir='ltr'>infirmi,</span> <span class='ocrx_word' id='word_1_186' title='bbox 1407 2897 1464 2989; x_wconf 86' lang='lat' dir='ltr'>qui</span> <span class='ocrx_word' id='word_1_187' title='bbox 1489 2893 1590 2988; x_wconf 91' lang='lat' dir='ltr'>longe</span> <span class='ocrx_word' id='word_1_188' title='bbox 1617 2916 1749 2968; x_wconf 87' lang='lat' dir='ltr'>eramus</span> 
     </span>
     <span class='ocr_line' id='line_1_21' title="bbox 380 3009 1750 3106; baseline 0.002 -26"><span class='ocrx_word' id='word_1_189' title='bbox 380 3030 400 3080; x_wconf 90' lang='lat' dir='ltr'>a</span> <span class='ocrx_word' id='word_1_190' title='bbox 434 3017 485 3100; x_wconf 89' lang='lat' dir='ltr'>te,</span> <span class='ocrx_word' id='word_1_191' title='bbox 518 3021 551 3082; x_wconf 90' lang='lat' dir='ltr'>et</span> <span class='ocrx_word' id='word_1_192' title='bbox 582 3034 666 3106; x_wconf 89' lang='lat' dir='ltr'>quos</span> <span class='ocrx_word' id='word_1_193' title='bbox 703 3031 764 3106; x_wconf 92' lang='lat' dir='ltr'>per</span> <span class='ocrx_word' id='word_1_194' title='bbox 797 3009 1031 3084; x_wconf 91' lang='lat' dir='ltr'>multitudinem</span> <span class='ocrx_word' id='word_1_195' title='bbox 1067 3010 1279 3103; x_wconf 89' lang='lat' dir='ltr'>benignitatis</span> <span class='ocrx_word' id='word_1_196' title='bbox 1312 3020 1389 3081; x_wconf 91' lang='lat' dir='ltr'>tuae</span> <span class='ocrx_word' id='word_1_197' title='bbox 1420 3010 1541 3103; x_wconf 88' lang='lat' dir='ltr'>dignos</span> <span class='ocrx_word' id='word_1_198' title='bbox 1575 3009 1683 3083; x_wconf 89' lang='lat' dir='ltr'>iecisti</span> <span class='ocrx_word' id='word_1_199' title='bbox 1714 3020 1750 3083; x_wconf 89' lang='lat' dir='ltr'>nt</span> 
     </span>
     <span class='ocr_line' id='line_1_22' title="bbox 379 3125 1748 3216; baseline -0.001 -18"><span class='ocrx_word' id='word_1_200' title='bbox 379 3135 543 3198; x_wconf 68' lang='lat' dir='ltr'>sanemus</span> <span class='ocrx_word' id='word_1_201' title='bbox 570 3137 604 3199; x_wconf 88' lang='lat' dir='ltr'>et</span> <span class='ocrx_word' id='word_1_202' title='bbox 629 3127 931 3200; x_wconf 87' lang='lat' dir='ltr'>administraremus</span> <span class='ocrx_word' id='word_1_203' title='bbox 959 3149 1072 3201; x_wconf 90' lang='lat' dir='ltr'>coram</span> <span class='ocrx_word' id='word_1_204' title='bbox 1100 3137 1150 3213; x_wconf 91' lang='lat' dir='ltr'>te,</span> <span class='ocrx_word' id='word_1_205' title='bbox 1183 3127 1399 3198; x_wconf 88' lang='lat' dir='ltr'>ministerium</span> <span class='ocrx_word' id='word_1_206' title='bbox 1433 3125 1498 3197; x_wconf 91' lang='lat' dir='ltr'>boc</span> <span class='ocrx_word' id='word_1_207' title='bbox 1532 3125 1748 3216; x_wconf 90' lang='lat' dir='ltr'>tremendum,</span> 
     </span>
     <span class='ocr_line' id='line_1_23' title="bbox 379 3239 1747 3339; baseline -0.002 -25"><span class='ocrx_word' id='word_1_208' title='bbox 379 3241 561 3336; x_wconf 92' lang='lat' dir='ltr'>gloriosum</span> <span class='ocrx_word' id='word_1_209' title='bbox 589 3253 622 3316; x_wconf 87' lang='lat' dir='ltr'>et</span> <span class='ocrx_word' id='word_1_210' title='bbox 646 3243 872 3339; x_wconf 87' lang='lat' dir='ltr'>praeclarum,</span> <span class='ocrx_word' id='word_1_211' title='bbox 908 3245 1004 3316; x_wconf 90' lang='lat' dir='ltr'>simul</span> <span class='ocrx_word' id='word_1_212' title='bbox 1044 3243 1262 3339; x_wconf 90' lang='lat' dir='ltr'>deprecamur·</span> <span class='ocrx_word' id='word_1_213' title='bbox 1296 3241 1500 3315; x_wconf 89' lang='lat' dir='ltr'>divinitatem</span> <span class='ocrx_word' id='word_1_214' title='bbox 1537 3251 1625 3314; x_wconf 77' lang='lat' dir='ltr'>mam</span> <span class='ocrx_word' id='word_1_215' title='bbox 1658 3239 1747 3312; x_wconf 92' lang='lat' dir='ltr'>ado-</span> 
     </span>
     <span class='ocr_line' id='line_1_24' title="bbox 379 3357 1292 3447; baseline -0.001 -18"><span class='ocrx_word' id='word_1_216' title='bbox 379 3357 527 3447; x_wconf 88' lang='lat' dir='ltr'>randam,</span> <span class='ocrx_word' id='word_1_217' title='bbox 555 3370 587 3431; x_wconf 93' lang='lat' dir='ltr'>et</span> <span class='ocrx_word' id='word_1_218' title='bbox 613 3363 860 3433; x_wconf 87' lang='lat' dir='ltr'>renovatricem</span> <span class='ocrx_word' id='word_1_219' title='bbox 887 3364 1029 3433; x_wconf 90' lang='lat' dir='ltr'>omnium</span> <span class='ocrx_word' id='word_1_220' title='bbox 1057 3369 1292 3431; x_wconf 87' lang='lat' dir='ltr'>ereaturarum.</span> 
     </span>
    </p>

    <p class='ocr_par' dir='ltr' id='par_1_5' title="bbox 377 3471 1748 5199">
     <span class='ocr_line' id='line_1_25' title="bbox 482 3471 1747 3572; baseline -0.002 -26"><span class='ocrx_word' id='word_1_221' title='bbox 482 3472 526 3547; x_wconf 88' lang='lat' dir='ltr'>Et</span> <span class='ocrx_word' id='word_1_222' title='bbox 550 3479 666 3550; x_wconf 86' lang='lat' dir='ltr'>veniat</span> <span class='ocrx_word' id='word_1_223' title='bbox 691 3479 835 3551; x_wconf 88' lang='lat' dir='ltr'>Domine</span> <span class='ocrx_word' id='word_1_224' title='bbox 861 3479 969 3570; x_wconf 90' lang='lat' dir='ltr'>gratia</span> <span class='ocrx_word' id='word_1_225' title='bbox 995 3475 1138 3572; x_wconf 89' lang='lat' dir='ltr'>Spiritus</span> <span class='ocrx_word' id='word_1_226' title='bbox 1173 3472 1204 3512; x_wconf 82' lang='lat'>¹²</span> <span class='ocrx_word' id='word_1_227' title='bbox 1236 3476 1362 3562; x_wconf 89' lang='lat' dir='ltr'>sancti,</span> <span class='ocrx_word' id='word_1_228' title='bbox 1396 3471 1586 3567; x_wconf 83' lang='lat' dir='ltr'>habitetque</span> <span class='ocrx_word' id='word_1_229' title='bbox 1619 3482 1653 3545; x_wconf 90' lang='lat' dir='ltr'>et</span> <span class='ocrx_word' id='word_1_230' title='bbox 1684 3493 1747 3544; x_wconf 87' lang='lat' dir='ltr'>re-</span> 
     </span>
     <span class='ocr_line' id='line_1_26' title="bbox 380 3577 1746 3689; baseline -0.001 -28"><span class='ocrx_word' id='word_1_231' title='bbox 380 3591 530 3685; x_wconf 88' lang='lat' dir='ltr'>quiescat</span> <span class='ocrx_word' id='word_1_232' title='bbox 556 3615 657 3689; x_wconf 91' lang='lat' dir='ltr'>super</span> <span class='ocrx_word' id='word_1_233' title='bbox 683 3577 896 3667; x_wconf 90' lang='lat' dir='ltr'>oblationem</span> <span class='ocrx_word' id='word_1_234' title='bbox 912 3591 997 3666; x_wconf 91' lang='lat' dir='ltr'>banc</span> <span class='ocrx_word' id='word_1_235' title='bbox 1025 3615 1121 3689; x_wconf 65' lang='lat' dir='ltr'>mam</span> <span class='ocrx_word' id='word_1_236' title='bbox 1149 3589 1316 3665; x_wconf 86' lang='lat' dir='ltr'>oderimus</span> <span class='ocrx_word' id='word_1_237' title='bbox 1343 3611 1456 3662; x_wconf 90' lang='lat' dir='ltr'>coram</span> <span class='ocrx_word' id='word_1_238' title='bbox 1484 3599 1529 3680; x_wconf 87' lang='lat' dir='ltr'>te,</span> <span class='ocrx_word' id='word_1_239' title='bbox 1557 3595 1591 3660; x_wconf 85' lang='lat' dir='ltr'>at</span> <span class='ocrx_word' id='word_1_240' title='bbox 1616 3591 1746 3661; x_wconf 90' lang='lat' dir='ltr'>sancti-</span> 
     </span>
     <span class='ocr_line' id='line_1_27' title="bbox 379 3703 1748 3806; baseline 0.001 -30"><span class='ocrx_word' id='word_1_241' title='bbox 379 3703 456 3777; x_wconf 88' lang='lat' dir='ltr'>ficet</span> <span class='ocrx_word' id='word_1_242' title='bbox 482 3729 556 3779; x_wconf 88' lang='lat' dir='ltr'>eam</span> <span class='ocrx_word' id='word_1_243' title='bbox 583 3720 617 3782; x_wconf 91' lang='lat' dir='ltr'>et</span> <span class='ocrx_word' id='word_1_244' title='bbox 642 3707 743 3782; x_wconf 88' lang='lat' dir='ltr'>faciat</span> <span class='ocrx_word' id='word_1_245' title='bbox 769 3732 856 3798; x_wconf 87' lang='lat' dir='ltr'>eam,</span> <span class='ocrx_word' id='word_1_246' title='bbox 883 3731 1004 3806; x_wconf 88' lang='lat' dir='ltr'>panem</span> <span class='ocrx_word' id='word_1_247' title='bbox 1031 3707 1175 3801; x_wconf 89' lang='lat' dir='ltr'>scilicet,</span> <span class='ocrx_word' id='word_1_248' title='bbox 1203 3716 1237 3780; x_wconf 91' lang='lat' dir='ltr'>et</span> <span class='ocrx_word' id='word_1_249' title='bbox 1263 3707 1399 3780; x_wconf 87' lang='lat' dir='ltr'>calicem</span> <span class='ocrx_word' id='word_1_250' title='bbox 1425 3706 1528 3798; x_wconf 86' lang='lat' dir='ltr'>hunc,</span> <span class='ocrx_word' id='word_1_251' title='bbox 1565 3729 1687 3803; x_wconf 90' lang='lat' dir='ltr'>corpus</span> <span class='ocrx_word' id='word_1_252' title='bbox 1714 3714 1748 3778; x_wconf 91' lang='lat' dir='ltr'>et</span> 
     </span>
     <span class='ocr_line' id='line_1_28' title="bbox 380 3824 1748 3914; baseline 0 -20"><span class='ocrx_word' id='word_1_253' title='bbox 380 3824 575 3914; x_wconf 88' lang='lat' dir='ltr'>sanguinem</span> <span class='ocrx_word' id='word_1_254' title='bbox 605 3825 737 3897; x_wconf 92' lang='lat' dir='ltr'>Domini</span> <span class='ocrx_word' id='word_1_255' title='bbox 772 3828 875 3898; x_wconf 86' lang='lat' dir='ltr'>nostri</span> <span class='ocrx_word' id='word_1_256' title='bbox 909 3825 991 3898; x_wconf 89' lang='lat' dir='ltr'>lesu</span> <span class='ocrx_word' id='word_1_257' title='bbox 1027 3825 1169 3914; x_wconf 86' lang='lat' dir='ltr'>Christi,</span> <span class='ocrx_word' id='word_1_258' title='bbox 1201 3833 1439 3897; x_wconf 89' lang='lat' dir='ltr'>transmutante</span> <span class='ocrx_word' id='word_1_259' title='bbox 1470 3844 1512 3894; x_wconf 91' lang='lat' dir='ltr'>ea</span> <span class='ocrx_word' id='word_1_260' title='bbox 1546 3831 1600 3912; x_wconf 87' lang='lat' dir='ltr'>te,</span> <span class='ocrx_word' id='word_1_261' title='bbox 1639 3833 1673 3894; x_wconf 87' lang='lat' dir='ltr'>et</span> <span class='ocrx_word' id='word_1_262' title='bbox 1706 3845 1748 3894; x_wconf 90' lang='lat' dir='ltr'>ea</span> 
     </span>
     <span class='ocr_line' id='line_1_29' title="bbox 379 3935 1747 4039; baseline 0.001 -29"><span class='ocrx_word' id='word_1_263' title='bbox 379 3935 603 4011; x_wconf 88' lang='lat' dir='ltr'>sanctificante</span> <span class='ocrx_word' id='word_1_264' title='bbox 627 3963 689 4037; x_wconf 92' lang='lat' dir='ltr'>per</span> <span class='ocrx_word' id='word_1_265' title='bbox 716 3944 944 4039; x_wconf 90' lang='lat' dir='ltr'>operationem</span> <span class='ocrx_word' id='word_1_266' title='bbox 971 3941 1112 4036; x_wconf 88' lang='lat' dir='ltr'>Spiritus</span> <span class='ocrx_word' id='word_1_267' title='bbox 1140 3944 1264 4014; x_wconf 89' lang='lat' dir='ltr'>sancti:</span> <span class='ocrx_word' id='word_1_268' title='bbox 1296 3950 1329 4011; x_wconf 90' lang='lat' dir='ltr'>ut</span> <span class='ocrx_word' id='word_1_269' title='bbox 1365 3942 1532 4035; x_wconf 90' lang='lat' dir='ltr'>susceptio</span> <span class='ocrx_word' id='word_1_270' title='bbox 1559 3941 1747 4034; x_wconf 78' lang='lat' dir='ltr'>mysterio-</span> 
     </span>
     <span class='ocr_line' id='line_1_30' title="bbox 378 4055 1746 4152; baseline 0 -26"><span class='ocrx_word' id='word_1_271' title='bbox 378 4073 452 4126; x_wconf 88' lang='lat' dir='ltr'>rum</span> <span class='ocrx_word' id='word_1_272' title='bbox 478 4057 617 4129; x_wconf 91' lang='lat' dir='ltr'>istorum</span> <span class='ocrx_word' id='word_1_273' title='bbox 645 4066 848 4146; x_wconf 85' lang='lat' dir='ltr'>sanctorum,</span> <span class='ocrx_word' id='word_1_274' title='bbox 876 4060 918 4131; x_wconf 90' lang='lat' dir='ltr'>sit</span> <span class='ocrx_word' id='word_1_275' title='bbox 944 4055 1095 4130; x_wconf 90' lang='lat' dir='ltr'>omnibus</span> <span class='ocrx_word' id='word_1_276' title='bbox 1114 4079 1154 4130; x_wconf 92' lang='lat' dir='ltr'>ea</span> <span class='ocrx_word' id='word_1_277' title='bbox 1171 4055 1421 4152; x_wconf 73' lang='lat' dir='ltr'>accipientibus,</span> <span class='ocrx_word' id='word_1_278' title='bbox 1447 4055 1612 4127; x_wconf 92' lang='lat' dir='ltr'>advitam</span> <span class='ocrx_word' id='word_1_279' title='bbox 1633 4063 1746 4127; x_wconf 87' lang='lat' dir='ltr'>aeter-</span> 
     </span>
     <span class='ocr_line' id='line_1_31' title="bbox 378 4171 1747 4268; baseline 0 -27"><span class='ocrx_word' id='word_1_280' title='bbox 378 4192 454 4244; x_wconf 91' lang='lat' dir='ltr'>nam</span> <span class='ocrx_word' id='word_1_281' title='bbox 482 4178 516 4244; x_wconf 92' lang='lat' dir='ltr'>et</span> <span class='ocrx_word' id='word_1_282' title='bbox 543 4171 585 4245; x_wconf 91' lang='lat' dir='ltr'>ad</span> <span class='ocrx_word' id='word_1_283' title='bbox 611 4178 886 4248; x_wconf 87' lang='lat' dir='ltr'>resurrectionem</span> <span class='ocrx_word' id='word_1_284' title='bbox 921 4197 940 4244; x_wconf 92' lang='lat' dir='ltr'>a</span> <span class='ocrx_word' id='word_1_285' title='bbox 972 4177 1132 4264; x_wconf 76' lang='lat' dir='ltr'>momnis,</span> <span class='ocrx_word' id='word_1_286' title='bbox 1168 4173 1210 4246; x_wconf 91' lang='lat' dir='ltr'>ad</span> <span class='ocrx_word' id='word_1_287' title='bbox 1246 4174 1469 4268; x_wconf 85' lang='lat' dir='ltr'>expiationem</span> <span class='ocrx_word' id='word_1_288' title='bbox 1501 4193 1679 4267; x_wconf 87' lang='lat' dir='ltr'>corporum</span> <span class='ocrx_word' id='word_1_289' title='bbox 1712 4181 1747 4242; x_wconf 91' lang='lat' dir='ltr'>et</span> 
     </span>
     <span class='ocr_line' id='line_1_32' title="bbox 378 4286 1747 4383; baseline 0 -25"><span class='ocrx_word' id='word_1_290' title='bbox 378 4290 576 4378; x_wconf 86' lang='lat' dir='ltr'>animarum,</span> <span class='ocrx_word' id='word_1_291' title='bbox 603 4288 644 4360; x_wconf 91' lang='lat' dir='ltr'>ad</span> <span class='ocrx_word' id='word_1_292' title='bbox 670 4289 920 4363; x_wconf 86' lang='lat' dir='ltr'>illustrationem</span> <span class='ocrx_word' id='word_1_293' title='bbox 948 4293 1161 4383; x_wconf 87' lang='lat' dir='ltr'>cognitionis,</span> <span class='ocrx_word' id='word_1_294' title='bbox 1189 4288 1230 4360; x_wconf 93' lang='lat' dir='ltr'>ad</span> <span class='ocrx_word' id='word_1_295' title='bbox 1257 4286 1487 4362; x_wconf 89' lang='lat' dir='ltr'>confidentiam</span> <span class='ocrx_word' id='word_1_296' title='bbox 1513 4309 1628 4359; x_wconf 91' lang='lat' dir='ltr'>coram</span> <span class='ocrx_word' id='word_1_297' title='bbox 1642 4297 1687 4376; x_wconf 88' lang='lat' dir='ltr'>te,</span> <span class='ocrx_word' id='word_1_298' title='bbox 1712 4296 1747 4358; x_wconf 91' lang='lat' dir='ltr'>et</span> 
     </span>
     <span class='ocr_line' id='line_1_33' title="bbox 379 4401 1746 4502; baseline -0.001 -27"><span class='ocrx_word' id='word_1_299' title='bbox 379 4401 422 4475; x_wconf 92' lang='lat' dir='ltr'>ad</span> <span class='ocrx_word' id='word_1_300' title='bbox 449 4404 587 4477; x_wconf 86' lang='lat' dir='ltr'>salutem</span> <span class='ocrx_word' id='word_1_301' title='bbox 614 4415 803 4497; x_wconf 86' lang='lat' dir='ltr'>aeternam,</span> <span class='ocrx_word' id='word_1_302' title='bbox 837 4403 879 4477; x_wconf 92' lang='lat' dir='ltr'>de</span> <span class='ocrx_word' id='word_1_303' title='bbox 911 4429 974 4502; x_wconf 90' lang='lat' dir='ltr'>qua</span> <span class='ocrx_word' id='word_1_304' title='bbox 1006 4405 1135 4479; x_wconf 89' lang='lat' dir='ltr'>locutus</span> <span class='ocrx_word' id='word_1_305' title='bbox 1163 4428 1201 4478; x_wconf 88' lang='lat' dir='ltr'>cs</span> <span class='ocrx_word' id='word_1_306' title='bbox 1227 4403 1325 4476; x_wconf 91' lang='lat' dir='ltr'>nobis</span> <span class='ocrx_word' id='word_1_307' title='bbox 1351 4424 1412 4499; x_wconf 93' lang='lat' dir='ltr'>per</span> <span class='ocrx_word' id='word_1_308' title='bbox 1438 4403 1553 4476; x_wconf 88' lang='lat' dir='ltr'>Jesnrn</span> <span class='ocrx_word' id='word_1_309' title='bbox 1581 4402 1746 4478; x_wconf 88' lang='lat' dir='ltr'>Christum</span> 
     </span>
     <span class='ocr_line' id='line_1_34' title="bbox 378 4520 1746 4616; baseline 0.001 -25"><span class='ocrx_word' id='word_1_310' title='bbox 378 4520 554 4592; x_wconf 89' lang='lat' dir='ltr'>Dominum</span> <span class='ocrx_word' id='word_1_311' title='bbox 580 4533 746 4613; x_wconf 86' lang='lat' dir='ltr'>nostrum,</span> <span class='ocrx_word' id='word_1_312' title='bbox 780 4533 815 4595; x_wconf 87' lang='lat' dir='ltr'>nt</span> <span class='ocrx_word' id='word_1_313' title='bbox 842 4543 958 4594; x_wconf 92' lang='lat' dir='ltr'>omnes</span> <span class='ocrx_word' id='word_1_314' title='bbox 985 4525 1129 4594; x_wconf 87' lang='lat' dir='ltr'>invicem</span> <span class='ocrx_word' id='word_1_315' title='bbox 1155 4523 1320 4614; x_wconf 87' lang='lat' dir='ltr'>conjuncti</span> <span class='ocrx_word' id='word_1_316' title='bbox 1353 4523 1456 4592; x_wconf 91' lang='lat' dir='ltr'>simus</span> <span class='ocrx_word' id='word_1_317' title='bbox 1487 4542 1548 4616; x_wconf 88' lang='lat' dir='ltr'>per</span> <span class='ocrx_word' id='word_1_318' title='bbox 1578 4522 1746 4592; x_wconf 91' lang='lat' dir='ltr'>unanimi-</span> 
     </span>
     <span class='ocr_line' id='line_1_35' title="bbox 378 4639 1746 4733; baseline 0.002 -26"><span class='ocrx_word' id='word_1_319' title='bbox 378 4643 499 4721; x_wconf 88' lang='lat' dir='ltr'>tatem,</span> <span class='ocrx_word' id='word_1_320' title='bbox 524 4657 587 4730; x_wconf 88' lang='lat' dir='ltr'>per</span> <span class='ocrx_word' id='word_1_321' title='bbox 613 4659 711 4711; x_wconf 92' lang='lat' dir='ltr'>unum</span> <span class='ocrx_word' id='word_1_322' title='bbox 738 4639 904 4712; x_wconf 86' lang='lat' dir='ltr'>vinculum</span> <span class='ocrx_word' id='word_1_323' title='bbox 930 4641 1090 4728; x_wconf 88' lang='lat' dir='ltr'>caritatis,</span> <span class='ocrx_word' id='word_1_324' title='bbox 1117 4647 1151 4709; x_wconf 89' lang='lat' dir='ltr'>ct</span> <span class='ocrx_word' id='word_1_325' title='bbox 1176 4639 1282 4733; x_wconf 88' lang='lat' dir='ltr'>pacis,</span> <span class='ocrx_word' id='word_1_326' title='bbox 1308 4639 1477 4730; x_wconf 88' lang='lat' dir='ltr'>simusque</span> <span class='ocrx_word' id='word_1_327' title='bbox 1503 4657 1601 4709; x_wconf 91' lang='lat' dir='ltr'>unum</span> <span class='ocrx_word' id='word_1_328' title='bbox 1623 4658 1746 4732; x_wconf 89' lang='lat' dir='ltr'>corpus</span> 
     </span>
     <span class='ocr_line' id='line_1_36' title="bbox 379 4751 1747 4850; baseline 0.001 -26"><span class='ocrx_word' id='word_1_329' title='bbox 379 4761 414 4824; x_wconf 90' lang='lat' dir='ltr'>et</span> <span class='ocrx_word' id='word_1_330' title='bbox 439 4771 523 4822; x_wconf 89' lang='lat' dir='ltr'>unus</span> <span class='ocrx_word' id='word_1_331' title='bbox 550 4751 711 4848; x_wconf 88' lang='lat' dir='ltr'>Spiritus,</span> <span class='ocrx_word' id='word_1_332' title='bbox 745 4759 830 4828; x_wconf 91' lang='lat' dir='ltr'>sicut</span> <span class='ocrx_word' id='word_1_333' title='bbox 855 4757 970 4827; x_wconf 84' lang='lat' dir='ltr'>vocati</span> <span class='ocrx_word' id='word_1_334' title='bbox 997 4775 1109 4826; x_wconf 89' lang='lat' dir='ltr'>sumus</span> <span class='ocrx_word' id='word_1_335' title='bbox 1138 4757 1171 4824; x_wconf 95' lang='lat' dir='ltr'>in</span> <span class='ocrx_word' id='word_1_336' title='bbox 1197 4775 1262 4824; x_wconf 92' lang='lat' dir='ltr'>una</span> <span class='ocrx_word' id='word_1_337' title='bbox 1292 4773 1353 4850; x_wconf 88' lang='lat' dir='ltr'>spe</span> <span class='ocrx_word' id='word_1_338' title='bbox 1388 4753 1574 4827; x_wconf 86' lang='lat' dir='ltr'>vocationis</span> <span class='ocrx_word' id='word_1_339' title='bbox 1600 4763 1747 4827; x_wconf 87' lang='lat' dir='ltr'>nostrae.</span> 
     </span>
     <span class='ocr_line' id='line_1_37' title="bbox 378 4864 1745 4964; baseline -0.001 -25"><span class='ocrx_word' id='word_1_340' title='bbox 378 4865 452 4939; x_wconf 91' lang='lat' dir='ltr'>Nec</span> <span class='ocrx_word' id='word_1_341' title='bbox 477 4864 563 4940; x_wconf 88' lang='lat' dir='ltr'>ullus</span> <span class='ocrx_word' id='word_1_342' title='bbox 590 4871 761 4964; x_wconf 86' lang='lat' dir='ltr'>quisquam</span> <span class='ocrx_word' id='word_1_343' title='bbox 788 4869 866 4942; x_wconf 92' lang='lat' dir='ltr'>illud</span> <span class='ocrx_word' id='word_1_344' title='bbox 893 4870 981 4960; x_wconf 80' lang='lat' dir='ltr'>edat,</span> <span class='ocrx_word' id='word_1_345' title='bbox 1009 4877 1043 4942; x_wconf 86' lang='lat' dir='ltr'>et</span> <span class='ocrx_word' id='word_1_346' title='bbox 1067 4867 1160 4942; x_wconf 91' lang='lat' dir='ltr'>bibat</span> <span class='ocrx_word' id='word_1_347' title='bbox 1186 4867 1228 4942; x_wconf 91' lang='lat' dir='ltr'>ad</span> <span class='ocrx_word' id='word_1_348' title='bbox 1255 4867 1563 4940; x_wconf 90' lang='lat' dir='ltr'>condemnationem</span> <span class='ocrx_word' id='word_1_349' title='bbox 1594 4871 1745 4962; x_wconf 88' lang='lat' dir='ltr'>corporis</span> 
     </span>
     <span class='ocr_line' id='line_1_38' title="bbox 379 4981 1743 5082; baseline -0.001 -26"><span class='ocrx_word' id='word_1_350' title='bbox 379 4985 431 5056; x_wconf 94' lang='lat' dir='ltr'>sui</span> <span class='ocrx_word' id='word_1_351' title='bbox 457 4990 491 5054; x_wconf 93' lang='lat' dir='ltr'>et</span> <span class='ocrx_word' id='word_1_352' title='bbox 516 4985 646 5060; x_wconf 90' lang='lat' dir='ltr'>animae</span> <span class='ocrx_word' id='word_1_353' title='bbox 672 5005 771 5056; x_wconf 88' lang='lat' dir='ltr'>snae:</span> <span class='ocrx_word' id='word_1_354' title='bbox 804 5007 912 5080; x_wconf 89' lang='lat' dir='ltr'>neque</span> <span class='ocrx_word' id='word_1_355' title='bbox 944 4987 987 5059; x_wconf 90' lang='lat' dir='ltr'>sit</span> <span class='ocrx_word' id='word_1_356' title='bbox 1011 4987 1075 5082; x_wconf 91' lang='lat' dir='ltr'>ipsi</span> <span class='ocrx_word' id='word_1_357' title='bbox 1106 4987 1139 5055; x_wconf 91' lang='lat' dir='ltr'>in</span> <span class='ocrx_word' id='word_1_358' title='bbox 1172 4981 1322 5057; x_wconf 91' lang='lat' dir='ltr'>morbum</span> <span class='ocrx_word' id='word_1_359' title='bbox 1359 4993 1416 5055; x_wconf 88' lang='lat' dir='ltr'>aut</span> <span class='ocrx_word' id='word_1_360' title='bbox 1447 4984 1665 5082; x_wconf 85' lang='lat' dir='ltr'>infirmitatem</span> <span class='ocrx_word' id='word_1_361' title='bbox 1698 4982 1743 5056; x_wconf 94' lang='lat' dir='ltr'>ob</span> 
     </span>
     <span class='ocr_line' id='line_1_39' title="bbox 377 5097 1744 5199; baseline -0.001 -28"><span class='ocrx_word' id='word_1_362' title='bbox 377 5107 516 5196; x_wconf 89' lang='lat' dir='ltr'>peccata</span> <span class='ocrx_word' id='word_1_363' title='bbox 542 5121 614 5194; x_wconf 81' lang='lat' dir='ltr'>sua,</span> <span class='ocrx_word' id='word_1_364' title='bbox 640 5120 683 5171; x_wconf 89' lang='lat' dir='ltr'>eo</span> <span class='ocrx_word' id='word_1_365' title='bbox 713 5097 803 5192; x_wconf 91' lang='lat' dir='ltr'>quod</span> <span class='ocrx_word' id='word_1_366' title='bbox 831 5103 1013 5176; x_wconf 86' lang='lat' dir='ltr'>comederit</span> <span class='ocrx_word' id='word_1_367' title='bbox 1039 5123 1084 5172; x_wconf 85' lang='lat' dir='ltr'>ex</span> <span class='ocrx_word' id='word_1_368' title='bbox 1108 5099 1175 5174; x_wconf 91' lang='lat' dir='ltr'>boc</span> <span class='ocrx_word' id='word_1_369' title='bbox 1199 5122 1298 5199; x_wconf 90' lang='lat' dir='ltr'>pane,</span> <span class='ocrx_word' id='word_1_370' title='bbox 1326 5109 1360 5172; x_wconf 87' lang='lat' dir='ltr'>et</span> <span class='ocrx_word' id='word_1_371' title='bbox 1385 5098 1508 5173; x_wconf 88' lang='lat' dir='ltr'>biberit</span> <span class='ocrx_word' id='word_1_372' title='bbox 1532 5122 1577 5172; x_wconf 90' lang='lat' dir='ltr'>ex</span> <span class='ocrx_word' id='word_1_373' title='bbox 1597 5098 1661 5172; x_wconf 90' lang='lat' dir='ltr'>boc</span> <span class='ocrx_word' id='word_1_374' title='bbox 1679 5105 1744 5171; x_wconf 84' lang='lat' dir='ltr'>ca-</span> 
     </span>
    </p>

    <p class='ocr_par' dir='ltr' id='par_1_6' title="bbox 428 5217 1537 5376">
     <span class='ocr_line' id='line_1_40' title="bbox 428 5217 1537 5292; baseline -0.002 -12"><span class='ocrx_word' id='word_1_375' title='bbox 428 5237 513 5280; x_wconf 81' lang='lat' dir='ltr'>Tomus</span> <span class='ocrx_word' id='word_1_376' title='bbox 527 5237 551 5278; x_wconf 86' lang='lat' dir='ltr'>n</span> <span class='ocrx_word' id='word_1_377' title='bbox 1488 5217 1537 5292; x_wconf 83' lang='grc'>82</span> 
     </span>
     <span class='ocr_line' id='line_1_41' title="bbox 1459 5345 1474 5376; baseline 0 0"><span class='ocrx_word' id='word_1_378' title='bbox 1459 5345 1474 5376; x_wconf 78' lang='lat'>0</span> 
     </span>
    </p>
   </div>
   <div class='ocr_carea' id='block_1_5' title="bbox 0 0 2396 6068">
    <p class='ocr_par' dir='ltr' id='par_1_7' title="bbox 0 0 2396 6068">
     <span class='ocr_line' id='line_1_42' title="bbox 0 0 2396 6068; baseline 0 1"><span class='ocrx_word' id='word_1_379' title='bbox 0 0 2396 6068; x_wconf 95' lang='lat' dir='ltr'> </span> 
     </span>
    </p>
   </div>
  </div>
 </body>
</html>
