4784 6040
782 585 860 661 440
1285 583 1645 662 LITURGIA

886 772 1071 846 Sacerdos.
1124 772 1291 868 Perpetuo
1318 774 1668 846 commemorationem
1693 771 1779 844 banc
1811 772 1927 845 mortis
1954 780 1988 844 et
2013 769 2147 848 Resur-

782 890 941 963 rectionis
967 910 1064 961 meae
1090 888 1232 976 facieba,
1260 886 1368 960 donec
1393 889 1538 959 veniam.

885 1003 1048 1099 Papulas.
1099 1002 1221 1076 Mortis
1247 1013 1337 1092 tuae,
1362 1004 1515 1075 Domine.

884 1120 1070 1193 Sacerdos.
1123 1118 1237 1193 Oculis
1271 1141 1356 1213 ergo
1390 1122 1572 1191 animomm
1612 1127 1805 1194 nostromm
1830 1121 1993 1192 intuentes
2023 1130 2058 1192 et
2089 1125 2148 1194 vi-

782 1236 899 1310 dentes
932 1239 1091 1333 mysteria
1125 1235 1382 1333 dispensationis
1415 1247 1493 1308 tuae
1527 1245 1665 1332 propter
1690 1257 1773 1324 nos,
1808 1259 1829 1308 o
1863 1234 2012 1309 Verbum
2045 1239 2148 1328 Deus,

782 1353 960 1427 adoramus
994 1352 1144 1426 eamdem
1178 1351 1357 1425 salutarem
1389 1351 1687 1448 dispensationem:
1719 1351 1911 1425 confitemur
1944 1355 2148 1426 nativitatem

780 1479 882 1558 tuam,
910 1479 944 1541 et
970 1479 1078 1543 ortum
1104 1479 1208 1542 tuum:
1235 1467 1429 1542 confioemur
1454 1471 1631 1565 passiones
1656 1477 1730 1542 tuas
1757 1477 1792 1541 et
1809 1468 2012 1564 sepulturam
2038 1479 2146 1560 tumn3

781 1585 1007 1679 glorificamus
1030 1585 1323 1659 Resurrectionem
1350 1593 1459 1675 mam,
1493 1596 1528 1658 et
1554 1583 1743 1658 extollimus
1769 1586 2012 1660 Ascensionem
2039 1596 2148 1678 tuam;

780 1700 1008 1774 benedicimus
1034 1711 1174 1798 propter
1200 1705 1387 1775 sessionem
1413 1711 1503 1774 tuam
1530 1700 1574 1773 ad
1600 1700 1773 1774 dexteram
1799 1713 1991 1796 paternam,
2017 1711 2051 1774 et
2077 1724 2147 1774 en-

784 1830 957 1914 pectamus
985 1817 1162 1890 adventum
1190 1829 1278 1890 tumn
1306 1817 1496 1890 secundum.
1534 1816 1658 1890 Verum
1685 1839 1845 1910 rogamus
1873 1829 1906 1891 et
1931 1819 2148 1916 deprecamur

780 1943 816 2005 te
841 1944 877 2005 ut
902 1932 1033 2028 quando
1060 1938 1179 2006 venies
1206 1958 1282 2007 cum
1308 1933 1414 2027 gloria
1442 1943 1509 2024 tua,
1536 1942 1571 2005 et
1596 1934 1775 2029 apparebis
1799 1933 1987 2024 manifeste,
2013 1938 2147 2008 omnia-

782 2071 847 2144 que
878 2049 1120 2142 congregabis,
1146 2070 1214 2121 nnn
1247 2049 1452 2122 condemnes
1483 2070 1546 2123 nos
1583 2049 1679 2122 simul
1710 2071 1785 2124 cmn
1819 2049 1884 2123 illis
1923 2055 1978 2146 qui
2013 2061 2048 2122 te
2080 2072 2146 2123 non

780 2176 960 2252 noverunt,
986 2188 1096 2261 neque
1121 2166 1259 2264 perdas,
1286 2189 1361 2239 cum
1387 2169 1428 2238 iis
1456 2166 1511 2261 qui
1536 2163 1595 2238 tibi
1621 2187 1689 2238 non
1716 2165 1952 2240 adhaeserunt:
1983 2166 2044 2242 sed
2077 2191 2146 2264 po-

780 2285 847 2355 tius
873 2285 1035 2355 miserere
1061 2285 1180 2374 nostri,
1207 2285 1283 2378 quia
1307 2303 1432 2354 nomen
1458 2291 1546 2354 tuum
1574 2304 1731 2375 magnum
1751 2285 1941 2355 invocatum
1967 2295 2020 2357 est
2046 2306 2146 2381 super

779 2420 854 2471 nos.
908 2397 1039 2471 Scimus
1066 2420 1160 2486 sane,
1189 2403 1265 2494 quia
1290 2400 1517 2494 peccavimus,
1545 2409 1579 2470 et
1605 2408 1639 2471 te
1664 2419 1748 2470 vere
1770 2397 1813 2470 ad
1838 2397 2041 2471 iracmdian
2059 2421 2146 2496 pro-

779 2516 997 2587 vocavimus:
1031 2535 1141 2609 neque
1167 2513 1258 2607 digni
1285 2535 1397 2586 sumus
1423 2513 1653 2587 misericordia
1683 2524 1751 2586 tua.
1804 2513 1930 2588 Verum
1963 2536 2027 2611 per
2060 2537 2146 2612 pns-

780 2631 910 2703 sionem
936 2639 1037 2720 mam,
1063 2631 1218 2718 Domine,
1244 2651 1306 2726 per
1330 2651 1463 2702 cmcem
1490 2637 1524 2702 et
1549 2640 1689 2703 mortem
1714 2639 1804 2704 mam
1829 2638 1968 2726 propter
1992 2653 2074 2724 nos,
2103 2655 2146 2704 ne

781 2766 865 2836 agas
896 2744 1071 2818 nobiscum
1097 2745 1369 2841 quemadmodum
1403 2749 1600 2821 meruimus:
1631 2766 1675 2818 ne
1706 2744 1818 2819 tradas
1851 2768 1915 2820 nos
1948 2747 2146 2822 cmciatibus

781 2857 910 2955 absque
936 2860 1182 2952 misericordia,
1215 2883 1325 2956 neque
1359 2865 1451 2956 juste
1482 2859 1648 2935 retribuas
1678 2859 1785 2934 nobis.
1837 2861 2033 2936 Recordare
2068 2865 2146 2938 Do-

780 2977 869 3048 mine
896 2976 983 3072 quod
1010 2988 1044 3050 te
1071 2975 1220 3052 confessi
1245 2999 1375 3068 sumus,
1409 2988 1443 3050 et
1473 2978 1514 3051 ad
1540 2999 1663 3052 nomen
1689 2988 1779 3050 tuum
1804 2977 2022 3072 confugimus.
2075 2981 2145 3054 bli-

780 3113 915 3183 sererc,
948 3115 1071 3190 parce,
1110 3104 1145 3166 et
1178 3093 1276 3169 solva
1315 3097 1612 3188 congregationem
1645 3094 1852 3170 adorantium
1883 3105 1917 3168 te
1950 3120 1970 3168 a
2002 3097 2146 3172 tenebris

781 3209 1026 3300 exterioribus,
1052 3233 1072 3282 a
1099 3209 1180 3284 lietu
1204 3221 1238 3284 et
1270 3211 1414 3284 stridore
1441 3211 1600 3300 dentium,
1632 3214 1708 3307 quia
1742 3233 1810 3284 non
1842 3221 1894 3286 est
1925 3211 2023 3286 nobis
2055 3217 2145 3288 Deus

781 3326 865 3399 ab‘us
893 3337 1028 3422 practer
1053 3337 1100 3416 ta,
1127 3326 1169 3400 ad
1196 3349 1292 3422 quem
1318 3325 1423 3402 levati
1449 3338 1524 3400 suut
1550 3325 1637 3400 oculi
1661 3330 1781 3417 nostri,
1806 3337 1843 3400 ut
1867 3327 2056 3404 confitearis
2073 3353 2144 3417 nos,

780 3451 815 3513 et
841 3443 921 3514 oriri
944 3441 1065 3534 jubam
1090 3443 1202 3516 lumen
1227 3441 1339 3517 volus
1366 3446 1412 3516 tui
1438 3465 1539 3541 super
1564 3465 1641 3534 nos,
1666 3454 1701 3516 et
1726 3465 1828 3540 super
1854 3442 2043 3520 Ecclesiam
2059 3456 2145 3520 mam

778 3557 984 3652 redemptam
1010 3562 1173 3651 sauguine
1200 3568 1256 3631 tuo
1271 3561 1439 3654 pretioso;
1465 3582 1551 3655 quae
1566 3583 1656 3634 voce
1679 3582 1803 3654 magna
1818 3559 1939 3634 clamat
1965 3562 2008 3636 ad
2034 3573 2088 3654 te,
2113 3573 2144 3636 et

780 3672 823 3745 ad
849 3673 983 3746 Patrem
1007 3685 1109 3764 tuum,
1135 3674 1259 3748 dicens.

883 3789 1046 3884 Populos.
1096 3791 1271 3865 Miserere.

885 3905 1069 3979 Sacerdos.
1122 3907 1195 3981 Nos
1223 3931 1366 4004 quoque.

886 4021 1048 4116 Populos.
1100 4024 1152 4096 'le
1177 4024 1412 4117 glorificamus.

884 4139 1072 4213 Diaconos.
1126 4140 1232 4227 Quam
1258 4139 1403 4214 timenda
1430 4151 1483 4214 est
1507 4138 1590 4213 haec
1615 4139 1706 4212 bora.

920 4414 1097 4490 Sacerdos
1123 4416 1307 4489 inclinatos
1332 4418 1418 4489 dicit
1442 4416 1696 4488 Iooocotiooem
1720 4414 1872 4511 Spiritus
1896 4421 2019 4489 eoacti.

888 4601 1006 4688 Clamo
1033 4606 1076 4677 ad
1101 4618 1135 4679 te
1161 4608 1266 4695 Deus,
1293 4605 1396 4680 corde
1422 4605 1561 4696 adacto,
1587 4617 1621 4680 et
1651 4605 1748 4679 oculo
1780 4605 2046 4682 lacrimabundo:
2076 4609 2141 4678 mi-

721 4733 726 4742 '
782 4741 901 4794 serere
926 4723 992 4793 moi
1019 4744 1079 4817 per
1104 4725 1247 4814 gratiam
1266 4732 1368 4812 mam,
1395 4732 1428 4794 et
1453 4745 1562 4818 purga
1582 4744 1636 4795 me
1662 4745 1683 4795 a
1704 4721 1907 4795 multitudine
1932 4725 2141 4819 iniquitatum,

783 4858 870 4932 quae
895 4859 957 4932 per
982 4842 1203 4930 cogitationes
1229 4847 1361 4934 turpes,
1387 4848 1444 4911 aut
1470 4861 1577 4934 opera
1603 4840 1714 4933 iniqua
1745 4861 1837 4926 mea,
1872 4837 2033 4912 infirmam
2067 4841 2142 4910 ani-

781 4974 870 5025 mam
896 4974 1004 5025 meam
1031 4954 1205 5027 maculant.
1246 4955 1347 5048 Rogo
1374 4964 1408 5027 te
1434 4956 1576 5027 Domina
1601 4953 1700 5049 plene
1726 4954 1966 5044 misericordia,
1993 4975 2037 5027 ne
2057 4975 2141 5051 pro-

780 5076 856 5164 pter
888 5080 1028 5165 peccata
1060 5091 1157 5166 mea,
1186 5073 1302 5169 prives
1329 5094 1383 5144 me
1414 5075 1523 5165 gratia
1558 5081 1614 5143 tua
1645 5073 1679 5142 in
1704 5069 1770 5145 boc
1795 5081 1961 5168 tempore,
1994 5070 2054 5146 aed
2083 5089 2142 5167 par
2241 5115 2245 5125 ·
