4782 6068
757 588 816 664 AD
850 585 1070 665 NESl'Ollll
1104 587 1377 666 llTllliGlhll.
1672 589 1747 662 637

384 770 714 854 Constantinopolitano
742 772 906 852 expositam
936 769 1098 834 doctrinam
1128 772 1310 834 retinentes:
1339 769 1579 860 additionernque
1599 772 1631 834 in
1653 771 1748 836 Occi-

384 873 474 936 dente
499 871 606 934 lactam
628 889 728 951 neque
742 869 941 949 admittentes
964 887 1062 950 neque
1086 870 1280 934 vehementer
1302 872 1520 953 impugnantes.
1548 869 1747 934 Observatum

383 972 463 1035 enim
485 977 531 1035 est
552 988 569 1032 a
591 968 738 1054 hlelchitis
761 976 792 1032 et
813 968 970 1048 tacebitis,
992 969 1125 1032 Francos
1148 972 1212 1033 sive
1235 970 1367 1049 Latinos,
1389 969 1483 1032 verba
1505 970 1637 1051 Filioque
1662 987 1748 1052 syrn-

380 1069 452 1134 bolo
482 1069 633 1151 adjicere,
663 1068 735 1131 nihil
766 1068 844 1131 ultra
873 1067 984 1130 dicunt
1026 1067 1197 1132 Nestoriani
1228 1069 1376 1151 Theologi
1406 1089 1445 1132 cx
1471 1069 1619 1149 scriptura
1649 1086 1747 1143 sacra,

381 1187 474 1250 saepe
497 1178 530 1232 ut
552 1169 582 1230 in
604 1167 661 1230 hac
684 1169 839 1246 oratione,
863 1168 1004 1248 Spiritum
1027 1175 1161 1232 sanctum
1183 1169 1332 1233 ducenta
1355 1170 1443 1232 Patre
1465 1168 1653 1250 procedere,
1677 1178 1708 1230 et
1731 1184 1748 1228 a

381 1267 456 1334 Filio
485 1270 637 1349 accipere:
667 1285 725 1330 nec
752 1266 791 1329 de
819 1265 870 1330 illa
898 1268 1075 1348 quaestione
1105 1287 1172 1330 curn
1195 1267 1319 1331 Graecis
1344 1269 1454 1350 agitata
1476 1267 1595 1331 solliciti
1616 1265 1747 1329 luerunt.

381 1364 428 1430 De
451 1367 619 1443 divinitate,
650 1365 972 1446 consubstantialitate,
1004 1375 1035 1430 et
1063 1367 1242 1448 aequalitate
1264 1367 1392 1449 Spiritus
1414 1369 1509 1431 sancti
1531 1385 1584 1430 eos
1608 1371 1747 1429 accurate

381 1465 473 1548 loqui,
497 1468 653 1548 sequentia
676 1465 869 1548 praelationis
893 1465 985 1530 verba
1008 1467 1080 1529 satis
1105 1467 1318 1530 demonstrant.

386 1849 421 1919 7.
458 1845 718 1919 Similitudiaem
743 1849 835 1918 sarci
862 1849 1010 1940 accepit,
1036 1847 1202 1919 homiaem
1222 1849 1413 1940 perfectam
1430 1900 1437 1917 .
1453 1899 1483 1915 ..
1512 1852 1545 1915 et
1572 1845 1749 1936 aoaJ'anait
1828 1863 1831 1868 ·

436 1964 528 2035 illum
552 1963 629 2052 sibi,
656 1966 831 2058 ualuitque
857 1986 970 2034 secum
996 1967 1032 2034 iu
1056 1965 1181 2060 pterim,
1205 1968 1377 2056 potestate
1404 1962 1603 2048 ethonore,
1631 1967 1695 2031 etc.

495 2203 531 2281 ln
554 2215 668 2278 duabus
691 2216 794 2297 primis
815 2217 958 2300 Liturgiis
980 2217 1052 2281 nihil
1074 2218 1226 2299 reperitur
1248 2216 1327 2298 quod
1347 2217 1384 2280 ad
1398 2217 1596 2280 Nestorianae
1611 2215 1747 2280 haeresis

384 2319 632 2402 significationem
653 2321 813 2401 pertineat,
840 2321 960 2402 quodve
982 2321 1019 2384 ad
1043 2320 1248 2386 Orthodoxam
1270 2322 1448 2384 sententiam
1471 2320 1541 2398 levi,
1564 2338 1622 2382 nec
1644 2329 1749 2383 coacta

383 2419 633 2499 interpretatione
660 2437 721 2482 non
748 2417 836 2483 facile
863 2421 1035 2484 reducatur.
1079 2421 1120 2484 nt
1148 2423 1178 2483 in
1204 2421 1264 2484 ista
1291 2439 1377 2500 quae
1397 2419 1446 2483 vel
1470 2419 1528 2484 hoc
1549 2419 1615 2482 sola
1638 2419 1748 2482 indicio

272 2521 273 2526 ’
385 2518 448 2581 aliis
478 2519 629 2581 recentior
657 2518 895 2598 demonstratur,
929 2537 990 2583 nan
1024 2519 1154 2583 obscura
1184 2520 1449 2602 deprehenduntur
1484 2521 1597 2582 erroris
1631 2521 1752 2584 indicia.-

385 2617 472 2691 Quod
495 2616 601 2680 dicitur
627 2616 685 2680 Dei
713 2617 805 2681 Filius
841 2621 1022 2682 &cumaeae
1050 2619 1198 2682 tamum
1220 2619 1387 2700 perfectarum
1409 2639 1450 2680 ea
1472 2622 1576 2681 auimo
1597 2621 1750 2697 rationali,

383 2719 562 2798 iutelliqcute
583 2725 613 2779 et
633 2718 814 2780 immortali.-
836 2726 866 2780 et
887 2738 1018 2799 corpore
1038 2720 1162 2782 mortali
1182 2719 1349 2796 matum,
1377 2727 1492 2782 rectum
1516 2727 1579 2798 est,
1609 2718 1750 2801 Symbola

385 2816 465 2897 quod
492 2815 651 2878 Athanasii
684 2816 776 2898 vulga
811 2817 933 2896 dicitur,
963 2825 1037 2880 eta
1069 2818 1193 2882 Graecis
1222 2819 1395 2898 Latinisque
1422 2821 1565 2901 recipitur
1588 2820 1750 2886 conforme.

385 2913 543 2992 Perfectus
563 2914 661 2992 Deuca,
687 2914 841 2994 perfectus
867 2915 955 2978 harno
977 2937 1018 2977 ec
1039 2919 1142 2978 auimo
1162 2918 1310 2979 rationali
1330 2919 1512 2980 albamara
1533 2939 1626 2982 carue
1647 2919 1751 2982 mba-

384 3021 474 3075 ateue.
520 3011 604 3084 Quae
626 3021 792 3093 sequuntur
813 3013 884 3077 licet
905 3015 1032 3094 quodam
1052 3014 1239 3097 intelligendi
1260 3015 1349 3078 modo
1372 3035 1447 3080 uera
1470 3017 1539 3094 sint,
1562 3035 1601 3078 cx
1618 3016 1751 3081 oreNe-

384 3111 585 3175 storianorum
614 3109 731 3192 prolata
760 3118 852 3175 totam
880 3111 999 3176 illorum
1027 3113 1168 3176 haeresin
1198 3115 1446 3195 complectuntur.
1496 3116 1608 3176 Verum
1638 3115 1749 3197 quippe

385 3218 431 3273 est
452 3209 608 3271 humanam
633 3208 742 3273 Christi
771 3219 906 3273 naturam
935 3213 1124 3293 conjunctam
1152 3218 1182 3274 et
1210 3215 1321 3274 unitam
1350 3214 1415 3276 Deo
1445 3213 1549 3276 Verbo
1579 3215 1688 3293 luisse,
1719 3216 1750 3276 in

383 3310 493 3392 gloria,
516 3316 666 3390 potestate
690 3309 868 3389 ethonore,
891 3296 961 3392 quia
983 3311 1071 3374 homo
1095 3331 1135 3374 cx
1156 3312 1282 3394 Virgine
1304 3319 1402 3391 natus,
1426 3310 1522 3376 iactus
1546 3315 1685 3376 estlieus
1709 3333 1750 3375 ex

382 3411 495 3473 unione
516 3409 616 3470 intima
638 3415 670 3471 et
691 3409 854 3488 personali,
877 3428 944 3472 cum
966 3410 1033 3474 Deo
1056 3411 1169 3489 Verbo,
1192 3412 1272 3475 unde
1293 3413 1402 3493 gloria,
1425 3421 1574 3493 poteslas,
1600 3420 1631 3475 et
1652 3411 1751 3476 honor

382 3510 426 3574 illi
447 3510 642 3573 conveniunt:
672 3516 701 3571 at
723 3511 865 3573 unionem
887 3512 918 3573 in
941 3529 977 3573 ca
1000 3511 1066 3574 sola
1089 3510 1240 3592 dignitatis
1263 3513 1529 3592 communicatione
1553 3514 1749 3590 constituere,

382 3611 506 3692 propria
530 3615 561 3669 et
582 3607 620 3670 ab
643 3606 827 3672 Orthodoxis
849 3627 909 3671 nan
930 3613 1041 3685 miuus,
1064 3628 1151 3691 quam
1173 3630 1191 3673 a
1213 3610 1358 3674 lacobitis
1380 3613 1568 3695 impugnata,
1591 3612 1750 3676 Nestoria-

384 3725 491 3770 norum
514 3708 616 3788 opinio
640 3715 694 3770 cst.
738 3708 842 3790 ltaque
865 3717 898 3771 ut
920 3710 990 3772 alibi
1013 3709 1079 3784 lpse
1102 3709 1304 3791 probavimus,
1329 3709 1471 3774 llaioaem
1492 3712 1552 3774 Dei
1571 3721 1601 3774 et
1621 3715 1750 3776 tomiais

383 3808 416 3869 iu
439 3805 570 3882 Christo,
592 3825 659 3868 ease
680 3808 790 3870 docem
806 3827 863 3887 per
884 3810 1082 3888 voluntatem,
1112 3813 1361 3890 conjuactiaaem,
1391 3820 1420 3873 et
1441 3813 1597 3894 dianitatis
1614 3815 1750 3894 partiei-

382 3907 544 3984 padoam,
566 3924 628 3968 nou
648 3908 810 3970 secuudum
831 3916 971 3970 nami-am
993 3919 1022 3972 ct
1038 3927 1212 3990 pacatam.
1242 3908 1285 3971 lta
1298 3909 1377 3972 Elias
1391 3909 1560 3973 catholicus
1577 3929 1614 3976 co
1630 3913 1749 3974 nomine

384 4004 492 4066 tertius
515 4005 545 4066 in
567 4003 763 4085 Expositione
785 4005 855 4070 lidei
878 4026 964 4087 quam
987 4010 1110 4091 scripsit
1133 4026 1200 4071 cum
1222 4016 1304 4072 esset
1326 4010 1516 4093 Metropolita
1524 4011 1696 4092 Nisibenus,
1719 4018 1751 4073 et

384 4103 415 4164 in
436 4102 645 4184 Disputatione
669 4122 735 4167 cum
758 4106 1079 4174 lliziroAbulkacimo.
1124 4109 1162 4171 lit
1183 4110 1213 4171 in
1235 4108 1294 4172 alio
1317 4127 1422 4191 opere.
1458 4113 1582 4174 Verbum
1595 4120 1750 4174 aeteruum

381 4204 561 4282 prestructum
583 4221 604 4264 a
625 4206 774 4284 sapientia
797 4208 956 4286 creatoris,
979 4210 1060 4289 quod
1079 4210 1174 4271 Filius
1194 4209 1371 4288 appellatur,
1394 4219 1495 4292 eatque
1516 4231 1576 4273 aaa
1595 4229 1749 4290 pascua-

384 4321 452 4364 rum
474 4304 574 4378 trium
596 4303 753 4382 habitavit,
776 4323 830 4366 scu
851 4305 977 4386 illapsura
999 4317 1058 4384 est,
1081 4310 1113 4370 iu
1134 4308 1252 4370 bomine
1273 4319 1406 4372 assumto
1429 4331 1469 4372 ec
1490 4311 1594 4373 Maria
1621 4311 1749 4392 Vir-piae,

383 4401 533 4465 mediante
551 4405 688 4482 potentia
710 4403 918 4481 intellectuali,
940 4409 1111 4488 uultumque
1130 4408 1176 4468 illi
1197 4413 1242 4468 est
1258 4426 1317 4487 per
1339 4411 1477 4471 unionem
1494 4413 1670 4489 potestatis,
1693 4410 1750 4472 he-

383 4499 579 4575 neaolentiae,
601 4503 777 4578 coluruatis,
800 4503 939 4579 honoris,
962 4507 1156 4568 eccellentiae
1179 4513 1209 4568 et
1228 4510 1525 4586 repraesentationis.
1554 4507 1612 4576 ⁴lta
1634 4509 1749 4572 Ebnel-

384 4593 456 4673 taib,
472 4597 814 4680 Amnrsldathaeihlius,
827 4602 916 4665 etalii
928 4622 1023 4686 prope
1035 4621 1138 4668 omnes
1152 4623 1279 4688 quorum
1289 4608 1402 4688 scripta
1411 4607 1447 4670 ad
1461 4625 1704 4689 nospervenere:
1717 4616 1750 4670 ut
1839 4599 1845 4606 ’

385 4695 474 4758 etiam
497 4696 536 4759 de
558 4697 616 4759 illis
639 4705 788 4762 testantur
800 4700 955 4766 lacobitae
980 4704 1128 4783 celebres,
1152 4707 1285 4769 Severus
1299 4706 1576 4783 Aschmaninensis,
1591 4707 1748 4787 Barsalibi,

383 4793 586 4874 Ebnassalus,
615 4795 809 4880 Abulbircat,
841 4809 871 4864 et
899 4803 1007 4885 reliqui
1033 4821 1143 4887 magno
1174 4822 1307 4868 numero.
1352 4807 1484 4869 Tandem
1506 4808 1536 4869 in
1558 4807 1748 4870 Lectiouario

383 4894 508 4960 Persico
531 4895 568 4958 ad
591 4913 677 4959 usum
698 4888 954 4980 Nestorianbrum,
977 4903 1016 4966 da
1039 4921 1100 4986 quo
1123 4903 1232 4968 dictum
1255 4913 1302 4968 est
1325 4906 1405 4986 alibi,
1429 4905 1479 4969 illa
1496 4906 1602 4984 verba,
1624 4907 1749 4987 Aequa-

290 5051 293 5068 ,
383 4993 440 5055 lem
461 5014 495 5058 se
514 4994 634 5073 sacimas
647 4996 723 5074 Dec,
746 4999 945 5080 explicantur,
968 5003 1130 5065 aeneadum
1151 5003 1305 5080 honorem,
1328 5006 1504 5086 dipuitatem
1525 5013 1556 5068 et
1572 5009 1747 5085 potentiam.

382 5091 483 5176 Atque
517 5097 548 5157 in
578 5094 628 5158 tali
658 5097 777 5160 unionis
812 5097 937 5163 duarum
974 5101 1005 5164 in
1035 5101 1155 5167 Christo
1185 5112 1359 5167 naturarum
1389 5105 1579 5185 expositione
1610 5105 1747 5168 consistit

1464 5206 1544 5281 83*
