4784 6040
723 551 799 626 388
850 639 854 646 ,
977 548 1427 627 utinamutinam
1467 547 1838 628 Hattatanrtsls.
1876 637 1881 654 ³

725 750 912 827 aeternam,
950 748 984 808 ut
1019 739 1051 808 iu
1079 734 1232 809 omuibus
1263 734 1455 808 laudatores
1487 737 1534 807 tui
1569 757 1806 830 appareamus,
1844 747 1880 810 et
1912 735 2098 809 referamus

720 854 777 927 tibi
804 854 964 947 gloriam,
992 863 1055 924 etc.
1420 851 1581 944 Populus.
1633 853 1754 925 Amen

824 968 1009 1040 Sacerdos.
1061 968 1147 1040 Pax.

825 1083 986 1178 Populus.
1039 1082 1084 1155 El
1110 1105 1184 1155 cum
1212 1083 1329 1178 spiritu
1355 1091 1422 1155 ino.

825 1199 1011 1270 Sacerdos.
1063 1197 1259 1272 Benedictio
1285 1199 1350 1270 Dei
1377 1202 1420 1271 sit
1446 1209 1509 1271 etc.

825 1315 988 1409 Populus.
1040 1313 1185 1386 Etcum
1214 1317 1329 1411 spiritu
1356 1327 1423 1388 tuo.

825 1431 1013 1504 Ib'uconua.
1069 1431 1152 1502 Cum
1181 1433 1307 1504 timore.

826 1547 1010 1619 Sacerdos.
1064 1547 1188 1618 Sancta
1216 1549 1350 1618 sanctis.

824 1663 989 1756 Populos.
1042 1661 1138 1734 Unus
1165 1663 1267 1733 Pater
1293 1661 1447 1734 Sanetus.

826 1780 1014 1855 Diaconos.
1068 1779 1203 1851 Stemus
1230 1779 1399 1850 decenter.

825 1896 987 1989 Populus.
1042 1895 1176 1968 Gratias
1204 1898 1343 1987 agimus.
1427 1907 1430 1916 '

825 2011 1011 2083 Sacerdos.
1053 2009 1304 2084 convenienter
1325 2018 1359 2082 et
1381 2007 1562 2081 secundum
1577 2011 1754 2080 veritatem
1773 2007 1830 2080 tibi
1843 2006 1983 2079 debetur
2005 2009 2095 2082 ado-

721 2130 806 2200 ratio
835 2150 909 2199 cum
938 2129 1025 2198 omui
1053 2129 1235 2218 gratiarum
1263 2127 1403 2211 actione,
1431 2135 1465 2196 et
1491 2126 1622 2198 sincera
1649 2123 1885 2223 beneficiorum
1913 2127 2094 2216 agnitione,

721 2244 800 2315 Rex
820 2244 963 2315 Domine
991 2253 1025 2314 et
1044 2243 1137 2316 Deus
1165 2251 1281 2314 noster
1307 2240 1477 2313 adorande
1504 2251 1538 2312 et
1556 2240 1706 2322 salvator
1722 2249 1837 2313 noster
1854 2240 1936 2310 lesu
1953 2239 2093 2326 Christe,

727 2384 771 2432 eo
798 2359 886 2454 quod
914 2380 989 2429 cum
1016 2380 1167 2430 essemus
1194 2357 1335 2449 indigui3
1371 2378 1458 2427 uuuc
1484 2363 1595 2427 mmen
1623 2357 1815 2452 praestitisti
1841 2353 1951 2444 nobis,
1979 2365 2013 2428 ut
2050 2380 2095 2430 ex

720 2473 923 2572 pinguedine
951 2472 1068 2544 domus
1096 2483 1191 2562 tuae,
1222 2475 1255 2542 iu
1289 2474 1398 2544 anima
1425 2471 1646 2544 reficeremur.
1700 2469 1752 2542 'ln
1786 2473 1906 2564 igitur,
1939 2473 2094 2564 Domine,

721 2611 785 2662 nos
813 2611 930 2662 omues
958 2587 1127 2676 confirma,
1157 2588 1279 2680 adjuva
1306 2610 1381 2676 uos,
1409 2586 1561 2660 conforta
1587 2609 1651 2660 uos
1678 2597 1713 2658 et
1739 2590 1845 2680 erige,
1872 2611 1975 2683 parce
1997 2588 2093 2662 uobis

722 2705 874 2777 omnibus
902 2712 936 2775 ot
968 2706 1111 2798 quietem
1142 2713 1293 2799 praesta,
1327 2714 1363 2776 ut
1396 2713 1461 2774 tam
1496 2707 1531 2774 in
1561 2702 1613 2774 bis
1644 2701 1890 2798 praesentibus,
1928 2727 2026 2799 quam
2061 2709 2095 2778 in

720 2819 857 2909 futuris,
883 2818 1068 2892 laudabiles
1102 2841 1342 2916 appareamus,
1377 2818 1540 2891 facientes
1573 2818 1780 2892 voluntatem
1813 2815 1911 2890 tuam.
1964 2820 2008 2892 Et
2033 2843 2094 2917 pro

707 2935 874 3030 omuibus
903 2957 989 3030 qrrae
1016 2937 1106 3008 circa
1133 2959 1197 3010 uos
1225 2936 1437 3032 dispensasti,
1463 2934 1702 3031 beneficiisque
1721 2937 1785 3007 tuis
1807 2955 1888 3026 erga
1910 2957 1984 3024 uos,
2011 2937 2094 3030 glo-

721 3055 822 3138 riam,
850 3049 1011 3123 bonorem
1039 3061 1073 3122 et
1100 3051 1328 3126 adorationem
1355 3051 1520 3123 ollerimus
1547 3051 1623 3140 tibi,
1653 3062 1687 3123 et
1712 3073 1775 3146 per
1801 3061 1834 3122 te
1861 3061 1960 3145 atque
1987 3064 2094 3126 tecum

720 3167 812 3238 Patri
840 3177 896 3238 tuo
923 3164 1116 3256 benedicto,
1151 3178 1185 3239 et
1218 3168 1336 3255 beato,
1373 3179 1473 3262 atque
1499 3165 1636 3262 Spiritui
1662 3176 1719 3238 tuo
1745 3169 1828 3239 vivo
1854 3176 1888 3237 et
1912 3169 2094 3242 vivificanti

720 3265 825 3372 nuuc,
854 3294 916 3354 etc.
1266 3282 1428 3377 Populus.
1482 3283 1600 3355 Amen.

824 3398 1008 3498 Sacerdos.
1062 3400 1146 3471 Pax.

824 3514 986 3608 Populus.
1039 3513 1084 3587 Et
1110 3539 1183 3587 eum
1211 3517 1327 3610 spiritu
1355 3526 1421 3587 tuo.

824 3631 1012 3703 Diaconos.
1065 3631 1149 3704 Post
1175 3636 1431 3726 susceptionem.

823 3744 985 3838 Populus.
1040 3744 1164 3818 Coram
1191 3758 1224 3818 te
1251 3748 1404 3820 Domine.

825 3859 1010 3932 Sacerdos.
1064 3863 1207 3935 Domine
1240 3866 1295 3958 qui
1322 3865 1485 3937 inclinasti
1514 3861 1628 3934 coelos
1656 3871 1691 3932 et
1716 3859 1915 3934 descendisti
1941 3883 2004 3956 pro
2032 3887 2093 3936 sa-

719 3978 788 4050 lute
814 3987 942 4066 uostra,
970 3989 1004 4050 et
1028 4000 1092 4074 pro
1119 3977 1227 4051 salute
1253 3983 1354 4053 totius
1380 3982 1515 4073 generis
1542 3981 1647 4050 nostri
1673 3977 1809 4066 infirmi,
1837 3975 1967 4048 eiluude
1994 4001 2094 4075 super

720 4117 784 4168 uos
812 4093 1075 4166 misericordiam
1101 4093 1315 4187 benignitatis
1341 4105 1431 4187 tuae,
1459 4106 1493 4167 et
1519 4092 1669 4167 concede
1695 4091 1805 4183 uobis,
1839 4097 2093 4187 congregationi

722 4209 849 4280 scilicet
874 4206 1052 4282 Ecclesiae
1078 4221 1156 4284 tuae
1183 4223 1338 4302 sanctae,
1376 4212 1507 4286 divitias
1535 4218 1568 4282 et
1594 4208 1846 4282 benedictiones
1873 4221 1947 4282 tuas
1974 4211 2093 4284 coele-

722 4336 805 4415 stes,
832 4337 866 4396 ut
894 4325 1022 4421 absque
1046 4326 1112 4399 linc
1140 4338 1174 4400 et
1198 4341 1459 4424 perseveranter
1485 4325 1709 4420 glorificemus
1736 4334 1786 4397 te:
1814 4333 1846 4396 te
1865 4329 1920 4420 qui
1944 4347 1982 4398 es
2001 4326 2093 4398 Deus

722 4463 824 4513 verus
853 4463 954 4536 super
981 4447 1103 4534 omnia,
1131 4454 1164 4515 et
1190 4444 1322 4517 Patrem
1350 4455 1450 4532 tuum,
1479 4445 1534 4540 qtri
1553 4445 1691 4516 misitte
1713 4440 1913 4514 adsalutem
1936 4452 2093 4528 nostram,

722 4570 757 4631 et
782 4559 938 4655 Spiritum
966 4570 1056 4632 tuum
1083 4564 1336 4637 sanctissimum.
1546 4559 1707 4653 Populus.
1761 4559 1881 4630 Amen.

825 4674 1016 4748 Diaconos.
1069 4676 1217 4750 Benedio
1244 4678 1396 4751 Domine.

826 4789 1003 4863 Sacerdos
1029 4793 1114 4863 dicit
1140 4794 1289 4864 adlimam
1315 4793 1592 4864 benedictionem.

1152 5025 1672 5071 ——ss-
