4730 6038
737 562 813 636 304
1239 559 1597 638 LITURGIA

740 773 786 824 ex
811 761 845 823 te
872 760 925 821 est
951 770 1050 821 ornae
1077 747 1197 820 donum
1224 748 1382 844 optimum
1408 757 1442 820 et
1467 745 1662 844 perlectum,
1690 757 1724 820 et
1740 745 1927 820 referemus
1944 748 2004 822 tibi
2025 714 2109 842 glo-

738 870 832 958 riam,
859 875 922 937 etc.
1243 864 1405 958 Papulas.
1457 864 1579 936 Amen.

842 980 1018 1053 Sacerdos
1051 980 1243 1052 inclinatas.
1304 979 1473 1088 Memento
1512 981 1657 1052 Domino
1689 973 1873 1054 Doctorum
1908 979 2109 1072 divinorum,

741 1120 855 1170 eorum
882 1099 937 1191 qui
962 1095 1260 1193 promulgaverunt
1283 1097 1425 1169 verbum
1452 1118 1568 1170 sanum
1594 1094 1766 1169 doctrinae
1801 1107 1896 1184 tuac,
1929 1095 2107 1171 Ecclesiae

741 1224 895 1300 sanctae,
922 1222 956 1285 et
981 1213 1126 1307 adjunge
1151 1235 1214 1286 nos
1242 1212 1412 1286 ordinibus
1440 1235 1564 1285 eorum.

842 1330 993 1400 Elevans
1018 1351 1143 1400 vocem.
1196 1330 1248 1400 Tu
1275 1351 1313 1402 es
1341 1333 1428 1401 euim
1454 1331 1597 1403 Domine
1625 1331 1680 1422 qui
1707 1350 1769 1401 eos
1801 1326 1950 1420 elegisti,
1978 1339 2013 1401 et
2039 1352 2109 1400 ex-

740 1445 872 1519 hibuisti
900 1467 961 1518 eos
989 1443 1202 1540 splendentes
1228 1447 1262 1516 in
1289 1446 1434 1518 saeculo.
1487 1446 1555 1517 Per
1581 1448 1751 1516 orationes
1777 1454 1813 1516 et
1837 1465 1960 1540 preces
1983 1466 2109 1533 eorum,

741 1565 834 1657 eripe
861 1583 923 1634 nos
951 1584 971 1633 a
997 1561 1233 1633 tentationibus
1261 1560 1425 1650 adversis,
1452 1571 1486 1632 et
1511 1564 1545 1633 in
1560 1560 1729 1633 ordinibus
1747 1583 1863 1632 eorum
1880 1559 2012 1634 colloca
2034 1580 2109 1650 nos,

742 1681 817 1773 quia
845 1700 865 1748 s
891 1687 925 1748 te
951 1685 1026 1748 sunt
1053 1675 1157 1764 done,
1186 1687 1219 1748 et
1243 1676 1428 1750 referemus
1455 1677 1512 1750 tibi
1540 1677 1701 1770 gloriam,
1728 1686 1790 1746 etc.

846 1792 1005 1890 Populea.
1057 1793 1178 1866 Amen.

844 1908 1020 1980 Sacerdos
1044 1908 1236 1980 inclinatus.
1289 1908 1457 1982 Memento
1483 1911 1626 1982 Domine
1647 1907 1873 1980 debmctorum
1889 1907 2035 1981 fidelium
2055 1911 2110 2002 qui

742 2037 776 2100 te
809 2026 984 2099 induenrnt
1014 2047 1060 2096 ex
1092 2022 1276 2121 baptismo:
1302 2030 1499 2121 praesertim
1525 2047 1610 2098 vero
1636 2033 1776 2120 patrum,
1802 2023 1958 2113 fratrum,
1995 2028 2109 2116 magi-

742 2155 951 2238 stronrmquo
978 2148 1179 2213 nostrorum.

845 2259 995 2329 Eteonos
1026 2277 1152 2327 oocern.
1203 2256 1248 2329 Et
1274 2257 1492 2354 deprecamur
1518 2269 1551 2330 te
1578 2259 1721 2331 Domine
1754 2256 1876 2329 multae
1909 2258 2109 2328 misericor-

707 2360 726 2448 .
743 2374 836 2464 diae,
862 2383 897 2445 ut
923 2373 1086 2466 suscipias
1112 2375 1238 2446 animas
1267 2396 1383 2446 eorum
1409 2378 1442 2447 in
1468 2373 1663 2447 habitaculis
1682 2372 1986 2469 ierosolymitanis
2013 2375 2110 2444 sinu-

744 2514 808 2586 que
834 2489 1099 2577 Abrabamitioo;
1126 2512 1234 2585 neque
1261 2501 1396 2586 reputes
1423 2490 1486 2563 illis
1521 2501 1660 2586 peccato
1692 2511 1779 2585 quae
1814 2490 2051 2561 commiserunt
2076 2489 2110 2557 in

743 2605 808 2679 hoc
834 2605 969 2678 saeculo
996 2605 1219 2699 iniquitatibus
1246 2605 1364 2701 pleno,
1397 2610 1471 2700 quia
1506 2629 1549 2678 ne
1584 2605 1716 2701 quidem
1747 2627 1830 2677 unus
1865 2614 1917 2676 est
1952 2627 1999 2675 ex
2024 2605 2110 2676 natis

743 2722 931 2809 mulierum,
959 2724 1012 2817 qui
1038 2742 1140 2817 purus
1167 2725 1209 2794 sit
1236 2745 1255 2792 a
1278 2725 1438 2818 peccetis,
1464 2731 1598 2817 praeter
1613 2721 1790 2794 Dominum
1804 2721 1912 2792 Deum
1926 2729 1960 2792 et
1982 2720 2111 2793 Salva-

744 2849 852 2911 torem
877 2845 1024 2910 nostrum
1050 2836 1166 2912 desum
1194 2836 1370 2926 Christum,
1398 2860 1458 2933 per
1485 2861 1582 2933 quem
1608 2859 1672 2910 nos
1688 2839 1787 2909 etiam
1803 2857 1977 2930 speramus
2003 2839 2110 2910 nlise-

743 2955 922 3028 ricordiam
938 2957 1110 3047 consequi,
1137 2964 1172 3027 et
1197 2957 1428 3029 remissionem
1447 2963 1660 3050 peccatorum
1682 2962 1821 3050 propter
1847 2975 1934 3044 eum,
1961 2961 1996 3023 et
2014 2951 2110 3024 nobis

744 3082 780 3144 et
804 3075 896 3169 ipsis.

848 3187 1008 3281 Populus.
1062 3188 1215 3275 Quietem
1240 3195 1376 3283 praesta
1404 3197 1438 3259 et
1463 3189 1595 3260 veniam
1622 3185 1781 3259 concede.

848 3303 1033 3376 Sacerdos.
1085 3303 1255 3396 Extingue
1281 3304 1424 3378 Domine
1456 3315 1490 3376 et
1521 3307 1703 3398 comprime
1734 3305 1909 3398 passiones
1944 3308 2110 3395 pcccato-

744 3443 836 3508 rum,
863 3445 949 3516 quae
973 3423 1160 3495 voluntarie
1187 3432 1243 3493 sut
1268 3421 1489 3495 involuntarie
1503 3443 1618 3496 coram
1633 3431 1667 3491 te
1686 3422 1923 3504 commisimus,
1950 3426 1983 3487 et
2005 3413 2111 3486 deduc

744 3559 808 3611 nos
835 3550 868 3611 ot
895 3537 1069 3610 defunctos
1095 3546 1251 3624 nostros,
1284 3540 1317 3607 in
1350 3559 1489 3630 regnum
1524 3549 1612 3609 tuum
1648 3535 1816 3621 coeleste,
1849 3543 1884 3604 ut
1916 3536 1950 3603 in
1980 3528 2045 3603 boc
2078 3531 2111 3599 in

746 3655 919 3744 omnibus,
947 3664 981 3725 et
1006 3653 1048 3726 ab
1077 3651 1228 3725 omnibns
1255 3651 1406 3726 laudetur
1432 3666 1466 3727 et
1490 3653 1668 3726 extollatur
1693 3673 1813 3723 nornen
1845 3660 1933 3722 tuum
1967 3644 2111 3720 benedi-

745 3779 851 3860 ctum,
877 3793 941 3841 nec
966 3791 1034 3842 non
1059 3769 1193 3841 Domini
1219 3772 1324 3842 nostri
1349 3769 1432 3844 lesu
1459 3768 1599 3861 Christi,
1625 3779 1660 3841 et
1685 3768 1826 3864 Spiritus
1853 3769 1900 3838 tui
1928 3766 2045 3839 sancti.

847 3885 1008 3979 Papulas.
1060 3885 1113 3958 Ut

847 4001 1032 4073 Sacerdos.
1084 4003 1159 4074 Pax
1184 4001 1367 4074 vobiscum.
1445 4085 1450 4090 ¹

848 4118 1010 4211 Populos.
1061 4115 1105 4189 ltu
1131 4140 1206 4189 cum
1232 4121 1346 4213 spiritu
1372 4127 1438 4189 tuo.

847 4233 1030 4307 Sacerdos.
1083 4232 1333 4307 Misericordiae
1359 4235 1424 4306 Dei
1449 4236 1525 4307 sint.

849 4350 1008 4444 Populus.
1061 4347 1206 4422 Etcum
1232 4354 1347 4447 spiritu
1373 4362 1438 4422 tuo.

848 4468 1037 4540 Diaconos.
1089 4466 1210 4539 lterum
1238 4477 1336 4561 atque
1363 4469 1489 4538 iterum.

771 4674 946 4748 Sacerdos
974 4677 1108 4770 sranpit
1141 4679 1180 4782 et!
1207 4676 1320 4766 sipost
1361 4672 1525 4744 Oblatarn.
1577 4674 1664 4745 Mac
1694 4673 1779 4744 dicit
1813 4671 2009 4740 Orationem
2042 4668 2089 4738 ad

1302 4790 1404 4862 Pater
1430 4799 1555 4863 noster.

849 4948 942 5019 Deus
968 4947 1069 5018 Pater
1095 4954 1210 5018 sancte
1238 4947 1291 5039 qui
1317 4943 1445 5017 habitos
1471 4941 1578 5016 lucem
1605 4941 1889 5031 inaccessibilem,
1922 4942 1975 5011 cui
2009 4942 2112 5010 mini-

746 5074 852 5138 strant
884 5065 1022 5158 Angeli:
1062 5060 1182 5134 munda
1218 5059 1252 5135 et
1286 5059 1454 5135 sanctifica
1487 5059 1590 5132 corda
1622 5067 1757 5152 nosne,
1796 5067 1832 5130 ut
1865 5057 2113 5153 pronuntiemus
