4728 6028
650 581 704 658 ΙΝ
735 578 1028 658 LITURCIAS
1061 577 1342 657 stultulus.
1632 583 1682 656 ut

318 763 384 826 aliis
405 761 605 846 dignioribus,
628 765 678 845 qui
700 783 735 828 se
757 765 886 827 invicem
908 762 1096 826 osculantur:
1120 782 1191 827 mox
1212 763 1387 842 Diaconum,
1411 763 1462 844 qui
1482 763 1607 847 reliquis
1620 766 1684 830 Or·-

319 862 395 926 diuis
422 860 629 925 ttcctestmtici
663 863 714 926 dat
742 881 865 944 pacem,
894 880 913 925 a
942 861 1049 942 quibus
1077 862 1160 926 Laici
1188 862 1268 925 illam
1296 863 1452 943 accipiunt.
1498 862 1624 928 Causam
1652 875 1683 930 et

318 960 556 1045 significationes
577 961 657 1024 illius
679 962 804 1026 instituti
826 961 958 1043 exphcat
978 960 1141 1042 Dionysius
1162 960 1308 1025 barsalihi
1329 961 1360 1024 in
1383 961 1620 1043 Commentario,
1650 972 1683 1028 ut

317 1061 368 1124 alii
388 1059 507 1122 Rituum
527 1060 738 1141 expositores,
761 1079 887 1144 quorum
910 1059 1016 1124 cadem
1037 1067 1084 1122 est
1107 1059 1312 1124 cumGraecis
1335 1068 1366 1123 et
1383 1062 1495 1126 Latinis
1518 1063 1683 1140 sententia3

317 1157 435 1222 scilicet
463 1165 496 1221 ut
525 1160 704 1224 excludatur
733 1161 834 1225 odium
862 1161 1008 1224 adversus
1034 1158 1162 1239 iratres,
1191 1153 1386 1244 memoracula
1415 1162 1481 1224 sive
1508 1162 1683 1244 injuriarum

318 1259 471 1337 memoria,
493 1258 680 1340 hypocrisis,
708 1259 804 1341 qualis
826 1258 922 1322 dudae
946 1258 1095 1323 Christum
1118 1259 1223 1323 osculo
1245 1259 1402 1340 prodentis
1423 1259 1494 1337 suit,
1517 1269 1548 1324 et
1570 1263 1682 1326 similes
1704 1295 1715 1320 .

319 1355 456 1438 allectus,
478 1358 530 1438 qui
553 1376 619 1421 cum
642 1357 810 1422 Christiana
833 1358 957 1422 caritate
979 1359 1145 1422 subsistere
1167 1375 1228 1421 non
1250 1366 1387 1439 possunt.

748 1619 886 1692 Caritas
911 1621 981 1692 Dei
1006 1621 1137 1707 Patria,
1165 1625 1229 1690 etc.
1727 1635 1764 1693 tt.
1781 1637 1798 1691 t
1814 1638 1859 1691 ae.

417 1829 570 1908 Socrams
600 1848 647 1903 est
675 1840 752 1904 haec
775 1837 854 1922 apud
883 1838 1052 1903 Orientales
1081 1839 1270 1916 benedictio,
1301 1840 1386 1923 cujus
1418 1840 1622 1922 antiquitatem
1650 1843 1682 1905 in
1746 1844 1894 1900 senectuto
1920 1847 2001 1914 prima

317 1943 453 2029 liturgia
487 1945 629 2026 Syriaca,
665 1941 821 2007 confirmat
853 1943 948 2024 Syrus
983 1943 1192 2007 'lheodoretus
1225 1943 1256 2006 in
1288 1942 1424 2025 Epistola
1461 1943 1498 2006 ad
1534 1944 1741 2010 Jonnneml’ir
1754 1931 2001 2032 cunonemcaeua·

319 2043 533 2122 Oeconomum,
556 2041 659 2106 dicens
682 2043 777 2106 simul:
801 2043 884 2104 ittam
900 2061 966 2105 erae
980 2044 1102 2104 diemde
1115 2041 1273 2122 Liturpioe
1284 2041 1485 2107 Prooemium.
1508 2044 1540 2108 ln
1565 2046 1682 2110 Graeca
1693 2017 1716 2069 Ρ
1716 2027 1778 2071 Μ
1795 2029 1839 2072 ’κ’

318 2143 434 2208 iacobi.
476 2130 521 2203 Ἡ
542 2127 653 2225 οἷγοίπη
680 2137 742 2206 τοῦ
768 2136 883 2227 κυρίου
909 2135 966 2204 καί
991 2131 1126 2226 πατρός,
1155 2127 1292 2225 viguiero
1316 2139 1376 2202 τοῦ
1402 2135 1478 2206 υἱοῦ
1504 2140 1558 2207 καί
1585 2142 1681 2222 Θεοῦ,

317 2237 372 2304 aci
394 2231 415 2326 ἡ
436 2234 587 2303 κοινωνία
608 2235 664 2302 καί
686 2229 707 2325 ἡ
729 2229 835 2324 δωρεὰ
855 2235 917 2304 τοῦ
938 2228 1035 2320 ἁγίου
1047 2226 1233 2317 πνεύματος
1254 2225 1303 2321 rip
1324 2227 1409 2317 perd
1431 2232 1560 2306 πάντων
1581 2235 1681 2329 ἡμῶν.

320 2339 586 2404 Cadmeumue·
606 2348 637 2402 ct
654 2342 762 2420 putria,
785 2339 893 2402 Gratia
913 2340 970 2418 fito·
990 2348 1021 2401 et
1029 2337 1097 2415 Dei,
1119 2347 1150 2400 ct
1169 2340 1399 2402 communicatio
1420 2341 1587 2424 domumque
1608 2344 1683 2424 Spi-

317 2443 393 2514 ritus
414 2442 514 2504 amicti
534 2441 575 2502 ait
595 2457 661 2502 cum
684 2438 820 2500 omudru
841 2438 937 2501 modu.
988 2436 1020 2500 ln
1051 2437 1164 2501 Codice
1193 2437 1369 2500 Florentino
1396 2440 1437 2500 ita
1465 2438 1577 2524 legitur
1605 2442 1682 2505 haec

317 2536 453 2603 formula.
499 2537 622 2601 Coritoa
642 2538 702 2600 Dei
722 2545 752 2599 et
771 2537 894 2599 Putria:
921 2545 951 2598 ct
970 2537 1074 2618 gratio
1095 2537 1240 2617 uuipcua'ti
1257 2538 1315 2618 filii
1334 2537 1458 2600 Domini
1477 2539 1537 2603 Dei
1557 2550 1587 2605 et
1607 2542 1682 2604 Sci·

317 2640 434 2700 catortr
453 2620 552 2700 nostri
571 2635 646 2698 Jesu
668 2633 792 2712 Christi,
814 2642 844 2698 et
863 2621 1093 2697 commuuicutrb
1112 2634 1244 2714 Spiritus
1254 2638 1374 2712 cuncti,
1396 2637 1438 2698 ait
1458 2655 1525 2700 mam
1546 2640 1683 2702 omnihus

317 2737 412 2801 οοοίο.
456 2734 630 2816 Respondet
651 2733 794 2816 populus,
815 2733 944 2796 Etcum
964 2731 1079 2812 Spim'tu
1100 2740 1160 2794 tuo.
1204 2732 1253 2796 Ad
1280 2733 1359 2798 hunc
1382 2735 1480 2798 locum
1508 2736 1550 2798 ita
1576 2736 1682 2799 scribit

317 2833 470 2898 Bursalihi.
514 2833 587 2896 Cum
609 2835 684 2896 dicit
704 2833 867 2911 Sacerdos,
891 2830 1007 2894 Caritas
1029 2832 1136 2910 Patris,
1161 2833 1311 2913 riprrificot
1338 2836 1418 2915 quod
1439 2834 1522 2896 Deua
1544 2853 1585 2896 ee
1602 2853 1682 2914 puro

228 2939 236 2959 ⁶
317 2951 431 3008 mucre,
451 2933 545 3012 fitium
565 2951 652 2994 auum
669 2951 727 3011 pro
748 2932 836 2994 nohis
856 2933 949 2994 morti
968 2932 1139 3007 dediderit,
1160 2940 1194 2994 ut
1211 2935 1257 2995 cit
1276 2932 1399 2998 Pcutru.
1445 2932 1546 2996 Gratia
1569 2935 1682 3016 unige-

316 3033 368 3094 niti
390 3031 467 3110 llilii,
490 3031 640 3110 siginificat
660 3031 741 3111 quod
760 3032 825 3109 apro
843 3031 935 3111 tiliam,
955 3031 1059 3111 pretio
1080 3049 1138 3092 maa
1160 3038 1190 3092 ct
1219 3032 1382 3111 uoluntate,
1402 3035 1537 3113 portooit
1556 3041 1683 3096 mortem

314 3147 372 3211 pro
394 3129 531 3192 ornaihua
551 3129 729 3203 dendroides,
751 3129 912 3209 codmupuc
931 3131 1034 3208 protis
1052 3127 1129 3208 fecit
1148 3147 1205 3191 mor
1226 3148 1293 3192 erae
1312 3132 1392 3210 tilica
1412 3131 1516 3193 Patris
1538 3134 1594 3196 mci.
1617 3131 1683 3194 lrtc

316 3237 416 3292 cutem
437 3228 664 3292 communicatio
687 3235 718 3290 ct
739 3226 862 3307 illapsus
886 3226 1015 3307 Spiritus
1043 3228 1154 3306 sancti,
1183 3230 1323 3309 demerim
1348 3230 1429 3310 praed
1455 3249 1514 3310 per
1541 3231 1682 3311 ίίίορεουι

316 3327 447 3408 spir-ihu
468 3329 568 3389 remoti
590 3327 785 3407 perficiamur
811 3326 976 3406 sacrificia,
998 3332 1029 3386 et
1053 3325 1220 3388 obictimrec
1248 3327 1460 3408 accipiuntur.
1504 3327 1607 3409 ltaque
1637 3348 1678 3392 ex

316 3427 380 3492 istis
402 3427 480 3490 illius
502 3425 604 3489 verbis
626 3433 761 3509 apparet,
785 3425 899 3506 legisse
925 3423 1006 3486 illum
1035 3424 1112 3486 haec
1140 3425 1252 3504 verba,
1286 3427 1374 3490 aliter
1402 3443 1491 3507 quam
1519 3427 1550 3489 in
1578 3426 1679 3490 multis

317 3526 470 3590 codicibus
492 3525 644 3608 leguntur.
689 3524 722 3586 ln
742 3523 848 3587 iacobi
876 3523 1012 3604 Liturgia
1037 3522 1187 3601 breviori,
1218 3542 1307 3606 quam
1333 3525 1482 3588 ordinavit
1512 3525 1679 3610 Gregorius

317 3625 498 3704 Catholicus,
521 3623 678 3688 observari
699 3639 760 3686 non
773 3629 876 3704 potest
897 3624 924 3685 si
947 3640 1007 3702 qua
1028 3619 1118 3684 luerit
1139 3623 1276 3686 lectionis
1299 3623 1470 3704 diversitas,
1494 3644 1561 3689 cum
1584 3627 1680 3709 prima

317 3731 428 3788 tanturn
449 3743 511 3788 vox
534 3722 666 3800 witer,
695 3721 897 3801 adscribatur,
927 3719 1007 3802 quod
1036 3720 1171 3785 videmus
1202 3737 1323 3804 quoque
1349 3723 1458 3786 lacuum
1485 3727 1516 3788 in
1546 3725 1680 3806 Syriacis
1752 3795 1756 3802 ,

315 3823 460 3909 liturgiis
482 3839 578 3905 prope
601 3821 748 3886 omnibus.

401 3924 434 3986 ln
454 3922 592 4004 hiturgia
612 3921 763 3996 Nestorii,
796 3936 873 4000 quae
895 3919 985 3982 tertia
1006 3925 1053 3982 est
1080 3936 1184 3982 earum
1213 3920 1320 4001 quibus
1349 3921 1520 3985 Nestoriani
1545 3929 1679 4003 utuntur,

316 4019 390 4084 haec
413 4021 583 4085 benedictio
605 4017 651 4082 bis
672 4017 775 4082 verbis
799 4025 947 4099 concepta
970 4025 1025 4080 est
1067 4019 1178 4082 Gratia
1199 4019 1323 4082 Domini
1342 4025 1439 4085 morbi
1458 4022 1533 4085 Jeau
1556 4021 1680 4100 Christi,
1785 4035 1788 4051 ¹

315 4129 345 4183 ct
366 4121 483 4184 cor-itus
503 4120 563 4183 Dei
582 4120 701 4198 Putria,
724 4125 754 4180 et
774 4119 1005 4180 conmunicatio
1021 4117 1153 4198 Spiritu
1166 4121 1337 4198 conciuit
1353 4122 1577 4199 cumcoruihua,
1599 4139 1681 4186 murro

315 4227 345 4282 at
364 4237 483 4300 semiper
504 4229 535 4283 ct
554 4221 586 4281 ira
606 4217 730 4281 auecuiu
751 4217 947 4279 mertuorum.
991 4215 1273 4299 despondeturque.
1306 4219 1410 4282 Amet.
1453 4220 1568 4283 Eodem
1589 4222 1679 4285 modo

315 4315 429 4400 legitur
454 4319 485 4381 in
514 4317 657 4402 liturgiis
685 4314 810 4378 Crcecis
839 4314 941 4376 Basili
970 4323 1001 4377 et
1038 4313 1262 4398 chrysostomi:
1294 4325 1384 4400 atque
1412 4319 1443 4381 id
1471 4318 1578 4382 iactum
1609 4339 1680 4386 esse

315 4417 478 4482 verisimile
500 4425 557 4497 est,
580 4418 648 4498 quia
672 4413 931 4494 Constantinopoli
961 4423 1133 4496 usurpatam
1155 4415 1329 4499 liturgiam,
1351 4417 1450 4481 multis
1472 4420 1503 4480 in
1525 4419 1601 4484 locis
1624 4439 1680 4486 se-

316 4519 376 4581 cuti
398 4525 468 4580 sunt
490 4516 627 4599 discipuli
648 4515 791 4592 Nestorii,
814 4513 865 4593 qui
888 4511 1067 4576 Cathedram
1097 4515 1177 4577 illam
1206 4523 1352 4579 tenuerat
1395 4518 1562 4582 Discrimen
1583 4537 1678 4600 porro

317 4632 377 4679 non
399 4617 517 4682 videtur
537 4616 680 4680 momenti
701 4614 838 4696 alicujus,
862 4629 920 4675 nec
940 4611 1047 4694 inipsa
1059 4612 1165 4692 iorma,
1188 4631 1246 4678 nec
1257 4616 1287 4676 in
1302 4597 1502 4697 responsione
1511 4615 1571 4682 rod
1583 4619 1679 4684 Amen

315 4733 393 4796 puae
415 4716 603 4780 Nestorianis
624 4717 749 4797 propria
767 4721 823 4776 est.
868 4711 976 4774 Graeci
999 4715 1077 4776 enim
1100 4720 1131 4776 et
1153 4711 1291 4795 Coptitao
1313 4714 1424 4780 dicunt.
1461 4715 1503 4778 Et
1522 4737 1590 4780 carm
1610 4721 1679 4800 rpi-

314 4816 376 4878 rita
396 4822 458 4879 uro.
501 4813 690 4898 Responderi
711 4812 817 4888 Amen,
838 4828 900 4874 non
927 4809 1036 4891 probat
1056 4811 1211 4892 dormibi,
1230 4817 1423 4894 praesertim,
1445 4815 1555 4899 inquit,
1585 4819 1616 4882 ai
1636 4820 1680 4882 od

313 4915 448 4994 mugnus
465 4922 572 4995 portes
592 4917 809 4995 inciperetur,
830 4917 865 4973 at
885 4909 999 4972 macr·
1016 4913 1086 4992 fieri
1105 4912 1229 4976 aolebot.
1272 4912 1364 4978 Addit
1387 4934 1456 4980 esse
1477 4917 1593 4999 aliquos
1617 4919 1677 4983 Sa-

315 5013 456 5077 cerdotes
478 5015 528 5096 qui
551 5013 691 5096 adjiciant
720 5009 795 5076 haec
816 5009 928 5089 rerba,
961 5008 1110 5092 lleiqmriti
1132 5013 1190 5094 filii
1215 5013 1275 5075 liei
1300 5017 1419 5096 magni,
1448 5025 1478 5078 et
1504 5016 1677 5080 &merome

1388 5129 1470 5206 13*
