4784 6040
584 638 696 717 nnan
722 621 856 717 ancon
882 639 1119 718 nummus
1146 635 1316 716 nissen
1340 637 1529 716 noussen.
1663 637 1739 712 aro

378 837 411 900 et
437 828 607 900 caritatem
632 849 759 915 voram,
786 837 904 900 statum
931 827 1114 922 aequalem,
1140 848 1208 898 non
1235 829 1439 898 accusationi
1461 823 1654 915 obnoxium,
1681 825 1743 897 sed

378 944 579 1016 modestum:
615 941 784 1016 effundens
811 967 911 1039 snper
937 965 999 1016 nos
1024 965 1086 1038 per
1112 942 1372 1014 misericordiam
1399 951 1488 1013 tuam
1515 925 1625 1013 omnia
1651 940 1742 1013 bona

379 1057 596 1145 abnndantia,
629 1081 691 1154 per
725 1057 973 1131 benedictiones
1011 1069 1083 1130 tuas
1118 1057 1359 1130 indeficientes:
1393 1079 1560 1131 conserva
1601 1077 1662 1128 eos
1699 1054 1741 1128 ab

379 1174 529 1246 omnibns
558 1179 736 1266 angustiis;
763 1167 904 1270 prote'ge
931 1175 1007 1246 illos
1035 1174 1075 1247 ab
1104 1173 1254 1247 omnibus
1283 1172 1529 1262 offensionibus,
1557 1181 1591 1244 et
1607 1182 1742 1268 praesta

377 1289 442 1361 illis
468 1301 504 1363 ut
528 1289 701 1386 perficiant
727 1296 835 1363 omnia
862 1291 995 1362 dextra:
1031 1289 1202 1384 dedncque
1228 1311 1291 1362 nos
1318 1312 1433 1362 omnes
1462 1287 1626 1361 adfinem
1653 1286 1742 1358 illum

377 1403 518 1496 bonum,
546 1409 601 1500 qui
627 1411 810 1502 promissus
837 1417 890 1479 est
916 1406 1066 1479 omnibns
1093 1409 1156 1502 piis
1184 1417 1217 1478 et
1240 1408 1355 1497 justis,
1389 1416 1423 1478 et
1448 1406 1512 1478 illis
1540 1407 1594 1500 qni
1620 1403 1743 1474 fuciunt

377 1521 582 1595 voluntatem
609 1532 708 1595 tuam
746 1523 798 1595 'lu
826 1526 976 1596 enimes
1004 1520 1095 1594 solus
1111 1522 1233 1594 Pastor
1251 1521 1369 1610 bonus,
1398 1533 1430 1595 ot
1451 1524 1572 1594 veniae
1589 1520 1742 1612 largitor,

380 1639 436 1732 qui
460 1638 648 1710 voluntarie
674 1638 834 1711 tradidisti
861 1650 893 1710 te
920 1641 1041 1732 ipsum,
1071 1647 1104 1708 et
1129 1637 1277 1711 liberasti
1302 1641 1428 1711 animas
1454 1637 1598 1736 perditus
1624 1647 1658 1708 et
1684 1635 1742 1708 tibi

378 1752 519 1844 gloriam
546 1754 733 1845 referimus,
760 1765 793 1827 et
808 1755 898 1827 Patri
926 1764 994 1843 tue,
1022 1755 1074 1848 qui
1101 1753 1198 1826 bonis
1224 1753 1436 1850 petitionibus
1457 1757 1580 1845 annuit,
1608 1763 1642 1825 et
1656 1751 1740 1849 Spi-

378 1871 453 1940 ritni
481 1881 596 1944 sancto
624 1881 679 1946 tuo
707 1874 762 1966 qui
789 1868 938 1942 vivificat
964 1879 1152 1959 creaturas,
1179 1893 1280 1964 nnnc,
1307 1880 1371 1944 etc.

377 2015 380 2023 ⁴
482 1985 642 2079 Papulas.
695 1989 814 2060 Amen.

481 2104 669 2174 Diaconos.
721 2103 868 2174 Benedic
894 2103 1046 2184 Domine.

377 2225 379 2232 ⁴
479 2218 663 2292 Sacerdos.
716 2217 861 2292 Benedic
889 2215 1057 2308 omnibns,
1085 2228 1148 2290 eto.

745 2573 1378 2625 &wat——

559 3036 616 3128 IN
646 3035 972 3128 ttionemn
1001 3033 1217 3130 innoti
1258 3031 1544 3128 inassati

863 3259 866 3266 '
969 3259 1143 3344 tortu.

741 3561 775 3634 1.
822 3560 948 3632 Jacobr'
973 3560 1178 3654 Interpretis
1203 3559 1378 3632 Edesseai.

474 3754 589 3834 Nom
617 3764 695 3828 illius
725 3767 802 3829 inter
829 3764 982 3828 lacebitas
1011 3763 1238 3828 celeberrimum
1265 3771 1328 3843 est,
1358 3771 1389 3826 et
1422 3764 1500 3826 inter
1530 3770 1631 3826 sectae
1661 3762 1739 3826 itlius

379 3871 517 3934 doctores
545 3885 605 3930 non
633 3867 750 3930 minima
779 3876 826 3930 est
848 3869 942 3949 ipsius
965 3866 1093 3950 dignitus
1116 3875 1146 3930 et
1168 3868 1321 3931 autoritas.
1368 3867 1499 3929 Vocatur
1522 3873 1620 3928 autem
1642 3866 1739 3928 inter-

378 3989 460 4051 pres,
483 3969 551 4050 qnia
573 3967 674 4030 varios
697 3969 726 4030 in
748 3984 866 4031 sacram
889 3965 1073 4047 Scripturam
1088 3967 1317 4030 commentarios
1341 3967 1472 4047 scripsit,
1496 3985 1535 4028 ex
1558 3964 1664 4045 quibus
1687 3973 1737 4027 tc-

378 4066 515 4140 stimonia
538 4067 649 4148 passim
670 4066 843 4130 referuntur
870 4068 900 4129 in
923 4064 1043 4128 Catenis
1067 4064 1198 4148 Syriacis
1221 4074 1251 4129 et
1272 4065 1420 4128 Arabicis.
1464 4063 1605 4146 Ejusdem
1627 4063 1738 4126 mentio

378 4167 410 4230 lit
433 4185 450 4229 a
473 4165 622 4249 Gregorio
645 4164 856 4250 Abuliaragio,
879 4174 939 4228 turn
962 4166 992 4226 in
1013 4164 1144 4228 Historia
1164 4165 1386 4246 Dynastiarnm
1409 4171 1470 4226 tum
1493 4165 1524 4226 iu
1546 4162 1610 4226 aliis
1633 4164 1739 4242 operi-

378 4265 450 4330 bus:
478 4273 512 4327 nt
539 4266 626 4328 etiam
653 4284 671 4327 a
697 4265 783 4328 Mose
813 4263 969 4345 Barcepba
996 4266 1026 4326 in
1049 4265 1191 4328 'tractatu
1220 4262 1258 4325 de
1280 4262 1422 4326 Pamdiso
1445 4271 1476 4325 et
1498 4262 1739 4343 expositionem

381 4365 600 4428 llexeemeron.
644 4363 756 4427 Extant
786 4382 906 4445 quoqne
935 4365 1018 4426 varia
1045 4364 1111 4445 ejus
1141 4364 1180 4426 de
1201 4363 1274 4426 lure
1295 4361 1510 4424 Ecclesiastico
1532 4361 1687 4441 Responsa
1708 4362 1740 4425 in

378 4464 591 4528 Nomocanone
615 4463 758 4544 Syrorum
779 4464 997 4540 Jacobiturum,
1027 4463 1139 4525 tamin
1167 4461 1353 4526 Collectione
1375 4478 1452 4540 qnae
1474 4459 1629 4542 subjicitur
1659 4463 1738 4524 anti-

379 4563 521 4642 quissimo
545 4561 815 4626 Codiciblediceo:
838 4582 876 4625 ex
899 4563 1005 4643 quibus
1027 4579 1088 4624 non
1110 4578 1205 4643 panca
1228 4561 1273 4623 his
1295 4561 1326 4624 in
1348 4559 1426 4622 notis
1449 4557 1485 4620 ad
1507 4559 1657 4641 Litnrgias
1680 4559 1737 4623 de-

379 4662 553 4742 cerpsimus.
596 4661 643 4725 De
671 4662 722 4724 illo
751 4663 872 4743 scn'psit
903 4662 1027 4724 Faustus
1056 4661 1204 4723 Naironns
1226 4661 1257 4722 in
1278 4657 1405 4741 Evoplia
1427 4676 1500 4737 sua,
1523 4659 1577 4722 sed
1599 4678 1636 4722 ea
1659 4678 1737 4740 qnae
1809 4693 1821 4726 υ
1905 4713 1911 4728 ,

378 4759 519 4822 tenebras
542 4763 641 4840 potins
663 4760 816 4838 historiae,
840 4759 1034 4842 qnamlncom
1056 4759 1195 4822 inierant.
1222 4758 1361 4821 bitenim
1381 4765 1518 4821 vocatum
1540 4757 1621 4820 illum
1643 4757 1736 4822 inisse

378 4857 512 4936 Matiana
534 4859 711 4922 Doctorum:
738 4878 797 4923 non
825 4877 908 4924 vare.
954 4857 981 4921 ls
1009 4860 1119 4942 quippe
1147 4858 1248 4921 titulus
1276 4857 1418 4940 proprius
1447 4865 1493 4920 est
1514 4858 1601 4921 alteri
1621 4858 1737 4923 locabo

378 4954 561 5021 Botnanensi
584 4967 614 5022 et
627 4959 793 5043 Serugensi
804 4959 969 5041 Episcopo,
993 4957 1102 5040 dequo
1114 4959 1242 5021 diximus
1254 4957 1550 5042 adejusLiturgiam.
1575 4957 1738 5038 Utmmque

378 5054 502 5118 saeculo
520 5059 647 5138 septimo
669 5059 783 5121 vixisse
806 5057 921 5135 scribit,
943 5065 974 5121 et
996 5058 1194 5137 nibilominus,
1216 5059 1324 5140 iuquit:
1349 5056 1521 5121 Orrbodoei
1536 5077 1556 5118 a
1569 5058 1740 5120 autmmbus

379 5151 543 5218 Catholicis
554 5154 757 5220 Orimtalibm
777 5165 964 5238 reputantur,
986 5177 1053 5222 cum
1074 5161 1106 5224 ia
1128 5179 1231 5224 eonem
1252 5161 1375 5242 scriptis
1387 5179 1464 5242 pane
1476 5156 1739 5237 arcumsmmbtrs

417 5278 538 5324 tomustt
1483 5262 1528 5336 51
