4814 6060
623 667 802 745 runncn
827 647 972 744 renim
997 663 1260 743 rrrnnnouln
1286 663 1527 741 rnnroouuu.
1688 662 1762 734 aas

488 855 651 948 Popula.
706 855 828 926 Amen.

491 969 678 1042 Sacerdos.
733 969 816 1056 Quis
848 966 933 1040 udus
969 990 1015 1040 ex
1055 977 1126 1042 toto
1160 975 1299 1040 naturae
1331 965 1503 1040 rationalis
1540 976 1574 1036 et
1608 975 1764 1037 terrenae

387 1107 515 1180 genere
540 1090 648 1182 possit
674 1083 968 1181 comprehendere,
996 1093 1053 1155 ant
1078 1105 1218 1156 narrare
1245 1082 1350 1156 ellusa
1376 1079 1541 1154 beneficia
1567 1089 1623 1154 tua
1651 1085 1765 1152 omni-

386 1204 450 1277 bus
478 1212 610 1278 secreta
637 1211 671 1274 et
697 1199 905 1290 abscondita,
931 1199 1101 1273 Domine?
1129 1201 1184 1293 qui
1211 1198 1425 1290 cumindigni
1452 1221 1616 1285 essemus,
1644 1197 1763 1289 dignos

386 1318 498 1394 fecisti
530 1339 613 1408 nos,
645 1328 679 1390 et
712 1339 758 1390 ex
788 1314 889 1388 nihilo
923 1315 966 1388 ad
993 1313 1204 1388 existendum
1230 1313 1413 1387 adduxisti:
1446 1316 1502 1410 qui
1535 1337 1599 1388 nos
1629 1337 1648 1385 e
1675 1324 1764 1389 statu

387 1434 499 1506 infimo
538 1434 582 1506 ad
618 1431 791 1506 excelsam
826 1431 1020 1524 dignitatem
1046 1431 1202 1503 extulisti.
1256 1431 1403 1502 Petimus
1430 1454 1450 1502 a
1476 1440 1510 1504 te
1536 1431 1697 1520 Domine,
1729 1439 1767 1502 ut

388 1548 561 1622 instabiles
587 1549 795 1644 voluptates,
823 1550 964 1618 animum
998 1556 1210 1634 assuentes,
1246 1556 1281 1617 et
1314 1545 1528 1620 interioribus
1571 1546 1672 1618 rebus
1705 1567 1767 1641 per

352 1761 357 1766 ·
389 1664 694 1760 concupiscentiam
729 1663 922 1755 affigentes,
955 1686 975 1734 a
1008 1663 1106 1735 nohis
1140 1661 1258 1756 procul
1292 1661 1419 1751 lacias;
1457 1662 1547 1734 bona
1581 1683 1667 1734 vero
1704 1683 1765 1734 seu

384 1781 577 1876 voluptates
605 1778 743 1854 stabiles
772 1773 958 1874 divinisque
985 1779 1172 1875 proximus,
1190 1781 1411 1874 supernisque
1437 1776 1540 1852 rebus
1568 1777 1700 1870 dignas,
1728 1786 1762 1848 ct

389 1917 475 1990 quae
502 1916 635 1972 sursum
662 1893 796 1987 affigant
829 1899 989 1984 animum,
1016 1895 1115 1967 nobis
1148 1892 1303 1985 adjicias:
1331 1905 1430 1989 atque
1456 1902 1492 1966 ut
1518 1893 1609 1985 digni
1636 1891 1769 1964 efficia--

385 2033 459 2083 mur
494 2011 655 2103 conjungi
686 2019 721 2082 ct
752 2012 838 2082 uniri
867 2031 930 2105 per
961 2018 1173 2084 sacramenta
1209 2019 1326 2082 sancta
1359 2020 1393 2081 et
1433 2009 1572 2098 deilica,
1613 2007 1765 2080 coetibus

388 2148 517 2216 eornm,
543 2125 602 2198 tibi
629 2124 798 2198 offerimus
825 2125 1040 2214 sacrificium
1076 2136 1109 2198 et
1143 2123 1329 2200 referemus
1360 2125 1419 2198 tibi
1451 2126 1592 2217 gloriam
1626 2132 1660 2194 et
1686 2122 1765 2196 lan-

390 2241 478 2333 dem,
504 2244 743 2335 unigenitoque
768 2240 854 2314 Fdio
882 2251 952 2330 tuo,
978 2251 1013 2314 et
1039 2239 1175 2338 Spiritui
1202 2243 1412 2316 sanctissimo
1439 2249 1507 2314 tuo.

489 2357 653 2450 Populus.
704 2357 826 2430 Amen.

493 2471 682 2544 Diaconos.
735 2470 869 2544 Stemus
896 2470 1066 2542 decenter.

493 2587 656 2680 Populos.
710 2585 965 2660 Misericordiae
991 2586 1069 2676 Dei,
1096 2596 1161 2659 etc.

493 2702 679 2776 Sacerdos.
732 2700 864 2776 Caritas
890 2703 956 2775 Dei
982 2702 1102 2790 Patris,
1130 2713 1193 2778 etc.

493 2819 656 2913 Populus.
709 2817 854 2891 Etcum
882 2821 998 2914 spiritu
1025 2828 1092 2891 tuo.

494 2933 680 3006 Socerdm.
734 2933 875 3008 Sursum
900 2933 1014 3005 corda.

494 3049 658 3142 Populus.
709 3047 882 3124 Habemus
909 3047 952 3120 ad
978 3049 1165 3121 Dominum.

497 3164 683 3237 Sacerdos.
738 3164 872 3240 Gratias
898 3187 1037 3258 agamus
1064 3165 1150 3238 Deo.

496 3280 658 3374 Populus.
713 3283 858 3374 Dignum
884 3291 918 3354 ct
941 3283 1064 3374 justum
1092 3291 1154 3352 est
1641 3367 1644 3375 1

498 3396 674 3470 Sacerdos
700 3397 892 3470 inclinatus.
945 3396 997 3468 Te
1023 3395 1122 3468 decet
1147 3394 1237 3484 laus,
1271 3405 1304 3466 te
1330 3394 1428 3468 decet
1453 3396 1637 3487 gratiarum
1664 3399 1768 3484 actio,

394 3520 429 3586 et
453 3511 513 3584 tibi
539 3511 680 3587 debetur
705 3513 855 3586 adoratio
883 3510 926 3586 ab
954 3509 1106 3585 cuntibus
1134 3509 1321 3604 agminibus
1348 3509 1573 3600 coelestibus,
1608 3521 1642 3584 et
1669 3511 1768 3583 ordi-

394 3625 491 3700 nibus
518 3629 751 3718 terrestribus,
784 3632 892 3724 iisqne
924 3625 1078 3702 omnibus
1105 3649 1191 3722 qnae
1226 3629 1371 3700 essentia
1402 3637 1459 3700 tna
1491 3633 1638 3721 creavit;
1666 3651 1769 3702 sensu

393 3743 542 3838 praedita
569 3744 627 3818 vel
654 3746 825 3834 carentia,
853 3754 888 3817 et
915 3766 1002 3840 quae
1034 3745 1120 3816 inter
1151 3754 1325 3840 utrumque
1350 3765 1475 3835 genus,
1503 3765 1590 3839 quae
1617 3745 1659 3816 ad
1686 3747 1769 3816 exi-

395 3859 548 3958 stendum
574 3859 780 3955 produxisti:
816 3863 892 3956 quia
919 3859 1153 3933 inlaudabilis
1189 3881 1227 3932 es
1259 3870 1292 3931 et
1327 3857 1538 3934 extollendus
1573 3882 1647 3932 cnm
1679 3859 1768 3932 Filio

395 3984 465 4064 tuo,
492 3985 527 4046 et
552 3975 677 4069 Spiritu
702 3985 759 4046 tuo
787 3984 914 4049 sancto.

499 4089 651 4162 Elecuna
676 4112 803 4164 ccccm.
855 4091 908 4163 Tu
934 4092 1022 4164 eninr
1049 4112 1087 4164 es
1114 4091 1258 4164 Domine
1285 4091 1380 4182 eujus
1405 4089 1556 4162 laudibus
1575 4089 1666 4186 pleni
1693 4101 1770 4164 sunt

396 4204 482 4278 coeli
510 4215 545 4276 et
570 4216 673 4296 terra,
700 4216 734 4279 et
760 4209 871 4280 omnia
897 4229 983 4302 quae
1016 4209 1049 4278 in
1083 4210 1134 4279 eis
1161 4217 1254 4295 suut,
1288 4209 1343 4301 qui
1378 4217 1458 4278 nutu
1489 4215 1546 4278 tuo
1582 4229 1769 4280 conservas

395 4323 429 4390 in
454 4343 567 4392 rerum
592 4330 711 4394 natura
738 4321 869 4394 coelum
886 4332 919 4395 et
945 4330 1080 4411 terram,
1107 4345 1194 4418 quae
1221 4321 1386 4394 ordinavit
1400 4326 1559 4415 majestas
1586 4333 1654 4412 tua,
1669 4332 1769 4416 atque

397 4439 510 4509 statuit
535 4436 579 4508 ad
604 4437 748 4528 gloriam
775 4441 944 4512 essentiae
971 4448 1064 4512 tuae:
1092 4461 1178 4534 quae
1206 4441 1358 4534 quamvis
1385 4448 1501 4510 nauum
1534 4459 1594 4512 sua
1626 4448 1770 4526 mceant,

397 4549 563 4624 honorant
595 4563 704 4624 tamen
731 4563 783 4644 te;
815 4563 850 4626 et
880 4553 1061 4626 rationales
1096 4564 1273 4628 creaturae
1304 4551 1448 4627 vocibus
1482 4556 1550 4626 suis
1583 4552 1771 4645 glorilicant

398 4675 442 4738 te.
475 4665 489 4704 ²
519 4667 669 4741 Maxime
703 4690 789 4742 vero
821 4669 966 4761 Angeli,
1001 4671 1057 4764 qui
1091 4667 1167 4742 lnce
1199 4672 1402 4743 aeternitatis
1435 4677 1512 4742 tuae
1538 4667 1771 4757 illuminantur,

399 4781 619 4863 mediantibus
651 4784 875 4877 Arcbangclis
908 4783 966 4856 tibi
1000 4786 1192 4858 ministrant.
1245 4784 1451 4878 Archangeli
1490 4788 1546 4879 qni
1582 4809 1601 4856 n
1637 4782 1770 4874 fulgore

400 4900 569 4971 essentiae
608 4909 686 4972 tuae
729 4900 947 4984 mediantibus
986 4900 1228 4997 Principatibus
1269 4901 1490 4990 idustrantur,
1527 4900 1586 4973 tibi
1622 4899 1770 4992 jubdant.

398 5011 608 5110 Principatus
635 5019 691 5110 qui
716 5015 819 5087 radiis
847 5027 986 5088 naturae
1013 5026 1089 5088 tuae
1117 5016 1351 5108 absconditae,
1376 5015 1596 5089 mediantibus
1610 5017 1772 5088 Potesta-

400 5128 486 5202 tibns
520 5131 737 5222 irradiantur,
768 5142 803 5203 te
836 5131 1012 5205 honorant.
1066 5133 1256 5206 Potestates
1289 5157 1375 5230 quae
1408 5129 1540 5204 llamma
1573 5131 1771 5204 iordurdinis

1486 5249 1565 5324 69*
