4728 6028
599 580 651 658 IN
683 577 968 657 tinctoris
1002 575 1276 656 statuens.
1549 575 1622 652 113

256 770 349 828 utum
372 782 465 846 porro
489 770 537 828 est
557 769 622 828 toto
646 763 787 844 Oriente,
815 770 849 826 ut
871 759 1019 826 Sacerdos
1041 762 1201 827 celebrans
1229 761 1325 844 prima
1353 761 1448 844 uerba
1477 763 1622 826 orationis

255 863 421 928 dominicae
443 863 527 941 sola,
551 862 610 926 alta
632 881 712 928 voce
733 863 924 945 pronunciet,
947 862 1063 943 reliqua
1086 869 1206 925 secreto
1234 862 1313 943 apud
1342 879 1378 925 se
1400 862 1516 925 recitat.
1559 862 1623 925 Po·

253 963 342 1045 pulus
365 963 569 1045 prosequitur.
614 961 785 1041 Scimcdmm,
807 947 907 1043 inquit*
924 959 1079 1038 Barsahbi,
1102 961 1183 1042 meod
1194 959 1390 1023 Sacerdotem
1403 962 1503 1040 primo
1526 979 1623 1040 opor·-

253 1069 317 1124 teat
336 1063 469 1141 incipere
491 1063 659 1124 orationem
681 1062 879 1136 dominicam,
907 1061 997 1142 pacet
1016 1061 1148 1140 linmtcm
1176 1061 1316 1140 corporis
1344 1059 1520 1122 Ecclesiae:
1549 1079 1623 1122 mom

253 1180 322 1224 eom
343 1161 450 1242 reliqui
467 1161 572 1240 fideles
588 1169 819 1242 proaeqarmtrrr.
863 1160 980 1222 Dicitur
1001 1167 1101 1222 autem
1123 1160 1263 1242 syriace,
1294 1159 1428 1240 quamvis
1451 1158 1539 1240 plebs
1560 1159 1622 1222 lio-

253 1277 343 1342 guam
367 1275 428 1321 non
450 1258 609 1340 intelligat,
631 1266 665 1321 ut
687 1259 765 1340 apud
779 1257 950 1341 Aegyptios
969 1259 1082 1320 veteris
1104 1257 1226 1340 linguae
1249 1275 1345 1340 aeque
1368 1259 1532 1338 imperitos,
1557 1256 1621 1320 Co-

252 1359 344 1440 ptica.
396 1358 470 1420 Nam
498 1358 569 1421 licet
596 1358 726 1422 habeant
752 1359 911 1421 versiones
938 1357 1084 1420 Arabicas
1115 1357 1266 1420 Orationis
1294 1357 1480 1435 dominicae,
1511 1357 1619 1438 quibus

252 1459 391 1540 privatim
413 1458 457 1520 uti
478 1457 587 1536 solent,
610 1458 641 1520 ia
664 1457 774 1522 Oillciis
794 1456 924 1538 publicis
946 1455 1003 1519 illis
1025 1473 1087 1518 non
1109 1463 1247 1518 utuntur:
1269 1455 1374 1519 saltem
1396 1455 1510 1518 nullum
1528 1463 1619 1520 auto-

252 1574 317 1619 rem
339 1564 391 1619 aut
411 1555 519 1619 libmm
541 1555 688 1620 Ritualem
716 1555 860 1634 vidimus,
891 1555 960 1637 qui,
987 1562 1021 1616 nt
1047 1555 1078 1616 in
1105 1554 1284 1618 lectionibus
1314 1572 1421 1618 sacrae
1444 1553 1618 1636 scripturae

254 1654 440 1720 consuetudo
469 1662 533 1733 est,
565 1664 707 1738 utraque,
736 1654 857 1734 vulgari
886 1663 917 1717 et
947 1655 1066 1734 antiqua
1093 1653 1197 1737 lingua
1224 1655 1418 1734 pronunciari
1444 1653 1619 1717 Orationem

255 1753 441 1832 dominicam,
464 1755 552 1816 etiam
574 1753 704 1818 obscure
726 1751 884 1835 significet.
917 1752 1142 1832 Explicationes
1166 1753 1245 1816 illius
1267 1753 1374 1816 multas
1397 1755 1517 1832 habent,
1540 1772 1620 1836 qua-

253 1871 318 1915 rum
340 1850 418 1916 aliae
440 1851 644 1936 theologicae
665 1858 745 1930 sunt,
769 1850 847 1913 aliae
869 1850 907 1914 ad
928 1851 1027 1932 plebis
1049 1857 1168 1932 captum
1190 1852 1402 1933 simpliciores:
1425 1852 1481 1916 sed
1502 1854 1533 1916 iu
1554 1853 1617 1916 Ec-

253 1952 353 2016 clesiis
375 1971 437 2015 non
458 1950 610 2035 leguntur.

587 2316 767 2388 Diacouus.
819 2311 987 2385 lcclimclc
1013 2319 1132 2408 capito
1155 2321 1281 2387 oestro.

347 2539 472 2619 Parcas
494 2569 572 2634 quae
594 2551 730 2616 Orationi
752 2551 926 2615 Dominicae
948 2550 1155 2632 subjiciuntur,
1180 2551 1304 2615 Graecis
1328 2559 1469 2615 accurate
1485 2569 1618 2632 respon-

254 2655 340 2734 dent,
370 2663 613 2738 usurpantarque
636 2657 665 2718 in
689 2655 825 2718 omnibus
848 2655 1001 2738 Litargiis
1045 2655 1170 2719 Monitio
1191 2656 1317 2719 Diacoai
1340 2656 1378 2719 ad
1399 2653 1562 2737 populum,
1584 2662 1618 2719 ut

253 2758 350 2839 capita
373 2773 475 2820 coram
496 2755 562 2820 Deo
585 2755 739 2834 inclinent,
762 2755 910 2818 indicatur
932 2763 1043 2818 tanturn
1065 2774 1123 2837 per
1144 2755 1255 2836 primas
1276 2771 1387 2829 voces,
1416 2753 1446 2813 in
1469 2755 1535 2835 ipso
1558 2753 1618 2817 bi-

252 2857 371 2939 turgiac
394 2863 547 2935 contextu,
570 2855 626 2918 sed
648 2862 731 2918 extat
752 2855 782 2916 in
806 2854 909 2918 Ollicio
931 2855 1088 2918 Ministerii
1109 2855 1273 2918 Diaconici.
1321 2852 1386 2915 Nec
1414 2851 1504 2916 habet
1526 2853 1618 2935 qaid-

253 2974 350 3036 quam‚
374 2955 455 3036 quod
477 2954 719 3036 frequentissime
741 2970 803 3016 non
825 2953 945 3036 legatur
965 2955 995 3016 in
1017 2953 1109 3016 variis
1131 2954 1327 3032 orationibus,
1349 2953 1381 3014 in
1394 2953 1502 3033 quibus
1516 2971 1617 3036 agno-

251 3071 339 3118 scere
362 3073 398 3118 se
420 3061 570 3117 testantur
591 3052 761 3117 Orientales
785 3052 897 3117 Christi
919 3070 1030 3133 corpus
1053 3053 1084 3115 in
1099 3051 1185 3116 altari
1200 3054 1343 3134 positum;
1367 3051 1447 3132 quod
1463 3070 1503 3115 ex
1516 3053 1616 3116 multis

251 3153 428 3216 testimoniis
457 3153 527 3216 alibi
556 3151 659 3216 relatis
688 3151 856 3215 certissime
886 3149 1117 3229 demonstratur,
1168 3151 1266 3214 Habet
1294 3151 1352 3214 hoc
1382 3151 1451 3213 loco
1482 3149 1617 3214 Graecus

254 3251 361 3316 Codex
383 3254 566 3331 orationem,
597 3271 673 3333 quae
698 3250 782 3333 Syris
805 3268 866 3313 non
890 3257 936 3312 est
964 3251 995 3313 in
1023 3268 1089 3313 usu.
1132 3238 1222 3333 ‘'Ayce
1249 3242 1283 3312 ἐν
1311 3239 1419 3332 ἁγίοις
1447 3236 1618 3314 ἀναπαυό-

252 3371 357 3432 μενος,
380 3352 435 3414 sed
457 3369 535 3433 quae
559 3353 693 3415 occurrit
715 3350 795 3415 alibi.

337 3450 493 3515 Inclinatio
520 3451 625 3531 capitis
648 3467 725 3532 quae
746 3450 795 3511 hic
817 3447 1043 3529 praescribitur,
1068 3454 1100 3509 ut
1120 3439 1359 3530 yovvxivolein
1374 3444 1491 3509 Graeco
1510 3467 1617 3510 exem-

250 3552 338 3634 plari,
360 3569 422 3615 non
444 3550 575 3614 reiertar
603 3548 640 3614 ad
667 3550 838 3626 solennem,
868 3564 947 3628 quae
975 3547 1064 3627 paulo
1093 3555 1162 3628 post
1191 3545 1385 3626 subsequitur
1410 3546 1617 3612 Eucharistiae

252 3650 473 3730 adorationem,
505 3648 560 3713 sed
589 3650 628 3712 ad
657 3646 876 3729 suscipiendam
906 3645 1145 3708 benedictionem
1177 3644 1368 3725 Sacerdotis,
1398 3665 1456 3727 qua
1485 3645 1616 3728 populus

250 3758 449 3831 praeparetur
471 3749 508 3812 ad
532 3747 763 3813 confessionem
785 3747 933 3809 sinceram
955 3744 1035 3826 iidei,
1058 3746 1221 3808 secundum
1243 3745 1323 3808 illam
1345 3745 1512 3822 formulam,
1537 3745 1618 3808 Unus

247 3855 338 3929 poter
358 3857 494 3924 sanctos,
517 3856 575 3911 etc.
599 3865 687 3928 quam
710 3863 814 3908 omnes
836 3845 990 3926 liturgiae
1011 3852 1255 3926 repraesentant,
1285 3855 1316 3909 et
1343 3845 1513 3928 singulares
1544 3845 1616 3908 alias

251 3948 288 4010 de
310 3947 528 4010 incarnationis
550 3947 706 4028 mysterio,
727 3954 789 4006 tum
812 3944 850 4007 de
872 3944 1000 4006 veritate
1022 3945 1159 4025 corporis
1183 3951 1214 4007 et
1236 3947 1393 4028 sanguinis
1409 3942 1520 4008 Christi
1540 3961 1616 4006 vere

249 4049 420 4128 praesentis
443 4049 473 4109 in
496 4046 593 4125 altari,
616 4053 647 4108 et
669 4063 740 4108 mox
762 4043 1044 4106 communicantibus
1069 4043 1238 4108 exhibendi.
1276 4042 1335 4117 Oui
1353 4046 1431 4107 enirn
1446 4043 1616 4107 testimonia

252 4146 365 4227 aliquot
383 4154 528 4221 veterum,
551 4164 628 4227 quae
643 4143 716 4206 nihil
732 4145 829 4206 minus
848 4161 935 4223 quam
955 4143 1159 4206 adorationem
1174 4142 1380 4206 Eucharistiae
1397 4143 1614 4227 significabant,

252 4247 290 4309 ad
313 4264 379 4309 eam
401 4243 583 4325 detorquere
605 4244 704 4306 conati
727 4250 808 4321 sunt,
830 4241 888 4304 isto
911 4239 971 4303 ritu
989 4241 1082 4324 longe
1097 4241 1281 4322 probabilius
1300 4244 1344 4304 uti
1358 4248 1510 4323 poterant,
1535 4238 1615 4322 quod

249 4353 350 4408 tamen
371 4344 463 4422 nulli,
486 4351 519 4405 ut
541 4343 660 4424 opinor,
682 4343 816 4405 venitin
838 4347 978 4418 mentem,
1002 4342 1071 4420 quia
1095 4340 1233 4421 plerique
1253 4348 1376 4404 veteres
1395 4339 1546 4424 Liturgias
1565 4345 1616 4401 aut

249 4461 311 4506 non
335 4442 569 4519 consuluerunt,
592 4450 643 4505 aut
665 4459 726 4504 noa
747 4439 975 4503 intellexerunt:
998 4439 1090 4501 multo
1112 4441 1218 4519 minus,
1242 4442 1303 4521 qui,
1325 4448 1358 4503 ut
1379 4438 1516 4522 plerique
1537 4439 1615 4501 Pro-

248 4549 395 4605 testantes
433 4543 622 4624 omniumque
651 4539 884 4615 audacissimus,
914 4537 1061 4618 simulque
1091 4538 1265 4621 disciplinae
1295 4547 1355 4603 tam
1385 4541 1499 4602 veteris
1526 4555 1615 4619 quam

248 4658 348 4705 novae
369 4643 608 4723 imperitissimus
632 4639 785 4718 Claudius,
807 4637 1014 4701 Eucharistiae
1037 4638 1243 4702 adorationem
1261 4637 1415 4702 veteribus
1438 4637 1614 4703 Christianis

248 4748 299 4804 aut
321 4740 523 4808 Orientalibus
552 4759 650 4823 aeque
678 4740 860 4824 incognitam
888 4737 981 4800 luisse
1011 4737 1243 4801 affirmaverant:
1276 4735 1314 4801 de
1350 4756 1409 4820 qua
1437 4736 1613 4820 disciplinae

247 4847 355 4924 parte,
380 4849 411 4904 et
433 4840 543 4904 dietum
565 4848 612 4906 est
633 4839 670 4905 ad
694 4839 835 4922 Copticas
857 4838 1027 4920 Litargias,
1050 4845 1082 4901 et
1102 4855 1174 4900 mox
1195 4837 1320 4900 dicetur.
