4728 6028
715 493 789 568 120
1087 493 1699 573 assentationes

2339 623 2340 656 l

711 681 777 760 ipre
798 680 885 743 dohit
904 698 1025 758 empus,
1047 678 1203 741 Diocornte
1223 697 1299 740 cero
1320 679 1445 740 culicem
1466 678 1625 742 hihmdsnn
1643 679 1818 761 praebebit,
1847 679 1928 762 quod
1948 680 2076 762 leqitim

712 785 743 840 et
762 779 925 841 reemtdum
948 775 1086 840 Ounortee
1104 779 1166 856 fiet,
1188 795 1256 839 eum
1280 779 1472 856 praeceperit
1491 777 1639 842 Dornirnte
1659 783 1691 842 in
1719 780 1798 842 haute
1819 779 1958 842 modam:
1987 779 2075 844 Edite

682 889 685 898 ’
712 896 753 940 ex
775 894 905 958 corpore
927 895 1005 954 meo,
1029 882 1059 938 et
1080 874 1172 938 bibite
1194 895 1234 938 ex
1255 876 1404 956 sanguine
1419 894 1497 940 meo.
1530 877 1726 942 Nihilominus
1747 879 1929 959 permittitur
1950 879 2072 942 intincta
2339 899 2340 970 l

713 977 879 1040 communio
902 973 948 1036 his
971 975 1082 1036 verbis.
1127 973 1217 1050 Oreod
1237 976 1267 1036 ei
1278 975 1314 1036 id
1331 976 1402 1054 fieri
1419 995 1480 1037 non
1497 984 1607 1056 potest,
1631 995 1742 1057 corpus
1763 979 1892 1059 intinqct
1911 977 2075 1054 Sacerdos,
2339 989 2340 1040 l

710 1078 744 1138 in
765 1077 860 1137 colice
881 1091 966 1154 quem
987 1073 1142 1135 Diaconos
1163 1074 1276 1135 dextro
1297 1081 1385 1149 tenet,
1408 1077 1697 1157 communionemque
1726 1078 1787 1154 det,
1809 1076 1894 1138 utin
1916 1073 2076 1138 Occidente
2339 1067 2340 1088 ¹

708 1175 816 1254 secere
837 1174 941 1236 soleret
964 1171 1099 1234 Diximus
1121 1171 1196 1234 haec
1218 1171 1312 1234 verba
1335 1171 1443 1234 reterri
1466 1173 1617 1255 possead
1640 1173 1773 1253 Latinos,
1796 1174 1845 1237 vel
1867 1172 1904 1235 ad
1927 1171 2071 1252 Graecos,

712 1283 763 1336 aut
783 1271 970 1354 Aegyptios:
994 1289 1060 1334 nam
1083 1271 1120 1334 ed
1143 1287 1220 1354 quos
1243 1271 1366 1352 proprie
1388 1273 1559 1352 pertineant
1580 1271 1658 1336 haud
1680 1275 1754 1336 satis
1776 1273 1963 1357 intelligitur.
1999 1272 2074 1336 hlud

712 1391 833 1455 quoque
853 1369 1016 1434 uerisimile
1039 1379 1097 1448 est,
1119 1370 1245 1452 intelligi
1267 1371 1471 1433 intinctionem
1500 1371 1729 1452 particularum,
1758 1391 1836 1454 quae
1852 1373 1944 1452 ,calici
1965 1369 2075 1433 immit-

711 1478 824 1550 tuntur,
847 1489 921 1552 quas
945 1469 1095 1534 Sacerdos
1119 1470 1278 1532 celebrans
1301 1469 1401 1532 educit
1423 1489 1463 1532 ex
1484 1470 1578 1533 calice
1600 1489 1688 1553 quem
1700 1472 1852 1534 Diaconos
1874 1479 1985 1554 gestat,
2008 1487 2075 1532 cum

711 1570 872 1648 cochleari,
896 1569 980 1652 eujus
1002 1587 1075 1632 usus
1099 1570 1320 1651 antiquissimus
1344 1577 1400 1633 est.
1430 1569 1504 1631 Nam
1516 1578 1639 1650 praeter
1661 1570 1740 1634 illam
1763 1570 1929 1652 particulae
1951 1569 2073 1650 majoris

711 1670 927 1748 intinctionem,
950 1687 1028 1750 quae
1049 1667 1081 1730 lit
1104 1669 1133 1730 in
1155 1669 1265 1730 unione
1289 1674 1319 1728 et
1341 1668 1570 1750 consignatione
1593 1667 1717 1730 duarum
1739 1671 1919 1750 specierum,
1941 1671 1971 1730 in
1992 1666 2073 1730 nullo

711 1769 772 1831 ritu
792 1768 944 1849 reperitur
966 1767 1162 1832 Sacerdotem
1183 1766 1345 1848 particulas
1368 1767 1506 1848 exiguas,
1530 1767 1634 1849 quales
1657 1777 1727 1832 sunt
1750 1788 1827 1851 quae
1849 1768 2075 1831 communican-

711 1868 790 1930 tibus
813 1867 1038 1946 distribuuntur,
1061 1867 1126 1930 sola
1147 1885 1237 1929 manu
1259 1866 1373 1948 absque
1396 1866 1548 1929 cochleari
1570 1867 1601 1927 in
1623 1867 1717 1930 calice
1739 1868 1898 1950 intingere.
1942 1865 1975 1928 ld
1997 1865 2075 1928 enim

711 1965 814 2030 lacere
836 1968 888 2028 vix
910 1975 1026 2047 posset,
1049 1969 1120 2046 quin
1143 1965 1292 2030 Sacerdos
1322 1973 1473 2028 exuemus
1501 1965 1612 2046 digitos
1640 1967 1727 2029 simul
1751 1969 1898 2050 tingeret,
1926 1963 2008 2046 quod
2035 1982 2074 2026 ue

711 2067 763 2128 fiat
784 2065 883 2129 multis
914 2064 1086 2129 canonibus
1117 2073 1256 2141 cavetur,
1286 2065 1373 2134 etsi
1402 2064 1562 2142 acciderit,
1593 2082 1693 2145 poena
1722 2067 1867 2128 canoniea
1896 2065 2074 2147 grauissima

711 2165 901 2247 proponitur.
938 2163 1008 2238 Sed,
1030 2171 1063 2226 ut
1085 2181 1178 2245 saepe
1199 2164 1377 2241 monuimus,
1401 2181 1505 2227 omnes
1527 2182 1624 2246 usque
1647 2166 1685 2230 ad
1707 2165 1844 2227 minutias
1867 2163 2074 2226 caeremoniae

711 2265 848 2327 inlibris
870 2280 931 2325 non
954 2262 1145 2345 quaerendae
1168 2270 1248 2328 suut.
1300 2261 1376 2324 lllud
1399 2262 1487 2326 modo
1510 2265 1707 2327 certissimum
1729 2262 1835 2326 haberi
1857 2263 1947 2326 dehet
1970 2262 2074 2325 diuer-

712 2365 817 2427 sitates
839 2363 963 2445 diquol,
987 2363 1112 2445 siquae
1134 2363 1164 2425 in
1187 2363 1419 2424 administranda
1440 2362 1628 2425 Eucharistia
1644 2363 1802 2427 observari
1822 2368 1951 2444 possunt
1973 2363 2003 2424 in
2025 2361 2074 2423 di-

711 2463 810 2525 versis
832 2461 988 2536 Reclusis,
1011 2461 1086 2523 tales
1109 2480 1190 2541 esse,
1213 2469 1245 2523 ut
1267 2461 1347 2523 nulla
1365 2460 1491 2543 alicujus
1512 2463 1653 2525 momenti
1675 2463 1724 2541 sit,
1748 2479 1911 2543 omnesque
1934 2461 1983 2524 vel
2005 2479 2072 2523 cum

715 2561 850 2625 Graecae
875 2560 925 2623 vel
954 2579 1021 2622 cum
1049 2560 1175 2624 Latinae
1204 2562 1293 2624 etiam
1322 2560 1479 2642 disciplina
1509 2563 1708 2636 conveniunt,
1738 2563 1804 2626 sive
1832 2578 1867 2624 ea
1895 2578 1973 2640 quae
2002 2559 2072 2622 olim

713 2661 872 2724 observata
895 2659 1001 2739 luerit,
1028 2661 1094 2722 siue
1117 2679 1196 2742 quae
1222 2662 1380 2723 etiammun
1401 2661 1500 2741 viget:
1530 2660 1611 2724 nulla
1641 2679 1719 2743 quae
1747 2678 1815 2722 curn
1844 2660 2072 2722 Protestautium

714 2759 836 2823 Ooenac
857 2760 948 2823 uariis
970 2757 1073 2822 formis
1096 2760 1193 2841 possit
1221 2758 1384 2822 conciliari.
1432 2759 1588 2841 Nunquam
1609 2760 1687 2822 enim
1716 2760 1872 2841 quisquam
1898 2759 1977 2820 inter
2004 2757 2072 2822 illos

714 2859 752 2922 de
775 2861 885 2922 unione
908 2859 1088 2940 specierum,
1110 2866 1160 2922 aut
1182 2859 1389 2938 defractione,
1412 2858 1507 2941 qualis
1523 2859 1554 2920 in
1569 2858 1694 2922 Oriente
1716 2859 1782 2922 lieri
1805 2859 1892 2934 solet,
1914 2856 2071 2939 cogitavit:

713 2958 805 3020 multo
825 2957 922 3021 minus
936 2958 974 3021 de
988 2957 1203 3038 particularum
1213 2959 1386 3022 intinctione
1402 2965 1453 3020 aut
1475 2959 1513 3020 dc
1524 2959 1686 3037 cochleari,
1709 2959 1759 3022 vel
1782 2958 1906 3035 calamo,
1930 2957 1980 3038 qui
2003 2965 2072 3018 tan-

714 3066 775 3120 tum
796 3059 827 3120 in
850 3056 1013 3120 Occidente
1034 3056 1134 3120 locum
1155 3057 1265 3120 hahuit.
1311 3057 1392 3120 llaec
1422 3058 1499 3120 enim
1522 3058 1638 3136 omnia,
1665 3065 1698 3120 ut
1728 3059 1786 3139 ipsi
1816 3065 2001 3139 agnoscunt,
2031 3073 2073 3118 ex

713 3157 804 3222 realis
826 3157 1018 3238 praesentiae
1039 3157 1236 3238 persuasione
1259 3158 1405 3238 originem
1435 3155 1610 3236 hahuerunt,
1635 3175 1724 3238 quam
1746 3157 1885 3220 hahuisse
1914 3157 1945 3219 in
1974 3155 2071 3217 animo

712 3258 792 3322 illius
814 3256 989 3338 discipliuae
1011 3255 1124 3337 primos
1146 3265 1279 3335 auteres,
1302 3257 1422 3319 omnino
1445 3259 1587 3337 oportuit.
1614 3255 1657 3319 lta
1680 3257 1772 3339 igitur
1794 3256 1959 3320 credebant
1981 3253 2072 3318 Chri-

713 3357 801 3421 stiani
829 3356 873 3418 illi
900 3363 1041 3434 veteres,
1070 3354 1179 3418 dudum
1207 3363 1365 3438 antequam
1393 3357 1460 3436 ipsa
1489 3355 1645 3438 disciplina
1672 3355 1890 3419 invalesceret:
1918 3361 2072 3435 receptam

712 3475 787 3520 vero
809 3456 888 3518 illam
909 3457 940 3518 in
963 3455 1086 3518 Oriente
1107 3455 1212 3532 luisse,
1234 3457 1311 3520 ultra
1334 3458 1463 3519 omnium
1497 3456 1687 3519 schismatum
1708 3456 1879 3519 memoriam
1900 3454 1950 3518 vel
1973 3471 2013 3515 ex
2034 3469 2071 3514 eo

712 3557 785 3620 satis
808 3562 941 3634 constat,
972 3554 1052 3637 quod
1081 3555 1160 3618 illam
1191 3554 1377 3632 orthodoxi,
1405 3555 1592 3632 Nestoriani,
1623 3563 1654 3618 et
1682 3554 1838 3618 lacebitae
1867 3561 1932 3616 toto
1959 3551 2071 3634 passim

712 3655 835 3719 Oriente
857 3673 955 3736 aeque
975 3654 1172 3730 retinuerunt,
1194 3655 1274 3718 uude
1289 3662 1358 3718 ante
1374 3653 1538 3717 Concilium
1552 3654 1746 3735 Ephesinum,
1769 3662 1800 3716 et
1815 3653 2071 3728 Calchedoneme,

712 3755 868 3839 disciplina
889 3761 921 3816 et
943 3752 1017 3816 tides
1040 3771 1080 3816 ex
1102 3771 1162 3834 qua
1182 3753 1320 3834 profecta
1342 3761 1418 3830 erat,
1439 3753 1644 3834 probabantur
1665 3753 1702 3817 ah
1725 3753 1869 3816 omnihus.
1907 3753 1982 3814 llinc
1998 3750 2072 3813 lun-

713 3855 790 3918 ditus
813 3859 991 3916 evertuntur
1011 3852 1115 3916 inanes
1137 3850 1206 3914 illae
1229 3853 1495 3934 omnesllpochae,
1517 3861 1647 3916 mutatae
1668 3855 1749 3916 circa
1762 3849 2070 3928 Eucharistiamlidei,

711 3954 742 4015 in
769 3971 892 4035 quarum
921 3950 1143 4014 substructione
1172 3957 1285 4014 tanturm
1311 3952 1392 4014 stulti
1420 3953 1531 4016 leheris
1561 3954 1648 4016 etiam
1676 3951 1838 4016 doctissimi
1865 3954 2070 4017 Protestantee

711 4050 929 4134 impenderunt.
973 4050 1050 4123 Ouid
1072 4051 1151 4113 euim
1171 4058 1292 4131 poterat
1313 4051 1372 4114 hoc
1393 4053 1423 4114 in
1444 4071 1560 4134 genere
1580 4052 1769 4130 Paschasius,
1793 4053 1878 4134 cujus
1901 4070 1939 4114 ne
1962 4067 2070 4114 nomen

640 4231 643 4236 Ι
712 4151 830 4232 quidem
852 4151 891 4213 ad
912 4150 1080 4214 Orientales
1100 4168 1230 4232 unquam
1251 4151 1400 4231 pervenit,
1422 4162 1473 4215 aut
1494 4151 1625 4215 loannes
1648 4152 1851 4214 Damascenus
1866 4150 1989 4213 Graecis
2011 4166 2072 4211 no-

711 4249 853 4326 tissimus,
874 4249 929 4312 sed
946 4250 1117 4332 Aegyptiis,
1140 4249 1236 4330 Syris,
1259 4249 1455 4332 omnibusque
1476 4252 1553 4330 aliis,
1575 4269 1635 4314 non
1657 4252 1778 4334 ignotus
1801 4250 1901 4330 modo,
1924 4250 1979 4312 sed
2000 4257 2071 4311 tan-

713 4366 800 4429 quam
822 4347 892 4410 fidei
912 4349 1587 4430 perversaeNestorianorumetlaeohitarum
1599 4353 1801 4434 impugnator,
1815 4350 2070 4432 suspectissimus,

712 4455 744 4510 et
765 4446 943 4511 haereticus.

427 4554 503 4610 varis
512 4555 700 4610 detruncatae
797 4544 838 4609 m
860 4547 959 4610 multis
982 4555 1050 4610 ante
1071 4555 1230 4630 utrumque
1253 4547 1400 4628 saeculis,
1423 4557 1453 4612 et
1474 4549 1679 4613 Eucharistiae
1700 4550 1872 4630 specierum
1894 4548 2070 4628 commistio,

394 4639 566 4697 Eucharistiae
583 4644 671 4696 torna.
713 4652 744 4708 et
757 4645 923 4710 cochlearis
935 4663 1008 4709 usus
1031 4646 1110 4729 apud
1132 4664 1237 4710 omnes
1252 4655 1392 4728 receptus
1410 4657 1490 4712 erat:
1515 4655 1546 4712 et
1567 4649 1708 4713 cochlear
1719 4649 1815 4711 Latini
1836 4666 1957 4728 semper
1979 4648 2070 4729 igno-

711 4751 865 4826 raverunt,
887 4753 920 4808 ut
942 4745 1051 4810 Graeci
1073 4746 1225 4821 calamum,
1247 4747 1332 4828 cujus
1353 4765 1427 4810 usus
1450 4755 1590 4830 superest
1611 4750 1642 4811 in
1664 4749 1791 4812 solemni
1812 4748 1903 4812 llissa
1916 4746 2069 4810 Romano-

711 4861 776 4906 rum
799 4845 982 4926 Pontificum,
1005 4847 1088 4910 etin
1110 4846 1223 4928 aliquot
1244 4847 1455 4927 antiquissimis
1477 4848 1634 4926 ecclesiis,
1655 4856 1688 4911 ut
1711 4847 1992 4928 San-Dionysiana,
2014 4863 2070 4908 se·

712 4942 811 5006 eundo
834 4960 851 5005 a
873 4942 991 5008 Lutetia
1012 4944 1123 5027 lapide.
1165 4945 1257 5028 Apud
1278 4962 1383 5011 omnes
1404 4949 1497 5032 igitur
1511 4947 1698 5018 Christianos
1721 4948 1853 5012 constitit
1865 4946 1962 5026 simunt,
1984 4945 2070 5010 varia
