4784 6040
351 617 353 624 ’
471 724 473 728 ,
555 569 1404 720 JOANNISBASOREllSlS.
1590 645 1716 770 425!

290 843 398 893 meam
426 822 659 897 annuntiabitis
686 835 720 896 et
745 831 1027 902 resurrectionem
1053 851 1160 902 meam
1194 828 1451 920 confitebimini,
1484 850 1590 924 usquo
1623 830 1668 902 ad

290 937 467 1011 adventum
495 961 614 1010 meum.

390 1055 553 1148 Populos.
605 1056 724 1130 Mortis
752 1067 848 1146 tuae,
874 1061 1040 1148 Domine,
1067 1059 1262 1130 memoriam
1289 1061 1430 1151 agimus.

391 1171 576 1242 Sacerdos.
615 1170 882 1246 'sabernaculum
899 1176 1000 1266 igitur
1017 1195 1085 1247 non
1101 1197 1201 1246 manu
1222 1174 1347 1249 factum
1363 1175 1523 1248 Pontifex
1540 1188 1666 1267 sancte,

289 1287 465 1381 puritatem
492 1285 622 1379 indute,
651 1298 834 1382 segregate
861 1314 881 1362 a
907 1288 1158 1386 peccatoribus,
1193 1301 1228 1362 tu
1255 1293 1425 1382 unigenite
1451 1293 1545 1366 Deus
1572 1293 1669 1365 Ver-

290 1398 386 1493 bum,
414 1403 572 1490 erexisti,
608 1407 662 1499 (pri
688 1428 752 1501 pro
778 1404 893 1495 nobis,
927 1409 1099 1501 nostrique
1120 1404 1305 1495 similibus,
1340 1415 1373 1477 et
1405 1417 1522 1482 nostra
1554 1429 1668 1498 causa,

290 1529 389 1612 atque
416 1541 463 1590 ex
490 1516 588 1591 nobis
616 1523 805 1594 incarnatus
834 1543 891 1610 es3
926 1525 980 1614 qui
1007 1524 1241 1594 necessitatem
1279 1543 1345 1594 non
1380 1520 1485 1596 babes
1521 1524 1668 1617 quotidie

290 1637 376 1707 sicut
402 1634 466 1726 illi,
495 1637 549 1729 qui
577 1646 739 1708 exterra
766 1636 956 1709 sacerdotio
984 1636 1181 1728 funguntur,
1215 1636 1317 1710 multa
1344 1638 1465 1711 ollerre
1492 1639 1665 1713 sacrificia.

289 1750 364 1822 Hoc
391 1753 479 1821 enim
505 1749 614 1824 iecisti
646 1755 769 1843 semel,
803 1775 869 1825 non
904 1752 1046 1824 alienum
1078 1756 1292 1846 sanguinem,
1327 1776 1436 1848 neque
1468 1754 1666 1826 sacrificium

290 1888 337 1937 ex
362 1864 526 1957 frugibus,
554 1867 615 1940 sed
641 1877 675 1939 te
700 1875 809 1964 ipsum
835 1889 897 1964 pro
924 1868 1021 1942 nobis
1049 1868 1178 1957 dedisti,
1212 1878 1246 1940 et
1272 1869 1481 1946 sacerdotale
1508 1873 1666 1944 ministe-

290 1983 372 2053 rium
401 1981 550 2073 ejusdem
578 1983 745 2076 dignitatis
772 1983 1057 2081 praedicatoribus
1084 1983 1263 2077 Evangelii
1289 1984 1489 2058 fundandum
1516 2008 1665 2059 concre-

196 2172 199 2182 ,
290 2096 412 2186 didisti,
438 2105 577 2193 piopter
604 2099 836 2174 sublimitatem
862 2102 1020 2176 bonitatis
1047 2110 1133 2172 tuae.
1187 2099 1240 2170 Tu
1273 2103 1373 2192 igitur
1407 2123 1495 2173 nunc
1522 2102 1665 2175 Domine

289 2224 405 2285 noster
431 2211 513 2285 lesu
541 2211 685 2302 Christe,
713 2221 767 2312 qui
794 2241 915 2313 passus
942 2238 1070 2312 aspro
1097 2214 1195 2289 nobis
1221 2219 1255 2286 in
1281 2237 1403 2306 carne,
1438 2239 1513 2288 oum
1540 2222 1665 2291 etiam·

290 2354 368 2403 num
394 2340 593 2425 peccatores
620 2354 789 2407 essemus:
818 2339 873 2430 qui
902 2337 989 2406 nosti
1015 2329 1273 2404 imbecillitatem
1298 2341 1437 2404 naturae
1462 2343 1611 2423 nostrae,
1633 2342 1668 2406 et

292 2446 432 2519 didicisti
459 2468 504 2517 ex
531 2449 572 2520 iis
600 2468 687 2542 quae
713 2472 833 2544 passus
861 2473 901 2523 es
926 2447 1166 2536 obedientiam,
1202 2469 1245 2519 nc
1272 2450 1406 2539 rejicias
1434 2471 1497 2522 nos
1524 2473 1570 2522 ox
1596 2471 1665 2522 nu-

290 2583 385 2633 mero
413 2583 600 2665 servorum¹
619 2575 770 2654 tuorum,
797 2589 839 2638 ne
860 2547 972 2638 ¹veluti
998 2567 1149 2636 inimicos
1176 2562 1330 2656 negligas
1348 2584 1424 2654 noa,
1451 2587 1494 2637 ne
1511 2575 1666 2660 tanquam

292 2699 353 2749 eos
381 2678 499 2772 quibus
526 2681 721 2777 supplicium
750 2681 919 2754 decretum
946 2690 1016 2768 est,
1051 2701 1115 2752 nos
1151 2679 1377 2775 derelinquas:
1413 2681 1475 2753 sed
1509 2691 1666 2776 tauquam

291 2805 427 2866 curator
453 2793 580 2885 bonus,
608 2807 642 2868 et
667 2809 763 2893 pater
783 2801 989 2884 misericors,
1017 2798 1073 2891 qui
1092 2795 1135 2868 od
1154 2795 1287 2868 domum
1306 2817 1401 2868 suam
1420 2804 1532 2884 vocat,
1561 2805 1664 2890 quot·-

291 2921 372 3007 quot
398 2932 524 3002 sumuS,
550 2911 653 2984 reduc
680 2935 743 2986 nos
770 2937 832 3010 per
859 2917 1022 3007 integram
1045 2914 1275 2985 reversionem
1296 2911 1338 2983 ad
1357 2933 1399 2984 ea
1420 2933 1507 3006 quae
1523 2911 1666 2984 honesta

291 3039 376 3101 sunt.
429 3026 560 3100 Perfice
584 3031 618 3099 in
645 3031 742 3102 nobis
769 3031 974 3102 voluntatem
1003 3039 1091 3100 tuam
1114 3026 1301 3103 vivificam:
1330 3036 1364 3098 et
1381 3027 1538 3100 radicitus
1555 3025 1666 3100 evelle

292 3167 312 3214 a
339 3145 437 3217 nobis
464 3166 593 3216 omnem
622 3143 796 3235 desidiam,
824 3170 844 3217 a
872 3167 936 3240 qua
962 3149 1067 3217 oritur
1086 3165 1195 3232 error,
1222 3152 1256 3214 et
1272 3142 1467 3216 instabilitas
1482 3143 1665 3214 bonorum:

292 3261 525 3356 aspiciensque
551 3271 781 3356 paupertatem
809 3271 968 3349 nostram,
995 3259 1115 3332 festina
1141 3258 1183 3330 ad
1203 3259 1425 3332 miserendum
1443 3261 1558 3332 nostri.
1586 3258 1664 3330 Ne·
1796 3335 1803 3342 ,

292 3398 357 3471 que
384 3379 471 3447 enirn
498 3385 586 3449 totus
612 3375 669 3447 ille
695 3382 793 3449 timor
817 3376 947 3468 judicii,
980 3374 1038 3448 ubi
1069 3378 1156 3466 iguis
1193 3372 1453 3467 inextinguibilis
1481 3385 1515 3447 et
1540 3378 1665 3447 vermis

292 3496 348 3587 qui
374 3514 441 3564 non
474 3495 631 3581 moritur,
667 3490 811 3583 abjectio
848 3491 990 3580 acerba,
1027 3489 1214 3564 obscuritas
1245 3487 1366 3562 nullam
1398 3490 1664 3563 consolationem

293 3607 486 3698 admittens,
513 3605 608 3680 lletus
636 3618 670 3680 ct
696 3608 819 3682 stridor
846 3607 1007 3696 dentium,
1035 3607 1138 3680 corda
1165 3615 1279 3679 nostra
1313 3617 1436 3678 tantum
1470 3609 1596 3678 cruciat
1631 3616 1665 3676 et

292 3722 401 3812 allicit,
429 3731 485 3794 aut
511 3726 628 3815 tangit,
656 3733 809 3818 quantum
838 3723 935 3796 dolor
960 3722 1028 3813 ille,
1056 3732 1090 3794 et
1116 3744 1261 3794 summus
1289 3729 1424 3814 bemor,
1451 3745 1494 3794 ne
1519 3721 1664 3794 excida-

291 3835 365 3912 mds
392 3862 412 3910 a
439 3838 549 3932 gloria
575 3846 641 3928 tua,
669 3849 724 3910 aut
750 3839 952 3933 repellamur
979 3861 998 3910 a
1026 3843 1165 3910 caritate
1191 3847 1257 3927 tua,
1286 3847 1342 3910 aut
1362 3840 1531 3932 privemur
1551 3837 1664 3910 bene-

291 3955 366 4027 licio
389 3953 603 4046 benignitatis
623 3964 717 4026 tuae:
738 3954 977 4050 videamusque
996 3957 1172 4027 venientes
1194 3954 1235 4028 ab
1259 3953 1396 4026 Oriente
1417 3963 1452 4026 et
1470 3953 1664 4039 Occidente,

293 4079 327 4142 et
348 4070 434 4166 apud
457 4081 490 4143 te
510 4093 585 4142 cum
603 4069 797 4146 Abrabamo
824 4083 858 4144 et
876 4073 1001 4144 sanctis
1013 4068 1266 4144 recumbentes:
1299 4091 1362 4142 nos
1383 4091 1467 4141 vero
1493 4091 1512 4140 a
1538 4070 1664 4165 Spiritu

293 4194 410 4258 sancto
438 4189 595 4282 separati,
624 4189 794 4280 ejiciamur
819 4186 930 4278 foras,
960 4186 1198 4282 audiamusque
1224 4207 1345 4259 vocem
1372 4185 1462 4258 illam
1496 4185 1664 4278 acerbam,

293 4300 473 4374 dicentem:
508 4303 618 4376 Amen
652 4302 726 4375 dico
762 4300 880 4394 vobis,
914 4307 1029 4378 nescio
1061 4324 1137 4376 vos.
1196 4301 1283 4388 Quid
1316 4301 1411 4373 nobis
1444 4321 1523 4374 esse
1553 4311 1665 4396 potest

292 4416 481 4510 hujusmodi
506 4419 669 4488 sententia
689 4421 831 4508 tristius,
860 4419 935 4513 quid
961 4419 1060 4491 etiam
1083 4418 1238 4490 accidere
1253 4426 1365 4512 potest
1387 4415 1555 4505 acerbum,
1582 4437 1665 4511 prae

291 4533 348 4606 illa
376 4531 589 4608 confusione:
617 4533 705 4628 quod
732 4534 861 4606 scilicet
886 4533 1060 4607 videamus
1087 4520 1232 4624 Deum,
1249 4542 1283 4604 et
1309 4557 1329 4604 a
1356 4531 1432 4604 Deo
1459 4553 1664 4626 separemur,

294 4647 382 4742 quod
409 4671 484 4721 cum
511 4651 544 4720 iu
570 4648 635 4721 boc
661 4648 782 4721 mundo
811 4648 983 4722 domestici
1009 4648 1184 4736 fuerimus,
1220 4652 1254 4719 in
1280 4647 1391 4720 buturo
1418 4651 1521 4721 simus
1548 4647 1666 4720 alieni:

276 4763 383 4857 ‚quod
410 4785 498 4835 nunc
524 4785 599 4836 cum
625 4763 700 4837 liliis
728 4762 906 4836 Ecclesiae
927 4774 1067 4852 stemus,
1104 4774 1343 4836 attimacum
1370 4762 1505 4836 diabolo
1532 4764 1666 4835 conde-

294 4900 454 4952 mnemur.
489 4879 594 4970 igitur
620 4899 664 4950 ne
690 4878 756 4952 tale
784 4880 862 4976 quid
887 4882 1061 4976 patiamur,
1089 4881 1221 4976 corripe
1246 4901 1310 4953 nos
1328 4880 1484 4970 Domine,
1512 4878 1573 4954 sed
1598 4901 1666 4952 non

193 5069 196 5076 ,
292 4995 326 5064 iu
349 4993 487 5086 judicio,
513 5016 624 5088 neque
650 4997 776 5067 inira:
805 4996 911 5088 dirige
937 5017 1076 5088 gressus
1102 5005 1249 5084 nostros
1282 4993 1431 5068 mortalis
1458 4997 1544 5065 enim
1573 5017 1664 5088 quo-

293 5109 393 5183 modo
419 5107 584 5203 intelliget
607 5112 683 5185 vias
711 5111 812 5204 ejus?
839 5111 925 5186 doce
951 5133 1014 5186 nos
1040 5111 1154 5184 facere
1180 5111 1387 5185 voluntatem
1413 5120 1521 5202 tuam,
1553 5131 1664 5183 revo-
