4782 6068
697 585 756 660 AD
791 581 999 662 insubuli
1030 581 1294 660 LITURGIAM.
1607 581 1685 682 ⁶39.

314 767 467 852 proditum
489 777 546 848 est,
568 776 601 831 ut
623 743 797 832 dbservavtt
819 768 856 830 ad
878 767 1010 831 Facundi
1032 767 1255 832 Hermianensis
1282 767 1389 830 librum
1414 767 1464 830 Vl.
1491 767 1544 830 Vir
1572 767 1684 832 claris-

315 867 407 932 simus
428 869 560 934 lacobus
583 867 772 933 sirmondus:
794 866 927 932 Verbum
948 867 1055 931 Filium
1076 866 1134 930 Dei
1154 883 1216 930 non
1237 866 1386 929 hominem
1404 864 1547 928 exMaria
1559 865 1680 947 tactum,

314 977 458 1050 suscepta
480 968 607 1032 bumana
629 973 746 1042 natura,
768 965 875 1030 sedin
897 966 1048 1031 bominem
1070 985 1111 1028 ex
1123 966 1217 1028 Maria
1239 973 1340 1028 natum
1362 971 1469 1046 postca
1485 966 1516 1027 in
1529 964 1682 1046 baptismo

314 1064 519 1134 descendisse.
563 1066 643 1130 ldern
667 1073 816 1130 testantur
836 1066 1036 1130 libnassalusa
1059 1065 1152 1128 labia
1172 1065 1205 1128 F.
1223 1064 1294 1144 Adi,
1314 1064 1502 1144 Abulbircat,
1516 1064 1681 1146 Dionysius

312 1162 470 1245 Barsalibi,
493 1175 524 1230 et
547 1167 596 1230 alii
618 1184 680 1231 nau
701 1165 791 1247 pauci
813 1164 985 1230 Orientales
1008 1165 1169 1248 Theologi.
1207 1163 1251 1227 lta
1272 1165 1299 1228 si
1320 1164 1387 1246 quis
1410 1163 1448 1228 ad
1469 1162 1547 1226 banc
1567 1162 1683 1227 Nesto-

312 1263 466 1328 rianorum
490 1266 661 1350 opinionem
683 1282 720 1326 ea
743 1262 837 1326 verba
851 1262 1011 1327 referenda
1029 1261 1233 1343 arbitrabitur,
1257 1261 1377 1326 habebit
1398 1263 1430 1328 iu
1451 1262 1570 1326 illorum
1591 1262 1681 1326 testi-

312 1365 419 1427 moniis
441 1383 503 1428 nou
525 1351 773 1430 contemnendam
795 1363 994 1426 autoritatem.

444 1745 505 1816 11.
546 1743 590 1816 ut
610 1743 800 1814 memineris
818 1743 866 1814 ad
892 1743 983 1814 banc
1013 1691 1224 1814 Oblationem
1251 1741 1396 1813 Patrem
1418 1741 1549 1812 Patri-

837 1871 1034 1960 monium,
1059 1877 1124 1944 etc.

420 2097 515 2175 lurra
529 2108 628 2172 multa
650 2125 727 2189 quae
751 2106 891 2190 Synodus
906 2108 1131 2190 Diamperensis
1153 2108 1184 2170 in
1204 2105 1477 2188 Angamalcnsibus
1497 2104 1675 2169 Christianis

311 2212 535 2292 condemnavit,
565 2229 626 2274 non
654 2218 809 2293 postrema
839 2211 893 2278 luit
922 2213 1164 2278 commemoratio
1193 2229 1271 2292 quae
1293 2209 1352 2274 boc
1374 2210 1443 2274 loco
1466 2211 1597 2274 occurrit
1619 2211 1680 2273 Pa-

310 2311 518 2388 camenarum,
540 2310 766 2392 Prophetarum,
788 2310 965 2392 Martyrum,
988 2318 1019 2374 ct
1033 2311 1358 2387 aliorumSanctorum,
1381 2318 1520 2392 tanquam
1541 2327 1599 2391 pro
1620 2309 1680 2372 illis

311 2419 430 2488 oretur,
458 2419 490 2474 ut
512 2410 595 2474 Deus
618 2409 691 2492 ipsis
714 2410 797 2474 velut
818 2410 943 2492 reliquis
966 2408 1104 2473 lidclibus
1127 2409 1275 2474 defunctis
1298 2410 1429 2492 quietem
1450 2417 1603 2491 praestet,
1625 2428 1681 2474 re-

311 2511 545 2591 missionemque
566 2517 760 2591 peccatorum
783 2509 939 2575 concedat.
969 2509 1064 2574 llecte
1087 2527 1177 2574 sane:
1199 2509 1229 2573 id
1251 2510 1331 2572 enim
1353 2508 1444 2572 habet
1464 2508 1680 2573 Ecclesiastica

311 2611 483 2693 disciplina,
512 2616 546 2672 ut
575 2610 616 2672 ait
643 2609 848 2692 Augustinus:
893 2608 982 2686 Quod
1000 2610 1105 2689 fideles
1124 2616 1273 2697 manunt
1292 2627 1359 2671 cam
1380 2608 1534 2691 Martyres
1555 2628 1591 2671 eo
1613 2609 1680 2672 ioco

309 2701 478 2772 recitantur
497 2709 540 2771 cd
562 2707 740 2782 aberenei,
761 2707 815 2770 nbi
833 2727 894 2772 noa
912 2727 972 2789 pro
993 2711 1070 2788 ipsis
1092 2717 1220 2774 oratur:
1238 2727 1299 2789 pro
1321 2709 1452 2772 caeteris
1473 2715 1573 2770 autem
1595 2727 1681 2770 com-

310 2809 487 2870 memoratis
508 2805 657 2885 defunctis
679 2813 795 2870 oratur.
840 2806 958 2886 injusta
980 2815 1026 2869 est
1047 2808 1126 2869 enim
1142 2826 1204 2887 pro
1225 2807 1358 2889 maraste
1379 2825 1488 2882 orare,
1518 2809 1603 2886 capae
1623 2827 1681 2870 nos

313 2905 454 2969 aetenae
476 2904 666 2966 mationibus
695 2905 908 2968 commendari.
952 2903 1060 2986 Neque
1088 2913 1188 2968 tamen
1218 2923 1254 2978 ea
1283 2906 1456 2986 suspicione
1481 2904 1679 2969 Nestorianos

311 3004 411 3068 teneri
432 3001 596 3066 verisimile
618 3009 681 3079 est,
705 3019 792 3082 quam
815 3001 1011 3065 Orientalium
1033 3004 1083 3085 qui
1106 3004 1144 3066 de
1166 3002 1366 3082 Haeresitus,
1396 3011 1427 3066 et
1456 3003 1601 3066 adversus
1623 3023 1679 3069 eos

310 3102 481 3168 nominatim
504 3102 707 3182 scripserunt,
736 3099 835 3162 nullus
863 3101 893 3164 in
921 3101 981 3164 illis
1008 3102 1135 3164 natavit:
1163 3101 1218 3166 sed
1241 3120 1298 3164 nec
1320 3101 1379 3164 tale
1402 3101 1552 3183 quidpiam
1574 3104 1679 3184 suspi-

311 3202 416 3279 candi,
446 3217 537 3262 causa
566 3199 675 3263 idonea
705 3198 765 3261 ulla
796 3206 854 3285 est.
899 3199 1147 3265 Constantiss'una
1168 3201 1246 3263 enim
1268 3202 1358 3264 totius
1379 3199 1536 3264 Ecclesiae
1559 3201 1678 3266 traditio

197 3378 201 3384 Ι
310 3308 358 3366 est
380 3319 416 3365 ca
439 3317 526 3380 quam
548 3298 710 3380 Augustini
731 3298 833 3362 verbis
856 3300 1062 3381 exposuimus,
1086 3315 1144 3362 nec
1166 3300 1204 3362 ab
1227 3318 1263 3362 ea
1285 3307 1480 3362 recesserunt
1494 3299 1678 3380 Nestoriani,

311 3400 475 3480 quinariis
500 3396 692 3462 Orationibus
715 3398 826 3461 Beatae
847 3399 960 3462 Mariae
983 3407 1014 3462 et
1036 3399 1212 3464 Sanctorum
1234 3399 1483 3462 intercessionem
1504 3405 1622 3482 petunt,
1645 3408 1678 3463 ut

309 3506 392 3581 patet
416 3517 455 3561 ex
477 3497 577 3562 multis
599 3515 674 3578 quas
697 3496 907 3582 Horologium,
931 3483 1033 3562 etalii
1054 3497 1260 3560 Ecclesiastici
1282 3497 1350 3561 libri
1370 3505 1608 3579 repraesentant.
1643 3499 1677 3562 ln

308 3598 368 3661 illis
391 3617 430 3660 ne
445 3598 505 3661 ulla
523 3598 644 3680 quidem
657 3597 799 3680 occurrit,
822 3599 852 3661 in
876 3618 935 3681 qua
956 3617 1013 3680 pro
1035 3599 1141 3682 requie
1162 3600 1282 3664 illorum
1305 3609 1421 3681 oretur,
1442 3600 1498 3664 sed
1520 3599 1678 3666 laudantur

310 3703 450 3779 tanquam
472 3699 606 3780 victores
629 3698 738 3761 diaboli
761 3706 793 3762 et
812 3705 1041 3776 tormentorum,
1064 3705 1096 3760 ut
1116 3716 1191 3780 prae
1213 3700 1342 3762 caeteris
1354 3699 1383 3764 S.
1399 3697 1547 3783 Georgius
1570 3706 1601 3762 et
1622 3718 1677 3762 re-

309 3794 382 3877 liqui
404 3795 564 3878 Martyres.
607 3796 671 3861 Nec
693 3796 735 3859 illi
763 3796 839 3876 soli,
869 3795 925 3860 sed
948 3796 985 3860 ud
1007 3798 1082 3860 alios
1105 3816 1213 3879 preces
1236 3798 1423 3880 dirigrmtur,
1451 3801 1536 3862 utin
1558 3800 1615 3862 ista
1638 3797 1676 3860 ad

308 3894 375 3958 Mar
396 3893 465 3957 Aba
487 3913 576 3958 unum
599 3915 638 3958 ex
659 3895 779 3958 illorum
802 3895 975 3976 Catholicis,
998 3895 1073 3960 baec
1094 3896 1246 3980 leguntur.
1276 3898 1371 3960 Pater
1390 3906 1494 3961 noster
1510 3895 1677 3978 praeclare

308 4001 338 4056 et
365 4003 485 4070 sancte,
513 3993 584 4057 Mar
609 3993 680 4057 Aba
709 3993 879 4072 Catholice,
909 3997 962 4076 qai
989 4005 1132 4076 operabar
1157 4016 1192 4059 es
1219 4015 1294 4077 opas
1312 3999 1453 4078 justitiae
1478 3999 1510 4060 in
1536 3995 1677 4059 Ecclesia

308 4111 422 4174 oporam
444 4091 573 4169 Cbmsn,
601 4094 654 4174 qai
674 4094 811 4156 dilectata·
827 4095 975 4174 jejunatum
997 4104 1027 4157 et
1047 4097 1231 4158 emtionem:
1253 4098 1469 4180 caritatemque
1488 4115 1594 4160 aeram
1615 4094 1677 4154 ba-

306 4189 407 4258 buisti.
451 4192 484 4254 la
511 4193 576 4273 ipae
604 4194 689 4272 cajeta
718 4191 856 4272 ccrpcms
879 4195 1034 4273 pretiosam
1061 4195 1222 4256 tbescacas
1250 4196 1300 4258 bic
1327 4204 1388 4258 est.-
1415 4197 1545 4276 petimus
1572 4193 1611 4256 ab
1639 4211 1674 4254 eo

303 4291 452 4354 caciticm
484 4297 515 4354 et
548 4291 709 4353 sanitatem
734 4310 795 4370 pro
824 4291 960 4354 omnibus
989 4294 1041 4374 qui
1063 4289 1173 4372 {afflicti
1199 4292 1315 4356 morbis
1349 4293 1393 4356 ad
1425 4299 1454 4354 te
1488 4291 1673 4372 consopiant.

308 4387 391 4452 llaec
413 4391 510 4454 oratio
533 4397 564 4454 et
586 4390 722 4472 ejusdem
744 4393 911 4454 sententiae
933 4409 993 4462 non
1016 4409 1147 4474 paucae,
1177 4389 1215 4457 ad
1243 4410 1299 4455 eos
1328 4392 1418 4474 dirigi
1446 4407 1507 4452 non
1536 4397 1673 4471 possunt,
1729 4430 1733 4436 ι

308 4485 346 4548 de
381 4506 505 4569 quorum
540 4489 723 4554 beatitudine
757 4490 919 4555 dubitetur.
977 4489 1010 4552 ln
1043 4490 1156 4572 aliquot
1189 4490 1341 4554 codicibus
1381 4507 1444 4552 non
1476 4495 1558 4551 extat
1596 4488 1674 4552 baec

308 4601 396 4668 quam
418 4587 615 4669 expendimus
638 4591 748 4653 oratio:
780 4589 836 4654 sed
865 4608 931 4653 cum
961 4589 1160 4655 recentissimi
1190 4592 1266 4669 siut,
1296 4607 1350 4653 eos
1379 4587 1553 4652 emendatos
1579 4586 1674 4652 luisse

307 4703 369 4752 non
398 4686 577 4751 dubitamus.
621 4687 717 4772 Igitur
746 4689 828 4770 quod
850 4690 1041 4754 verisimilius
1063 4689 1103 4753 de
1123 4688 1183 4752 boc
1204 4697 1380 4774 argamrento
1402 4688 1533 4767 videtur,
1555 4703 1674 4770 propo-

306 4803 423 4849 nemus.
468 4784 597 4861 Carent,
619 4795 652 4848 ut
674 4787 744 4850 alibi
766 4787 876 4852 dietum
899 4797 946 4854 est
966 4788 1105 4852 Rubricis
1126 4787 1273 4872 liturgici
1294 4806 1392 4870 prope
1415 4805 1520 4851 omnes
1543 4785 1672 4850 Codices

306 4883 488 4968 orientales,
514 4885 569 4950 sed
591 4883 840 4950 Nestorianorum
861 4889 999 4954 maxime.
1043 4887 1202 4956 Orationes
1224 4889 1254 4952 in
1276 4888 1384 4973 quibus
1405 4888 1568 4952 memoriae
1588 4887 1673 4966 irunt,

306 4983 337 5055 in
359 4986 424 5050 aliis
448 5005 526 5070 quae
548 4986 718 5049 accuratius
741 4987 854 5068 scripta
876 4997 946 5054 sunt
966 4988 1201 5072 exemplaribus,
1222 4996 1256 5052 ut
1277 4989 1307 5052 in
1330 4987 1454 5052 Graccis
1478 4995 1508 5052 et
1527 4986 1672 5069 Copticis,
