4784 6040
720 533 797 608 406
1229 529 1621 607 LITURGIA'·

824 718 987 813 Papulas.
1040 718 1282 791 Sanctificetur.

823 833 1009 906 Sacerdos.
1062 834 1156 907 Bone
1184 842 1218 905 et
1243 832 1395 906 benefice
1420 832 1583 921 Domine,
1609 853 1653 903 ne
1679 830 1817 905 inducas
1845 854 1908 908 nos
1944 836 1979 906 iu
2011 857 2099 928 gra-

719 953 776 1022 via
804 961 838 1022 et
865 951 947 1021 dura
973 950 1121 1045 pericula
1139 951 1358 1022 tentationum
1372 947 1560 1036 difficilium,
1587 949 1666 1044 quia
1691 969 1760 1019 nou
1786 957 1840 1020 est
1867 948 1966 1024 uobis
1992 954 2099 1024 virtus

721 1067 764 1140 ad
792 1066 1029 1152 sustinendum,
1058 1065 1118 1138 sad
1145 1065 1252 1138 bbere
1279 1085 1342 1136 nos
1370 1085 1432 1159 per
1457 1066 1691 1136 miserationes
1717 1073 1812 1154 tuas,
1846 1064 1888 1138 ab
1916 1068 2099 1163 impugna-

719 1178 866 1252 tionibus
894 1183 1027 1269 inimici‚
1055 1191 1090 1253 et
1115 1181 1157 1254 ab
1186 1179 1345 1276 operibus
1372 1178 1596 1268 tenebrarum,
1624 1181 1701 1274 quia
1727 1189 1817 1250 tuum
1845 1189 1899 1252 est
1912 1182 2098 1277 imparium,

720 1304 872 1391 potestas
901 1306 935 1368 et
961 1319 1113 1390 regnum,
1141 1295 1266 1392 tibique
1292 1295 1436 1389 gloriam
1462 1305 1497 1368 et
1521 1293 1652 1367 laudem
1678 1293 1866 1368 referimus.

826 1412 989 1505 Populus.
1042 1414 1162 1487 Amen.

826 1527 1011 1600 Sacerdos.
1063 1529 1147 1600 Pax.

826 1643 989 1736 Populos.
1041 1643 1085 1716 Et
1112 1667 1185 1716 curu
1213 1644 1330 1738 spiritu
1355 1651 1423 1715 bro.

824 1758 1014 1830 Diaconos.
1067 1761 1158 1832 Ante
1184 1761 1432 1854 susceptionem
1460 1759 1694 1852 mysteriorum
1721 1760 1860 1829 istorum
1896 1769 2098 1851 sanctorum,

721 1898 808 1970 quae
836 1874 948 1948 oblata
976 1885 1063 1966 sunt,
1091 1885 1124 1948 et
1151 1897 1265 1967 coram
1291 1874 1435 1946 Domino
1463 1871 1669 1944 misericordi
1705 1875 1814 1967 capita
1846 1885 1962 1947 nostra
1996 1877 2097 1949 incli-

719 2013 847 2063 nemus.

824 2107 986 2201 Populus.
1041 2105 1167 2180 Coram
1193 2115 1226 2178 te
1253 2105 1408 2178 Domine.
1932 2165 1938 2178 .

825 2223 1010 2296 Sacerdos.
1064 2222 1189 2297 Coram
1216 2234 1249 2296 te
1275 2222 1420 2300 Domine
1446 2219 1567 2294 collum
1594 2229 1745 2294 nostrum
1771 2241 1865 2292 reum
1892 2220 2096 2312 inclinamus,
2126 2312 2130 2319 Ι

721 2351 755 2413 et
787 2363 861 2412 cum
895 2339 1056 2435 lacrymis
1091 2349 1125 2410 et
1160 2341 1312 2434 suspiriis
1345 2338 1564 2433 deprecamur
1593 2348 1649 2428 te,
1690 2347 1723 2409 et
1755 2358 1875 2432 preces
1914 2360 2030 2412 coram
2065 2350 2097 2412 te

721 2456 925 2528 effundimus.
977 2455 1031 2526 'l'u
1065 2465 1174 2527 antem
1207 2453 1330 2526 exaudi
1364 2476 1428 2527 nos
1461 2455 1547 2526 sicut
1580 2451 1746 2549 pollicibus
1779 2474 1837 2542 es,
1871 2463 1905 2525 et
1936 2457 2097 2528 miserere

719 2575 826 2644 nostri
858 2571 1040 2643 secuudum
1075 2574 1216 2664 gratiam
1251 2580 1356 2642 biam:
1392 2570 1532 2657 munda,
1560 2567 1751 2658 sanctifica,
1786 2578 1821 2640 at
1852 2570 1990 2665 purifica
2022 2594 2095 2659 nos,

719 2707 782 2780 per
807 2686 1004 2759 sacrificium
1031 2686 1097 2759 boc
1122 2686 1314 2775 vivificum3
1351 2689 1427 2781 quia
1461 2697 1495 2758 tu
1530 2707 1569 2759 es
1600 2683 1797 2760 benedictus
1824 2684 1986 2776 Domine,
2022 2709 2095 2760 cum

720 2804 892 2894 unigenito
918 2801 1004 2874 Filio
1032 2814 1102 2891 tuo,
1129 2813 1163 2874 et
1189 2800 1315 2899 Spiritu
1341 2812 1458 2876 sancto
1487 2813 1554 2876 tuo.

825 2918 988 3013 Populos.
1040 2919 1161 2991 Amen.

823 3033 1009 3107 Sacerdos.
1062 3037 1146 3107 Pax.

716 3239 720 3250 1
827 3149 988 3244 Populus.
1041 3150 1185 3223 Etcum
1213 3152 1423 3246 spiritutuo.

619 3247 636 3266 ‘
824 3264 1010 3340 Sacerdos.
1065 3267 1180 3340 Gratia
1213 3267 1382 3339 Trinitatis
1417 3273 1554 3338 sanctae
1589 3264 1799 3358 essentialis,
1831 3252 2011 3355 a'etemee,
2038 3270 2092 3340 in-

719 3393 855 3455 creatae
883 3394 917 3456 et
942 3381 1246 3474 consubstantialis,
1274 3385 1316 3454 sit
1342 3403 1416 3454 cum
1443 3382 1596 3455 omnibus
1622 3381 1732 3455 vobis,

821 3498 984 3592 Populus.
1037 3498 1082 3571 lu
1109 3522 1184 3571 cum
1211 3501 1328 3594 spiritu
1355 3508 1422 3569 tuo.

822 3612 1012 3687 Diaconos.
1054 3610 1138 3686 Cum
1164 3617 1284 3686 timore
1311 3617 1521 3710 aspiciamus.

822 3729 1008 3801 Sacerdos.
1061 3729 1186 3802 Sancta
1212 3734 1347 3803 sanctis.

717 3835 718 3842 '
823 3843 985 3937 Populus.
1039 3843 1133 3917 Unus
1159 3846 1260 3918 Pater
1283 3855 1432 3934 sanctus,
1459 3854 1522 3918 etc.

823 3959 1009 4032 Sacerdos.
1062 3958 1156 4032 Unus
1183 3964 1285 4034 Pater
1310 3971 1458 4053 sanctus,
1486 3969 1548 4034 etc.

822 4074 1011 4148 Diaconos.
1065 4076 1199 4151 Stemus
1226 4078 1394 4150 decenter.

823 4191 986 4283 Populus.
1040 4192 1175 4266 Gratias
1202 4195 1341 4286 agimus.

824 4305 1009 4382 Sacerdos.
1064 4308 1199 4382 Gratias
1233 4312 1363 4402 agimus
1402 4307 1462 4380 tibi
1493 4309 1636 4382 Domine
1675 4317 1709 4380 et
1740 4305 1913 4382 laudamus
1949 4320 1997 4399 te,
2032 4333 2090 4408 pro

720 4421 854 4495 auxiliis
881 4425 948 4496 tuis
975 4424 1135 4512 dexteris,
1162 4423 1400 4521 beneficiisque
1426 4426 1491 4498 tuis
1518 4435 1552 4496 et
1579 4443 1694 4496 amore
1728 4444 1812 4516 erga
1838 4422 1990 4498 homines
2025 4436 2089 4512 tuo,

720 4539 776 4632 qui
802 4540 996 4633 praestitisti
1021 4539 1119 4614 nobis
1145 4538 1225 4612 licet
1248 4540 1404 4633 indignis,
1431 4539 1553 4612 donum
1579 4561 1641 4636 pro
1669 4563 1735 4635 quo
1755 4539 1892 4612 retribui
1920 4539 1998 4612 nibil
2024 4563 2089 4639 po-

718 4661 800 4741 test3
837 4675 960 4749 corpus
992 4663 1026 4726 ct
1063 4658 1259 4748 sanguinem
1294 4658 1454 4748 unigeniti
1485 4654 1561 4728 Filii
1592 4659 1655 4729 tui:
1689 4655 1745 4729 fac
1774 4676 1838 4728 nos
1871 4654 1991 4747 dignos
2025 4659 2090 4730 vita

719 4768 909 4859 immortali,
936 4773 1137 4866 coronisque
1165 4769 1478 4867 incorruptibilibus,
1504 4771 1540 4845 'et
1566 4772 1723 4845 mercede
1750 4793 1889 4867 operum
1916 4768 2089 4844 bonorum:

720 4885 797 4977 quia
824 4895 859 4955 tu
886 4907 924 4957 es
950 4884 1044 4956 Deus
1070 4887 1235 4981 benignus
1263 4897 1297 4960 et
1323 4887 1486 4961 clemens:
1514 4887 1639 4983 tibique
1652 4888 1795 4982 gloriam
1821 4895 1855 4958 et
1879 4885 2012 4960 laudem
2032 4910 2088 4960 re-

717 4997 868 5090 ferimus,
896 5012 930 5073 et
956 5003 1125 5094 unigenito
1152 5013 1222 5094 bro,
1249 5014 1312 5076 etc.
