<?xml version="1.0" encoding="UTF-8"?>
<!DOCTYPE html PUBLIC "-//W3C//DTD XHTML 1.0 Transitional//EN"
    "http://www.w3.org/TR/xhtml1/DTD/xhtml1-transitional.dtd">
<html xmlns="http://www.w3.org/1999/xhtml" xml:lang="en" lang="en">
 <head>
  <title>
</title>
<meta http-equiv="Content-Type" content="text/html;charset=utf-8" />
  <meta name='ocr-system' content='tesseract 3.04.00' />
  <meta name='ocr-capabilities' content='ocr_page ocr_carea ocr_par ocr_line ocrx_word'/>
</head>
<body>
  <div class='ocr_page' id='page_1' title='image "./liturgiarumorie04renagoog_0219.png"; bbox 0 0 4712 6032; ppageno 0'>
   <div class='ocr_carea' id='block_1_1' title="bbox 646 561 1506 639">
    <p class='ocr_par' dir='ltr' id='par_1_1' title="bbox 646 561 1506 639">
     <span class='ocr_line' id='line_1_1' title="bbox 646 561 1506 639; baseline -0.002 0"><span class='ocrx_word' id='word_1_1' title='bbox 646 565 718 639; x_wconf 85' lang='lat'>182</span> <span class='ocrx_word' id='word_1_2' title='bbox 1148 561 1506 639; x_wconf 81' lang='lat' dir='ltr'><strong>LITUBGIA</strong></span> 
     </span>
    </p>
   </div>
   <div class='ocr_carea' id='block_1_2' title="bbox 645 715 2013 836">
    <p class='ocr_par' dir='ltr' id='par_1_2' title="bbox 645 715 2013 836">
     <span class='ocr_line' id='line_1_2' title="bbox 645 715 2013 836; baseline -0.004 -12"><span class='ocrx_word' id='word_1_3' title='bbox 645 715 907 828; x_wconf 85' lang='lat' dir='ltr'>commorantes:</span> <span class='ocrx_word' id='word_1_4' title='bbox 946 762 982 824; x_wconf 90' lang='lat' dir='ltr'>ut</span> <span class='ocrx_word' id='word_1_5' title='bbox 1015 754 1049 823; x_wconf 94' lang='lat' dir='ltr'>in</span> <span class='ocrx_word' id='word_1_6' title='bbox 1085 749 1149 824; x_wconf 89' lang='lat' dir='ltr'>hoc</span> <span class='ocrx_word' id='word_1_7' title='bbox 1183 752 1268 822; x_wconf 87' lang='lat' dir='ltr'>sicut</span> <span class='ocrx_word' id='word_1_8' title='bbox 1298 751 1333 820; x_wconf 95' lang='lat' dir='ltr'>in</span> <span class='ocrx_word' id='word_1_9' title='bbox 1362 747 1514 822; x_wconf 83' lang='lat' dir='ltr'>omnihus</span> <span class='ocrx_word' id='word_1_10' title='bbox 1550 745 1722 836; x_wconf 76' lang='lat' dir='ltr'>laudetur,</span> <span class='ocrx_word' id='word_1_11' title='bbox 1757 756 1792 818; x_wconf 89' lang='lat' dir='ltr'>et</span> <span class='ocrx_word' id='word_1_12' title='bbox 1823 743 2013 820; x_wconf 78' lang='lat' dir='ltr'>celebretur</span> 
     </span>
    </p>
   </div>
   <div class='ocr_carea' id='block_1_3' title="bbox 644 861 2012 1194">
    <p class='ocr_par' dir='ltr' id='par_1_3' title="bbox 644 861 2012 1194">
     <span class='ocr_line' id='line_1_3' title="bbox 644 861 2012 958; baseline -0.003 -18"><span class='ocrx_word' id='word_1_13' title='bbox 644 891 767 942; x_wconf 93' lang='lat' dir='ltr'>nomen</span> <span class='ocrx_word' id='word_1_14' title='bbox 793 881 882 942; x_wconf 89' lang='lat' dir='ltr'>tuum</span> <span class='ocrx_word' id='word_1_15' title='bbox 907 870 1054 940; x_wconf 85' lang='lat' dir='ltr'>maxime</span> <span class='ocrx_word' id='word_1_16' title='bbox 1079 863 1325 951; x_wconf 85' lang='lat' dir='ltr'>honorandum,</span> <span class='ocrx_word' id='word_1_17' title='bbox 1357 876 1391 937; x_wconf 89' lang='lat' dir='ltr'>ot</span> <span class='ocrx_word' id='word_1_18' title='bbox 1415 862 1647 953; x_wconf 87' lang='lat' dir='ltr'>benedictum,</span> <span class='ocrx_word' id='word_1_19' title='bbox 1682 861 1844 958; x_wconf 84' lang='lat' dir='ltr'>simulque</span> <span class='ocrx_word' id='word_1_20' title='bbox 1877 863 2012 936; x_wconf 86' lang='lat' dir='ltr'><strong>Domini</strong></span> 
     </span>
     <span class='ocr_line' id='line_1_4' title="bbox 644 981 1469 1079; baseline -0.004 -23"><span class='ocrx_word' id='word_1_21' title='bbox 644 989 749 1058; x_wconf 80' lang='lat' dir='ltr'>nostri</span> <span class='ocrx_word' id='word_1_22' title='bbox 775 986 859 1058; x_wconf 90' lang='lat' dir='ltr'>Jesu</span> <span class='ocrx_word' id='word_1_23' title='bbox 885 983 1026 1072; x_wconf 84' lang='lat' dir='ltr'>Christi,</span> <span class='ocrx_word' id='word_1_24' title='bbox 1053 991 1087 1055; x_wconf 91' lang='lat' dir='ltr'>et</span> <span class='ocrx_word' id='word_1_25' title='bbox 1112 981 1254 1079; x_wconf 86' lang='lat' dir='ltr'>Spiriurs</span> <span class='ocrx_word' id='word_1_26' title='bbox 1281 984 1327 1054; x_wconf 93' lang='lat' dir='ltr'>tui</span> <span class='ocrx_word' id='word_1_27' title='bbox 1353 985 1469 1054; x_wconf 85' lang='lat' dir='ltr'>sancti.</span> 
     </span>
     <span class='ocr_line' id='line_1_5' title="bbox 746 1098 1284 1194; baseline -0.009 -22"><span class='ocrx_word' id='word_1_28' title='bbox 746 1101 908 1194; x_wconf 86' lang='lat' dir='ltr'>Papulas.</span> <span class='ocrx_word' id='word_1_29' title='bbox 931 1098 984 1171; x_wconf 90' lang='lat' dir='ltr'>Ut</span> <span class='ocrx_word' id='word_1_30' title='bbox 1283 1109 1284 1118; x_wconf 76' lang='grc'>’</span> 
     </span>
    </p>
   </div>
   <div class='ocr_carea' id='block_1_4' title="bbox 746 1216 1315 1656">
    <p class='ocr_par' dir='ltr' id='par_1_4' title="bbox 746 1216 1315 1656">
     <span class='ocr_line' id='line_1_6' title="bbox 746 1216 1041 1288; baseline -0.014 0"><span class='ocrx_word' id='word_1_31' title='bbox 746 1216 931 1288; x_wconf 87' lang='lat' dir='ltr'>Sacerdos.</span> <span class='ocrx_word' id='word_1_32' title='bbox 957 1216 1041 1287; x_wconf 86' lang='lat' dir='ltr'>Pax.</span> 
     </span>
     <span class='ocr_line' id='line_1_7' title="bbox 748 1329 1315 1424; baseline -0.007 -22"><span class='ocrx_word' id='word_1_33' title='bbox 748 1331 909 1424; x_wconf 86' lang='lat' dir='ltr'>Papulas.</span> <span class='ocrx_word' id='word_1_34' title='bbox 936 1329 981 1401; x_wconf 85' lang='lat' dir='ltr'>Et</span> <span class='ocrx_word' id='word_1_35' title='bbox 1006 1351 1080 1401; x_wconf 92' lang='lat' dir='ltr'>cum</span> <span class='ocrx_word' id='word_1_36' title='bbox 1106 1330 1222 1424; x_wconf 88' lang='lat' dir='ltr'>spiritu</span> <span class='ocrx_word' id='word_1_37' title='bbox 1248 1338 1315 1400; x_wconf 91' lang='lat' dir='ltr'>tuo.</span> 
     </span>
     <span class='ocr_line' id='line_1_8' title="bbox 748 1445 1045 1519; baseline -0.01 0"><span class='ocrx_word' id='word_1_38' title='bbox 748 1446 933 1519; x_wconf 87' lang='lat' dir='ltr'>Sacerdos.</span> <span class='ocrx_word' id='word_1_39' title='bbox 961 1445 1045 1517; x_wconf 88' lang='lat' dir='ltr'>Sint.</span> 
     </span>
     <span class='ocr_line' id='line_1_9' title="bbox 747 1559 1313 1656; baseline -0.009 -22"><span class='ocrx_word' id='word_1_40' title='bbox 747 1562 908 1655; x_wconf 83' lang='lat' dir='ltr'>Papulas.</span> <span class='ocrx_word' id='word_1_41' title='bbox 934 1559 978 1632; x_wconf 83' lang='lat' dir='ltr'>Et</span> <span class='ocrx_word' id='word_1_42' title='bbox 1004 1583 1078 1632; x_wconf 90' lang='lat' dir='ltr'>curn</span> <span class='ocrx_word' id='word_1_43' title='bbox 1106 1561 1220 1656; x_wconf 91' lang='lat' dir='ltr'>spiritu</span> <span class='ocrx_word' id='word_1_44' title='bbox 1246 1567 1313 1631; x_wconf 87' lang='lat' dir='ltr'>tuo.</span> 
     </span>
    </p>
   </div>
   <div class='ocr_carea' id='block_1_5' title="bbox 748 1675 1361 1887">
    <p class='ocr_par' dir='ltr' id='par_1_5' title="bbox 748 1675 1361 1887">
     <span class='ocr_line' id='line_1_10' title="bbox 748 1675 1131 1749; baseline -0.008 0"><span class='ocrx_word' id='word_1_45' title='bbox 748 1678 796 1749; x_wconf 78' lang='lat' dir='ltr'>Et</span> <span class='ocrx_word' id='word_1_46' title='bbox 823 1679 917 1749; x_wconf 83' lang='lat' dir='ltr'>dicit.</span> <span class='ocrx_word' id='word_1_47' title='bbox 946 1675 1131 1748; x_wconf 82' lang='lat' dir='ltr'>Credimus.</span> 
     </span>
     <span class='ocr_line' id='line_1_11' title="bbox 749 1793 1361 1887; baseline -0.005 -22"><span class='ocrx_word' id='word_1_48' title='bbox 749 1794 933 1866; x_wconf 80' lang='lat' dir='ltr'>Diaconos.</span> <span class='ocrx_word' id='word_1_49' title='bbox 959 1793 1081 1864; x_wconf 92' lang='lat' dir='ltr'>lterum</span> <span class='ocrx_word' id='word_1_50' title='bbox 1110 1802 1208 1887; x_wconf 83' lang='lat' dir='ltr'>olqrre</span> <span class='ocrx_word' id='word_1_51' title='bbox 1234 1793 1361 1863; x_wconf 87' lang='lat' dir='ltr'>iterum.</span> 
     </span>
    </p>
   </div>
   <div class='ocr_carea' id='block_1_6' title="bbox 877 2115 1775 2188">
    <p class='ocr_par' dir='ltr' id='par_1_6' title="bbox 877 2115 1775 2188">
     <span class='ocr_line' id='line_1_12' title="bbox 877 2115 1775 2188; baseline -0.004 0"><span class='ocrx_word' id='word_1_52' title='bbox 877 2115 1055 2188; x_wconf 76' lang='lat' dir='ltr'>Sacerdos</span> <span class='ocrx_word' id='word_1_53' title='bbox 1081 2116 1167 2187; x_wconf 86' lang='lat' dir='ltr'>dicit</span> <span class='ocrx_word' id='word_1_54' title='bbox 1194 2115 1392 2188; x_wconf 76' lang='lat' dir='ltr'><strong><em>Orationem</em></strong></span> <span class='ocrx_word' id='word_1_55' title='bbox 1418 2122 1498 2186; x_wconf 82' lang='lat' dir='ltr'>ante</span> <span class='ocrx_word' id='word_1_56' title='bbox 1523 2115 1625 2187; x_wconf 85' lang='lat' dir='ltr'>Pater</span> <span class='ocrx_word' id='word_1_57' title='bbox 1651 2125 1775 2188; x_wconf 90' lang='lat' dir='ltr'>noster.</span> 
     </span>
    </p>
   </div>
   <div class='ocr_carea' id='block_1_7' title="bbox 748 2318 2013 2415">
    <p class='ocr_par' dir='ltr' id='par_1_7' title="bbox 748 2318 2013 2415">
     <span class='ocr_line' id='line_1_13' title="bbox 748 2318 2013 2415; baseline -0.001 -20"><span class='ocrx_word' id='word_1_58' title='bbox 748 2324 841 2396; x_wconf 90' lang='lat' dir='ltr'>Deus</span> <span class='ocrx_word' id='word_1_59' title='bbox 868 2322 969 2394; x_wconf 86' lang='lat' dir='ltr'>Pater</span> <span class='ocrx_word' id='word_1_60' title='bbox 996 2324 1203 2409; x_wconf 81' lang='lat' dir='ltr'>misericors,</span> <span class='ocrx_word' id='word_1_61' title='bbox 1231 2331 1265 2392; x_wconf 89' lang='lat' dir='ltr'>et</span> <span class='ocrx_word' id='word_1_62' title='bbox 1290 2318 1455 2415; x_wconf 89' lang='lat' dir='ltr'>henigne,</span> <span class='ocrx_word' id='word_1_63' title='bbox 1482 2318 1583 2410; x_wconf 90' lang='lat' dir='ltr'>bone,</span> <span class='ocrx_word' id='word_1_64' title='bbox 1609 2319 1808 2412; x_wconf 88' lang='lat' dir='ltr'>longanimis</span> <span class='ocrx_word' id='word_1_65' title='bbox 1824 2324 2013 2412; x_wconf 81' lang='lat' dir='ltr'>miserator,</span> 
     </span>
    </p>
   </div>
   <div class='ocr_carea' id='block_1_8' title="bbox 542 2434 2013 2533">
    <p class='ocr_par' dir='ltr' id='par_1_8' title="bbox 542 2434 2013 2533">
     <span class='ocr_line' id='line_1_14' title="bbox 542 2434 2013 2533; baseline 0.001 -20"><span class='ocrx_word' id='word_1_66' title='bbox 542 2443 547 2450; x_wconf 85' lang='lat'>&#39;</span> <span class='ocrx_word' id='word_1_67' title='bbox 646 2451 680 2512; x_wconf 91' lang='lat' dir='ltr'>et</span> <span class='ocrx_word' id='word_1_68' title='bbox 704 2441 807 2511; x_wconf 87' lang='lat' dir='ltr'>mitis:</span> <span class='ocrx_word' id='word_1_69' title='bbox 835 2460 933 2533; x_wconf 87' lang='lat' dir='ltr'>qnam</span> <span class='ocrx_word' id='word_1_70' title='bbox 959 2436 1113 2526; x_wconf 84' lang='lat' dir='ltr'>adorant,</span> <span class='ocrx_word' id='word_1_71' title='bbox 1142 2446 1175 2507; x_wconf 89' lang='lat' dir='ltr'>et</span> <span class='ocrx_word' id='word_1_72' title='bbox 1201 2435 1337 2509; x_wconf 86' lang='lat' dir='ltr'>laudant</span> <span class='ocrx_word' id='word_1_73' title='bbox 1362 2436 1485 2530; x_wconf 88' lang='lat' dir='ltr'>Angeli</span> <span class='ocrx_word' id='word_1_74' title='bbox 1521 2446 1555 2507; x_wconf 89' lang='lat' dir='ltr'>ct</span> <span class='ocrx_word' id='word_1_75' title='bbox 1580 2434 1801 2528; x_wconf 82' lang='lat' dir='ltr'>Archangeli,</span> <span class='ocrx_word' id='word_1_76' title='bbox 1837 2449 1871 2510; x_wconf 88' lang='lat' dir='ltr'>et</span> <span class='ocrx_word' id='word_1_77' title='bbox 1896 2461 2013 2514; x_wconf 88' lang='lat' dir='ltr'>omnes</span> 
     </span>
    </p>
   </div>
   <div class='ocr_carea' id='block_1_9' title="bbox 646 2550 2088 4975">
    <p class='ocr_par' dir='ltr' id='par_1_9' title="bbox 646 2550 2017 3346">
     <span class='ocr_line' id='line_1_15' title="bbox 647 2550 2013 2650; baseline -0.001 -22"><span class='ocrx_word' id='word_1_78' title='bbox 647 2554 790 2629; x_wconf 88' lang='lat' dir='ltr'>Ordines</span> <span class='ocrx_word' id='word_1_79' title='bbox 816 2556 975 2626; x_wconf 86' lang='lat' dir='ltr'>materiae</span> <span class='ocrx_word' id='word_1_80' title='bbox 1002 2562 1177 2650; x_wconf 85' lang='lat' dir='ltr'>expertes:</span> <span class='ocrx_word' id='word_1_81' title='bbox 1204 2556 1260 2649; x_wconf 91' lang='lat' dir='ltr'>qui</span> <span class='ocrx_word' id='word_1_82' title='bbox 1290 2555 1504 2625; x_wconf 91' lang='lat' dir='ltr'>ministerium</span> <span class='ocrx_word' id='word_1_83' title='bbox 1537 2550 1602 2625; x_wconf 89' lang='lat' dir='ltr'>hoc</span> <span class='ocrx_word' id='word_1_84' title='bbox 1634 2551 1779 2624; x_wconf 84' lang='lat' dir='ltr'>divirmm</span> <span class='ocrx_word' id='word_1_85' title='bbox 1815 2554 2013 2645; x_wconf 79' lang='lat' dir='ltr'>sanctificas,</span> 
     </span>
     <span class='ocr_line' id='line_1_16' title="bbox 647 2666 2014 2767; baseline 0.002 -25"><span class='ocrx_word' id='word_1_86' title='bbox 647 2681 683 2743; x_wconf 85' lang='lat' dir='ltr'>et</span> <span class='ocrx_word' id='word_1_87' title='bbox 708 2669 839 2767; x_wconf 86' lang='lat' dir='ltr'>perficis</span> <span class='ocrx_word' id='word_1_88' title='bbox 873 2669 1042 2758; x_wconf 87' lang='lat' dir='ltr'>absolute,</span> <span class='ocrx_word' id='word_1_89' title='bbox 1076 2666 1256 2744; x_wconf 89' lang='lat' dir='ltr'>secundum</span> <span class='ocrx_word' id='word_1_90' title='bbox 1288 2668 1531 2764; x_wconf 86' lang='lat' dir='ltr'>beneplacitum</span> <span class='ocrx_word' id='word_1_91' title='bbox 1567 2679 1676 2755; x_wconf 89' lang='lat' dir='ltr'>tuum,</span> <span class='ocrx_word' id='word_1_92' title='bbox 1714 2679 1747 2740; x_wconf 88' lang='lat' dir='ltr'>et</span> <span class='ocrx_word' id='word_1_93' title='bbox 1781 2691 1843 2766; x_wconf 92' lang='lat' dir='ltr'>per</span> <span class='ocrx_word' id='word_1_94' title='bbox 1874 2675 2014 2766; x_wconf 79' lang='lat' dir='ltr'>gratirun</span> 
     </span>
     <span class='ocr_line' id='line_1_17' title="bbox 647 2784 2014 2881; baseline 0 -23"><span class='ocrx_word' id='word_1_95' title='bbox 647 2789 807 2880; x_wconf 89' lang='lat' dir='ltr'>unigeniti</span> <span class='ocrx_word' id='word_1_96' title='bbox 832 2785 908 2858; x_wconf 87' lang='lat' dir='ltr'>Filii</span> <span class='ocrx_word' id='word_1_97' title='bbox 935 2788 1000 2875; x_wconf 92' lang='lat' dir='ltr'>tui,</span> <span class='ocrx_word' id='word_1_98' title='bbox 1027 2797 1061 2858; x_wconf 89' lang='lat' dir='ltr'>et</span> <span class='ocrx_word' id='word_1_99' title='bbox 1085 2807 1147 2880; x_wconf 89' lang='lat' dir='ltr'>per</span> <span class='ocrx_word' id='word_1_100' title='bbox 1173 2784 1324 2881; x_wconf 88' lang='lat' dir='ltr'>illapsum</span> <span class='ocrx_word' id='word_1_101' title='bbox 1351 2784 1493 2881; x_wconf 89' lang='lat' dir='ltr'>Spiritus</span> <span class='ocrx_word' id='word_1_102' title='bbox 1520 2788 1565 2856; x_wconf 90' lang='lat' dir='ltr'>tui</span> <span class='ocrx_word' id='word_1_103' title='bbox 1591 2785 1707 2856; x_wconf 87' lang='lat' dir='ltr'>sancti.</span> <span class='ocrx_word' id='word_1_104' title='bbox 1759 2785 1856 2857; x_wconf 91' lang='lat' dir='ltr'>Nunc</span> <span class='ocrx_word' id='word_1_105' title='bbox 1883 2809 2014 2881; x_wconf 80' lang='lat' dir='ltr'>quoqne</span> 
     </span>
     <span class='ocr_line' id='line_1_18' title="bbox 646 2898 2013 3000; baseline 0 -24"><span class='ocrx_word' id='word_1_106' title='bbox 646 2924 711 2976; x_wconf 87' lang='lat' dir='ltr'>nos</span> <span class='ocrx_word' id='word_1_107' title='bbox 747 2923 862 2975; x_wconf 89' lang='lat' dir='ltr'>onmes</span> <span class='ocrx_word' id='word_1_108' title='bbox 898 2901 1085 2990; x_wconf 87' lang='lat' dir='ltr'>sanctifica,</span> <span class='ocrx_word' id='word_1_109' title='bbox 1121 2912 1156 2973; x_wconf 88' lang='lat' dir='ltr'>ut</span> <span class='ocrx_word' id='word_1_110' title='bbox 1189 2904 1291 2974; x_wconf 90' lang='lat' dir='ltr'>simus</span> <span class='ocrx_word' id='word_1_111' title='bbox 1325 2898 1383 2972; x_wconf 91' lang='lat' dir='ltr'>tibi</span> <span class='ocrx_word' id='word_1_112' title='bbox 1409 2901 1483 2973; x_wconf 85' lang='lat' dir='ltr'>Filii</span> <span class='ocrx_word' id='word_1_113' title='bbox 1509 2902 1607 2989; x_wconf 89' lang='lat' dir='ltr'>novi,</span> <span class='ocrx_word' id='word_1_114' title='bbox 1635 2901 1835 2996; x_wconf 86' lang='lat' dir='ltr'>spirituales,</span> <span class='ocrx_word' id='word_1_115' title='bbox 1861 2906 1952 3000; x_wconf 89' lang='lat' dir='ltr'>puri,</span> <span class='ocrx_word' id='word_1_116' title='bbox 1979 2911 2013 2976; x_wconf 89' lang='lat' dir='ltr'>et</span> 
     </span>
     <span class='ocr_line' id='line_1_19' title="bbox 649 3017 2014 3118; baseline -0.001 -24"><span class='ocrx_word' id='word_1_117' title='bbox 649 3020 776 3104; x_wconf 79' lang='lat' dir='ltr'>sancti3</span> <span class='ocrx_word' id='word_1_118' title='bbox 802 3027 838 3089; x_wconf 91' lang='lat' dir='ltr'>ut</span> <span class='ocrx_word' id='word_1_119' title='bbox 863 3018 966 3090; x_wconf 90' lang='lat' dir='ltr'>corde</span> <span class='ocrx_word' id='word_1_120' title='bbox 993 3040 1097 3116; x_wconf 93' lang='lat' dir='ltr'>puro,</span> <span class='ocrx_word' id='word_1_121' title='bbox 1133 3026 1167 3088; x_wconf 89' lang='lat' dir='ltr'>et</span> <span class='ocrx_word' id='word_1_122' title='bbox 1198 3019 1307 3088; x_wconf 85' lang='lat' dir='ltr'>anima</span> <span class='ocrx_word' id='word_1_123' title='bbox 1338 3019 1471 3107; x_wconf 86' lang='lat' dir='ltr'>nitenti,</span> <span class='ocrx_word' id='word_1_124' title='bbox 1498 3017 1676 3090; x_wconf 88' lang='lat' dir='ltr'>audeamus</span> <span class='ocrx_word' id='word_1_125' title='bbox 1698 3022 1857 3092; x_wconf 86' lang='lat' dir='ltr'>invocare</span> <span class='ocrx_word' id='word_1_126' title='bbox 1885 3031 1918 3092; x_wconf 88' lang='lat' dir='ltr'>te</span> <span class='ocrx_word' id='word_1_127' title='bbox 1945 3044 2014 3118; x_wconf 90' lang='lat' dir='ltr'>pa-</span> 
     </span>
     <span class='ocr_line' id='line_1_20' title="bbox 649 3131 2017 3229; baseline 0 -22"><span class='ocrx_word' id='word_1_128' title='bbox 649 3145 735 3208; x_wconf 90' lang='lat' dir='ltr'>trem</span> <span class='ocrx_word' id='word_1_129' title='bbox 748 3134 958 3222; x_wconf 86' lang='lat' dir='ltr'>laudandum,</span> <span class='ocrx_word' id='word_1_130' title='bbox 986 3145 1032 3214; x_wconf 76' lang='lat' dir='ltr'>et.</span> <span class='ocrx_word' id='word_1_131' title='bbox 1045 3143 1227 3206; x_wconf 87' lang='lat' dir='ltr'>amatorem</span> <span class='ocrx_word' id='word_1_132' title='bbox 1240 3131 1418 3223; x_wconf 91' lang='lat' dir='ltr'>hominnm,</span> <span class='ocrx_word' id='word_1_133' title='bbox 1445 3154 1644 3229; x_wconf 85' lang='lat' dir='ltr'>oremusque</span> <span class='ocrx_word' id='word_1_134' title='bbox 1671 3147 1705 3208; x_wconf 87' lang='lat' dir='ltr'>et</span> <span class='ocrx_word' id='word_1_135' title='bbox 1718 3136 1875 3209; x_wconf 86' lang='lat' dir='ltr'>dicamus.</span> <span class='ocrx_word' id='word_1_136' title='bbox 1916 3134 2017 3208; x_wconf 87' lang='lat' dir='ltr'>Pater</span> 
     </span>
     <span class='ocr_line' id='line_1_21' title="bbox 650 3251 1114 3346; baseline -0.013 -20"><span class='ocrx_word' id='word_1_137' title='bbox 650 3261 767 3326; x_wconf 89' lang='lat' dir='ltr'>noster</span> <span class='ocrx_word' id='word_1_138' title='bbox 794 3254 849 3346; x_wconf 86' lang='lat' dir='ltr'>qui</span> <span class='ocrx_word' id='word_1_139' title='bbox 876 3273 913 3322; x_wconf 91' lang='lat' dir='ltr'>es</span> <span class='ocrx_word' id='word_1_140' title='bbox 939 3253 973 3322; x_wconf 92' lang='lat' dir='ltr'>in</span> <span class='ocrx_word' id='word_1_141' title='bbox 1000 3251 1114 3324; x_wconf 88' lang='lat' dir='ltr'>coelis.</span> 
     </span>
    </p>

    <p class='ocr_par' dir='ltr' id='par_1_10' title="bbox 753 3366 1182 3461">
     <span class='ocr_line' id='line_1_22' title="bbox 753 3366 1182 3461; baseline 0 -24"><span class='ocrx_word' id='word_1_142' title='bbox 753 3367 916 3461; x_wconf 85' lang='lat' dir='ltr'>Populos.</span> <span class='ocrx_word' id='word_1_143' title='bbox 943 3366 1182 3440; x_wconf 86' lang='lat' dir='ltr'>Sanctificetur.</span> 
     </span>
    </p>

    <p class='ocr_par' dir='ltr' id='par_1_11' title="bbox 651 3481 2088 4045">
     <span class='ocr_line' id='line_1_23' title="bbox 754 3481 2016 3573; baseline 0.003 -20"><span class='ocrx_word' id='word_1_144' title='bbox 754 3482 938 3554; x_wconf 83' lang='lat' dir='ltr'>Sacerdos.</span> <span class='ocrx_word' id='word_1_145' title='bbox 966 3481 1142 3556; x_wconf 85' lang='lat' dir='ltr'>Conserva</span> <span class='ocrx_word' id='word_1_146' title='bbox 1167 3505 1230 3557; x_wconf 90' lang='lat' dir='ltr'>nos</span> <span class='ocrx_word' id='word_1_147' title='bbox 1256 3483 1398 3554; x_wconf 91' lang='lat' dir='ltr'>Domine</span> <span class='ocrx_word' id='word_1_148' title='bbox 1423 3484 1533 3573; x_wconf 91' lang='lat' dir='ltr'>Deus,</span> <span class='ocrx_word' id='word_1_149' title='bbox 1567 3483 1608 3556; x_wconf 89' lang='lat' dir='ltr'>sh</span> <span class='ocrx_word' id='word_1_150' title='bbox 1638 3481 1789 3557; x_wconf 89' lang='lat' dir='ltr'>omnibus</span> <span class='ocrx_word' id='word_1_151' title='bbox 1821 3489 2016 3558; x_wconf 86' lang='lat' dir='ltr'>tentationi-</span> 
     </span>
     <span class='ocr_line' id='line_1_24' title="bbox 651 3597 2016 3696; baseline 0.003 -24"><span class='ocrx_word' id='word_1_152' title='bbox 651 3599 715 3674; x_wconf 90' lang='lat' dir='ltr'>bus</span> <span class='ocrx_word' id='word_1_153' title='bbox 743 3603 893 3688; x_wconf 87' lang='lat' dir='ltr'>animae,</span> <span class='ocrx_word' id='word_1_154' title='bbox 921 3610 956 3671; x_wconf 89' lang='lat' dir='ltr'>el</span> <span class='ocrx_word' id='word_1_155' title='bbox 981 3603 1151 3696; x_wconf 88' lang='lat' dir='ltr'>corporis:</span> <span class='ocrx_word' id='word_1_156' title='bbox 1185 3599 1351 3695; x_wconf 89' lang='lat' dir='ltr'>deprime,</span> <span class='ocrx_word' id='word_1_157' title='bbox 1378 3611 1411 3671; x_wconf 91' lang='lat' dir='ltr'>et</span> <span class='ocrx_word' id='word_1_158' title='bbox 1444 3600 1550 3690; x_wconf 90' lang='lat' dir='ltr'>dejice</span> <span class='ocrx_word' id='word_1_159' title='bbox 1583 3597 1762 3672; x_wconf 79' lang='lat' dir='ltr'>Diabolum</span> <span class='ocrx_word' id='word_1_160' title='bbox 1792 3600 1922 3675; x_wconf 87' lang='lat' dir='ltr'>hostem</span> <span class='ocrx_word' id='word_1_161' title='bbox 1947 3625 2016 3676; x_wconf 93' lang='lat' dir='ltr'>no-</span> 
     </span>
     <span class='ocr_line' id='line_1_25' title="bbox 652 3711 2015 3810; baseline 0.001 -22"><span class='ocrx_word' id='word_1_162' title='bbox 652 3724 754 3788; x_wconf 88' lang='lat' dir='ltr'>strum</span> <span class='ocrx_word' id='word_1_163' title='bbox 783 3713 843 3788; x_wconf 77' lang='lat' dir='ltr'>suli</span> <span class='ocrx_word' id='word_1_164' title='bbox 870 3713 1011 3810; x_wconf 90' lang='lat' dir='ltr'>pedibus</span> <span class='ocrx_word' id='word_1_165' title='bbox 1037 3718 1180 3788; x_wconf 86' lang='lat' dir='ltr'>nostris:</span> <span class='ocrx_word' id='word_1_166' title='bbox 1208 3727 1241 3787; x_wconf 89' lang='lat' dir='ltr'>et</span> <span class='ocrx_word' id='word_1_167' title='bbox 1267 3711 1540 3789; x_wconf 61' lang='lat' dir='ltr'>concede‘nohis</span> <span class='ocrx_word' id='word_1_168' title='bbox 1573 3716 1710 3788; x_wconf 90' lang='lat' dir='ltr'>uberem</span> <span class='ocrx_word' id='word_1_169' title='bbox 1741 3717 2015 3806; x_wconf 86' lang='lat' dir='ltr'>misericordiam,</span> 
     </span>
     <span class='ocr_line' id='line_1_26' title="bbox 653 3831 2017 3928; baseline 0.001 -24"><span class='ocrx_word' id='word_1_170' title='bbox 653 3855 740 3927; x_wconf 84' lang='lat' dir='ltr'>qnae</span> <span class='ocrx_word' id='word_1_171' title='bbox 766 3854 812 3903; x_wconf 86' lang='lat' dir='ltr'>ex</span> <span class='ocrx_word' id='word_1_172' title='bbox 840 3840 872 3902; x_wconf 90' lang='lat' dir='ltr'>te</span> <span class='ocrx_word' id='word_1_173' title='bbox 899 3841 971 3919; x_wconf 91' lang='lat' dir='ltr'>est,</span> <span class='ocrx_word' id='word_1_174' title='bbox 998 3835 1030 3903; x_wconf 93' lang='lat' dir='ltr'>in</span> <span class='ocrx_word' id='word_1_175' title='bbox 1057 3831 1190 3905; x_wconf 85' lang='lat' dir='ltr'>Christo</span> <span class='ocrx_word' id='word_1_176' title='bbox 1218 3831 1300 3903; x_wconf 86' lang='lat' dir='ltr'>lesu</span> <span class='ocrx_word' id='word_1_177' title='bbox 1325 3832 1468 3905; x_wconf 92' lang='lat' dir='ltr'>Domino</span> <span class='ocrx_word' id='word_1_178' title='bbox 1486 3842 1619 3921; x_wconf 86' lang='lat' dir='ltr'>nostro,</span> <span class='ocrx_word' id='word_1_179' title='bbox 1646 3855 1719 3903; x_wconf 87' lang='lat' dir='ltr'>cum</span> <span class='ocrx_word' id='word_1_180' title='bbox 1740 3856 1805 3928; x_wconf 91' lang='lat' dir='ltr'>qno</span> <span class='ocrx_word' id='word_1_181' title='bbox 1823 3832 2017 3906; x_wconf 88' lang='lat' dir='ltr'>benedictus</span> 
     </span>
     <span class='ocr_line' id='line_1_27' title="bbox 654 3943 2088 4045; baseline 0 -25"><span class='ocrx_word' id='word_1_182' title='bbox 654 3971 692 4020; x_wconf 91' lang='lat' dir='ltr'>es</span> <span class='ocrx_word' id='word_1_183' title='bbox 719 3959 753 4020; x_wconf 92' lang='lat' dir='ltr'>et</span> <span class='ocrx_word' id='word_1_184' title='bbox 778 3947 976 4035; x_wconf 88' lang='lat' dir='ltr'>laudandus,</span> <span class='ocrx_word' id='word_1_185' title='bbox 1003 3971 1077 4020; x_wconf 84' lang='lat' dir='ltr'>cunr</span> <span class='ocrx_word' id='word_1_186' title='bbox 1103 3948 1227 4045; x_wconf 89' lang='lat' dir='ltr'>Spiritu</span> <span class='ocrx_word' id='word_1_187' title='bbox 1252 3957 1309 4021; x_wconf 87' lang='lat' dir='ltr'>tuo</span> <span class='ocrx_word' id='word_1_188' title='bbox 1335 3949 1435 4036; x_wconf 88' lang='lat' dir='ltr'>vivo,</span> <span class='ocrx_word' id='word_1_189' title='bbox 1462 3959 1496 4020; x_wconf 89' lang='lat' dir='ltr'>el</span> <span class='ocrx_word' id='word_1_190' title='bbox 1521 3959 1659 4038; x_wconf 87' lang='lat' dir='ltr'>sancto,</span> <span class='ocrx_word' id='word_1_191' title='bbox 1685 3971 1781 4020; x_wconf 93' lang='lat' dir='ltr'>nunc.</span> <span class='ocrx_word' id='word_1_192' title='bbox 2084 3943 2088 3950; x_wconf 81' lang='grc'><strong>’</strong></span> 
     </span>
    </p>

    <p class='ocr_par' dir='ltr' id='par_1_12' title="bbox 757 4061 1065 4156">
     <span class='ocr_line' id='line_1_28' title="bbox 757 4061 1065 4156; baseline 0.01 -25"><span class='ocrx_word' id='word_1_193' title='bbox 757 4061 919 4156; x_wconf 83' lang='lat' dir='ltr'>Populus.</span> <span class='ocrx_word' id='word_1_194' title='bbox 945 4065 1065 4136; x_wconf 87' lang='lat' dir='ltr'>Amen.</span> 
     </span>
    </p>

    <p class='ocr_par' dir='ltr' id='par_1_13' title="bbox 757 4177 1140 4252">
     <span class='ocr_line' id='line_1_29' title="bbox 757 4177 1140 4252; baseline -0.005 -1"><span class='ocrx_word' id='word_1_195' title='bbox 757 4177 944 4252; x_wconf 83' lang='lat' dir='ltr'>Diaconos.</span> <span class='ocrx_word' id='word_1_196' title='bbox 972 4179 1140 4252; x_wconf 89' lang='lat' dir='ltr'>Inclinate.</span> 
     </span>
    </p>

    <p class='ocr_par' dir='ltr' id='par_1_14' title="bbox 757 4293 1901 4386">
     <span class='ocr_line' id='line_1_30' title="bbox 757 4293 1901 4386; baseline 0.005 -22"><span class='ocrx_word' id='word_1_197' title='bbox 757 4293 921 4386; x_wconf 82' lang='lat' dir='ltr'>Populus.</span> <span class='ocrx_word' id='word_1_198' title='bbox 949 4293 1072 4367; x_wconf 86' lang='lat' dir='ltr'>Coram</span> <span class='ocrx_word' id='word_1_199' title='bbox 1098 4305 1141 4366; x_wconf 86' lang='lat' dir='ltr'>te.</span> <span class='ocrx_word' id='word_1_200' title='bbox 1898 4361 1901 4370; x_wconf 32' lang='grc' dir='ltr'>ι</span> 
     </span>
    </p>

    <p class='ocr_par' dir='ltr' id='par_1_15' title="bbox 656 4407 2019 4975">
     <span class='ocr_line' id='line_1_31' title="bbox 757 4407 2018 4509; baseline 0.005 -29"><span class='ocrx_word' id='word_1_201' title='bbox 757 4407 932 4481; x_wconf 83' lang='lat' dir='ltr'>Sacerdos</span> <span class='ocrx_word' id='word_1_202' title='bbox 958 4412 1095 4484; x_wconf 80' lang='lat' dir='ltr'>clevans</span> <span class='ocrx_word' id='word_1_203' title='bbox 1118 4434 1244 4483; x_wconf 73' lang='lat' dir='ltr'>sacena.</span> <span class='ocrx_word' id='word_1_204' title='bbox 1270 4411 1417 4509; x_wconf 86' lang='lat' dir='ltr'>Respice</span> <span class='ocrx_word' id='word_1_205' title='bbox 1435 4414 1629 4487; x_wconf 89' lang='lat' dir='ltr'>Dominein</span> <span class='ocrx_word' id='word_1_206' title='bbox 1654 4413 1890 4487; x_wconf 88' lang='lat' dir='ltr'>haereditatem</span> <span class='ocrx_word' id='word_1_207' title='bbox 1918 4424 2018 4506; x_wconf 89' lang='lat' dir='ltr'>tuam,</span> 
     </span>
     <span class='ocr_line' id='line_1_32' title="bbox 657 4529 2017 4625; baseline 0.005 -30"><span class='ocrx_word' id='word_1_208' title='bbox 657 4547 743 4619; x_wconf 86' lang='lat' dir='ltr'>quae</span> <span class='ocrx_word' id='word_1_209' title='bbox 769 4547 884 4598; x_wconf 90' lang='lat' dir='ltr'>coram</span> <span class='ocrx_word' id='word_1_210' title='bbox 911 4536 944 4598; x_wconf 87' lang='lat' dir='ltr'>te</span> <span class='ocrx_word' id='word_1_211' title='bbox 970 4549 1056 4599; x_wconf 88' lang='lat' dir='ltr'>nuno</span> <span class='ocrx_word' id='word_1_212' title='bbox 1082 4533 1319 4622; x_wconf 87' lang='lat' dir='ltr'>prosternitur,</span> <span class='ocrx_word' id='word_1_213' title='bbox 1345 4537 1380 4601; x_wconf 89' lang='lat' dir='ltr'>et</span> <span class='ocrx_word' id='word_1_214' title='bbox 1405 4529 1586 4603; x_wconf 87' lang='lat' dir='ltr'>inclinatur.</span> <span class='ocrx_word' id='word_1_215' title='bbox 1638 4530 1757 4624; x_wconf 86' lang='lat' dir='ltr'>Dirige</span> <span class='ocrx_word' id='word_1_216' title='bbox 1783 4551 1923 4625; x_wconf 85' lang='lat' dir='ltr'>gressus</span> <span class='ocrx_word' id='word_1_217' title='bbox 1948 4552 2017 4602; x_wconf 86' lang='lat' dir='ltr'>no-</span> 
     </span>
     <span class='ocr_line' id='line_1_33' title="bbox 656 4643 2018 4741; baseline 0.002 -29"><span class='ocrx_word' id='word_1_218' title='bbox 656 4648 746 4714; x_wconf 86' lang='lat' dir='ltr'>stros</span> <span class='ocrx_word' id='word_1_219' title='bbox 772 4645 805 4713; x_wconf 93' lang='lat' dir='ltr'>in</span> <span class='ocrx_word' id='word_1_220' title='bbox 832 4643 957 4715; x_wconf 89' lang='lat' dir='ltr'>semitis</span> <span class='ocrx_word' id='word_1_221' title='bbox 983 4647 1083 4716; x_wconf 87' lang='lat' dir='ltr'>rectis</span> <span class='ocrx_word' id='word_1_222' title='bbox 1108 4647 1189 4717; x_wconf 87' lang='lat' dir='ltr'>tuis:</span> <span class='ocrx_word' id='word_1_223' title='bbox 1215 4653 1250 4718; x_wconf 89' lang='lat' dir='ltr'>et</span> <span class='ocrx_word' id='word_1_224' title='bbox 1273 4654 1408 4741; x_wconf 82' lang='lat' dir='ltr'>praesta</span> <span class='ocrx_word' id='word_1_225' title='bbox 1435 4655 1470 4718; x_wconf 88' lang='lat' dir='ltr'>ut</span> <span class='ocrx_word' id='word_1_226' title='bbox 1495 4651 1773 4720; x_wconf 86' lang='lat' dir='ltr'>communicemus</span> <span class='ocrx_word' id='word_1_227' title='bbox 1805 4645 1880 4720; x_wconf 90' lang='lat' dir='ltr'>lruic</span> <span class='ocrx_word' id='word_1_228' title='bbox 1907 4647 2018 4718; x_wconf 83' lang='lat' dir='ltr'>sacri-</span> 
     </span>
     <span class='ocr_line' id='line_1_34' title="bbox 656 4753 2019 4858; baseline 0.004 -32"><span class='ocrx_word' id='word_1_229' title='bbox 656 4753 753 4846; x_wconf 84' lang='lat' dir='ltr'>ficio,</span> <span class='ocrx_word' id='word_1_230' title='bbox 781 4757 869 4852; x_wconf 89' lang='lat' dir='ltr'>quod</span> <span class='ocrx_word' id='word_1_231' title='bbox 896 4778 1006 4830; x_wconf 89' lang='lat' dir='ltr'>coram</span> <span class='ocrx_word' id='word_1_232' title='bbox 1035 4769 1069 4831; x_wconf 87' lang='lat' dir='ltr'>te</span> <span class='ocrx_word' id='word_1_233' title='bbox 1095 4771 1164 4850; x_wconf 88' lang='lat' dir='ltr'>est,</span> <span class='ocrx_word' id='word_1_234' title='bbox 1191 4771 1224 4834; x_wconf 93' lang='lat' dir='ltr'>et</span> <span class='ocrx_word' id='word_1_235' title='bbox 1240 4764 1284 4834; x_wconf 86' lang='lat' dir='ltr'>sit</span> <span class='ocrx_word' id='word_1_236' title='bbox 1309 4758 1426 4852; x_wconf 89' lang='lat' dir='ltr'>nobis,</span> <span class='ocrx_word' id='word_1_237' title='bbox 1452 4772 1487 4834; x_wconf 88' lang='lat' dir='ltr'>et</span> <span class='ocrx_word' id='word_1_238' title='bbox 1511 4762 1664 4836; x_wconf 87' lang='lat' dir='ltr'>omnihus</span> <span class='ocrx_word' id='word_1_239' title='bbox 1690 4787 1736 4835; x_wconf 85' lang='lat' dir='ltr'>ex</span> <span class='ocrx_word' id='word_1_240' title='bbox 1761 4761 1818 4835; x_wconf 93' lang='lat' dir='ltr'>illo</span> <span class='ocrx_word' id='word_1_241' title='bbox 1845 4764 2019 4858; x_wconf 86' lang='lat' dir='ltr'>occipien-</span> 
     </span>
     <span class='ocr_line' id='line_1_35' title="bbox 659 4868 2018 4975; baseline 0.006 -33"><span class='ocrx_word' id='word_1_242' title='bbox 659 4868 766 4962; x_wconf 85' lang='lat' dir='ltr'>tibus,</span> <span class='ocrx_word' id='word_1_243' title='bbox 799 4876 832 4944; x_wconf 91' lang='lat' dir='ltr'>in</span> <span class='ocrx_word' id='word_1_244' title='bbox 869 4875 1160 4950; x_wconf 86' lang='lat' dir='ltr'>sanctificationem</span> <span class='ocrx_word' id='word_1_245' title='bbox 1188 4879 1318 4950; x_wconf 86' lang='lat' dir='ltr'>animae</span> <span class='ocrx_word' id='word_1_246' title='bbox 1344 4889 1378 4950; x_wconf 86' lang='lat' dir='ltr'>et</span> <span class='ocrx_word' id='word_1_247' title='bbox 1409 4881 1580 4974; x_wconf 91' lang='lat' dir='ltr'>corporis,</span> <span class='ocrx_word' id='word_1_248' title='bbox 1611 4901 1674 4975; x_wconf 90' lang='lat' dir='ltr'>per</span> <span class='ocrx_word' id='word_1_249' title='bbox 1709 4878 1874 4954; x_wconf 85' lang='lat' dir='ltr'>Christum</span> <span class='ocrx_word' id='word_1_250' title='bbox 1904 4879 2018 4974; x_wconf 84' lang='lat' dir='ltr'>lesum</span> 
     </span>
    </p>
   </div>
   <div class='ocr_carea' id='block_1_10' title="bbox 0 0 2377 6032">
    <p class='ocr_par' dir='ltr' id='par_1_16' title="bbox 0 0 2377 6032">
     <span class='ocr_line' id='line_1_36' title="bbox 0 0 2377 6032; baseline 0 0"><span class='ocrx_word' id='word_1_251' title='bbox 0 0 2377 6032; x_wconf 95' lang='lat' dir='ltr'> </span> 
     </span>
    </p>
   </div>
  </div>
 </body>
</html>
