4784 6040
590 623 673 710 'too
1107 636 1465 714 LITURGIA

469 811 472 821 ’
595 833 629 894 tu
655 823 772 922 librum
801 826 950 920 aperies,
977 845 1149 920 operaque
1175 822 1380 916 singulorum
1407 834 1542 916 nostra,
1575 837 1608 898 et
1642 827 1749 899 verba
1782 829 1963 899 examina-

596 953 702 1014 turus:
730 945 892 1037 propitius
920 951 993 1014 esto
1019 938 1134 1030 nobis,
1161 939 1309 1012 clemens
1334 926 1498 1030 Domine,
1524 965 1633 1037 neque
1655 945 1687 1013 in
1702 941 1861 1035 Judicium
1878 947 1962 1016 stri-

595 1059 678 1128 ctius
706 1061 809 1129 intres
836 1055 1027 1144 nobiscum;
1055 1054 1149 1126 aufer
1172 1054 1317 1128 Domine
1342 1066 1481 1149 peccata
1507 1066 1634 1146 nostra,
1660 1080 1722 1154 per
1747 1081 1840 1130 mare
1854 1062 1962 1132 mise-

594 1173 758 1246 ricordiae
786 1183 881 1262 tuae,
908 1182 942 1243 et
968 1170 1149 1266 multiplica.
1172 1191 1255 1262 erga
1281 1192 1344 1244 nos
1372 1171 1579 1246 clementiam
1602 1184 1701 1245 tuam.
1753 1172 1865 1247 Ablue
1881 1174 1962 1249 Do-

529 1319 542 1342 ·-
595 1296 682 1362 mine
710 1287 858 1360 deiectus
885 1299 1018 1360 nostros
1035 1311 1096 1383 per
1114 1286 1334 1360 abundantem
1353 1292 1494 1380 gratiam
1515 1299 1615 1378 tuam,
1643 1289 1801 1363 contrahe
1819 1292 1963 1364 Domine

591 1409 748 1499 justitiam
776 1414 883 1494 tuom,
911 1414 944 1476 et
971 1403 1131 1496 aliulgere
1157 1403 1213 1476 lac
1240 1427 1340 1500 super
1357 1404 1640 1478 nosclcmentiam
1657 1416 1764 1478 tusum
1790 1428 1963 1479 neumare

594 1522 773 1594 defleamus
801 1544 876 1592 cum
903 1519 1089 1592 errantibus
1117 1523 1171 1613 qui
1198 1542 1264 1593 non
1290 1528 1457 1592 noverunt
1481 1543 1604 1592 nornen
1630 1529 1735 1607 tuum,
1761 1543 1871 1616 neque
1902 1521 1961 1594 lu-

593 1649 723 1710 nestam
749 1649 889 1709 mortem
918 1636 1100 1726 obeamuS,
1127 1658 1201 1708 cum
1229 1636 1291 1708 illis
1319 1639 1375 1730 qui
1396 1647 1667 1732 contempserunt
1686 1640 1863 1733 passiones
1878 1647 1961 1712 tuas.

595 1754 648 1826 Ne
683 1753 890 1826 dissecentur
923 1751 1071 1825 membra
1105 1761 1220 1824 nostra
1253 1763 1389 1848 propter
1421 1752 1571 1825 odiosum
1605 1775 1743 1848 operum
1774 1733 1962 1828 nostrorum

595 1875 788 1964 nequitiam:
815 1893 858 1942 ne
890 1869 1071 1940 incidamus
1105 1870 1276 1960 inignem
1309 1879 1459 1941 urentem
1489 1879 1523 1941 et
1557 1868 1880 1941 tenebrosissimum:
1919 1892 1962 1941 nc

596 1985 840 2064 domineturiu
867 2006 929 2058 nos
955 1987 1096 2073 vermis,
1124 1993 1158 2056 et
1185 1984 1343 2056 corrodat
1365 1982 1629 2058 abominationes
1646 1993 1794 2069 nostros:
1821 2006 1864 2056 ue
1881 2009 1962 2082 prae

594 2110 832 2174 tormentorum
864 2099 1089 2193 magnitudine
1129 2098 1304 2192 ejulamus,
1342 2123 1385 2170 nc
1417 2098 1596 2172 clamemus
1630 2123 1713 2196 prae
1748 2097 1880 2173 dolore:
1919 2124 1963 2173 nc

596 2218 765 2308 ejiciamur
792 2240 865 2292 cum
892 2222 933 2290 iis
960 2221 1015 2312 qui
1042 2219 1233 2308 ejiciuntur:
1265 2238 1308 2288 nc
1342 2220 1607 2309 constringamur
1641 2215 1783 2288 vinculis
1817 2215 1962 2290 durissi-

595 2337 677 2420 mis,
705 2333 766 2406 scd
793 2343 901 2406 statue
928 2354 990 2404 nos
1018 2332 1059 2404 od
1086 2333 1197 2405 lumen
1223 2331 1333 2404 vultus
1361 2335 1424 2405 tui:
1452 2332 1611 2406 confitere
1636 2355 1700 2404 nos
1728 2335 1783 2427 qui
1816 2331 1962 2406 confessi

596 2471 709 2522 sumus
737 2462 779 2522 te.
833 2449 991 2541 Adjunge
1017 2471 1081 2522 nos
1114 2449 1301 2541 agminibus
1335 2451 1414 2521 tuis:
1446 2472 1584 2522 numera
1615 2471 1678 2522 nos
1709 2451 1793 2519 iuter
1829 2449 1962 2522 ordines

596 2573 683 2653 tuos,
709 2587 876 2660 praepara
902 2563 1000 2638 nobis
1027 2562 1212 2636 habitacula
1240 2572 1311 2636 tua:
1342 2565 1487 2636 illumina
1521 2587 1583 2639 nos
1614 2565 1735 2636 lumine
1770 2564 1879 2636 vultus
1907 2568 1962 2636 tui.
2031 2635 2039 2652 ,

599 2678 684 2763 Quia
710 2679 859 2752 confessi
886 2702 998 2752 sumus
1027 2689 1077 2769 te,
1104 2679 1264 2752 confitere
1290 2703 1371 2753 nos:
1399 2691 1432 2752 et
1459 2684 1534 2776 quia
1560 2703 1627 2752 nou
1650 2680 1891 2772 abnegavimus
1918 2689 1964 2766 te,

595 2817 697 2889 parce.
724 2794 831 2868 uobis.
884 2795 934 2868 Ea
961 2805 1098 2892 propter
1124 2793 1278 2869 Ecclesia
1305 2808 1360 2868 tua
1385 2795 1556 2892 redempta
1590 2801 1752 2889 sanguine
1784 2805 1862 2886 tuo,
1895 2796 1962 2868 de-

595 2923 750 3005 precatur
777 2922 829 3000 te,
857 2922 890 2983 et
916 2933 977 3006 per
1003 2921 1037 2983 te
1063 2923 1096 2984 et
1122 2920 1231 2984 tecum
1257 2911 1390 2984 Putrem
1417 2923 1525 3003 tuum,
1552 2912 1676 2986 dicens.
1922 2913 1927 2920 “

698 3027 858 3120 Populus.
911 3028 1083 3100 Miserere.

698 3143 882 3216 Sacerdos.
935 3143 1008 3216 Nos
1035 3166 1177 3238 quoque.
1312 3213 1316 3222 .

696 3259 884 3332 Diacoaus.
939 3260 1045 3345 Quam
1073 3258 1217 3331 timenda
1244 3269 1296 3331 est
1322 3257 1406 3331 baec
1432 3257 1525 3330 bora.

696 3376 857 3468 Papulas.
913 3375 1024 3448 Orate.

731 3734 913 3808 Sacerdos
939 3737 1024 3808 dicit
1051 3739 1249 3809 Orationem
1274 3736 1507 3808 laoocatiaois
1533 3734 1684 3828 Spiritus
1709 3740 1829 3808 sancti.

697 3952 863 4026 Miserere
888 3953 988 4027 nobis
1014 3953 1106 4026 Deus
1133 3956 1234 4029 Pater
1260 3958 1489 4051 omnipotens,
1523 3964 1556 4026 et
1588 3960 1680 4028 mitte
1713 3979 1813 4051 super
1838 3977 1901 4029 nos
1928 3968 1963 4029 et

596 4092 696 4166 super
729 4068 916 4143 oblationes
948 4073 1030 4143 istas
1061 4076 1266 4167 propositam,
1302 4071 1456 4167 Spiritum
1492 4081 1580 4143 tuum
1613 4081 1779 4161 sanctum,
1814 4076 1868 4168 qui
1903 4072 1962 4146 tibi

597 4186 747 4280 aequalis
775 4196 826 4258 est
852 4184 960 4277 gloria
988 4195 1021 4259 et
1046 4196 1233 4282 potestate,
1269 4186 1484 4281 aequalisque
1519 4187 1697 4264 secundum
1734 4188 1961 4276 substantiam,

596 4308 757 4390 naturam,
785 4313 818 4374 et
845 4301 1054 4394 dignitatem:
1070 4307 1136 4398 .qui
1162 4302 1386 4398 inPropbetis
1414 4306 1536 4376 sanctis
1562 4301 1692 4377 locutus
1718 4316 1781 4392 est,
1808 4316 1842 4377 ct
1857 4306 1961 4400 Apo-

597 4413 702 4488 stolos
730 4416 861 4492 divinos
888 4417 1037 4492 doctrina
1064 4422 1234 4507 instruxit,
1267 4422 1342 4515 ipse
1374 4422 1488 4492 veniat
1520 4430 1554 4492 et
1584 4419 1736 4492 illabatur
1767 4442 1868 4517 super
1900 4418 1962 4492 bas

598 4528 799 4606 oblationes:
827 4545 861 4606 et
879 4533 1007 4608 custodi
1028 4537 1061 4606 in
1081 4533 1180 4608 nobis
1198 4534 1430 4632 plenitudinem
1449 4535 1705 4631 praedicationis
1722 4535 1962 4628 Evangelicae.

701 4649 860 4743 Populus.
916 4652 1035 4740 Orate,
1063 4662 1125 4724 etc.

619 4807 626 4814 ·
697 4765 882 4838 Sacerdos.
935 4765 1067 4839 Exaudi
1093 4789 1156 4840 me.

699 4881 859 4975 Populos.
912 4882 1017 4978 Kyrie
1044 4881 1192 4972 eleison,
1217 4882 1324 4979 Kyrie
1351 4882 1498 4971 eleison,
1524 4881 1630 4980 Kyrie
1656 4882 1793 4956 eleison.

699 4995 873 5069 Sacerdos
906 4998 1043 5070 eieaaas
1074 5022 1199 5070 oecon.
1252 4999 1296 5072 Ut
1322 4995 1475 5072 illabatur
1502 5010 1535 5071 et
1562 4999 1680 5072 efficiat
1704 5023 1823 5096 panem
1852 5003 1962 5094 istum,

595 5113 702 5206 ipsum
731 5117 860 5207 inquam
888 5111 984 5202 bunc,
1012 5135 1134 5210 corpus
1163 5111 1284 5187 Christi
1310 5113 1373 5187 Dei
1399 5119 1513 5188 nostri.
