4712 6032
665 483 742 558 216
1160 477 1519 556 utnuutttt

664 670 818 763 labiliter,
846 680 880 743 et
904 670 1011 742 iactus
1040 679 1092 742 est
1116 666 1228 754 homa,
1257 665 1423 760 quomodo
1449 665 1556 737 voluit
1582 675 1616 736 et
1641 667 1744 754 novit,
1772 673 1807 736 et
1826 665 1937 737 omnia
1951 686 2037 757 qrrae

664 796 779 860 nostra
807 797 902 858 erant
929 795 1074 882 excepto
1101 792 1257 881 peccato,
1283 805 1345 878 pro
1373 780 1471 854 nobis
1498 780 1647 876 perfecit.

769 903 919 975 Elaeam
944 924 1070 974 uocem.
1124 899 1189 985 Qui
1217 909 1319 971 totam
1346 898 1628 994 dispensationem
1644 898 1824 970 salutarem
1849 919 1912 996 pro
1938 897 2037 970 nobis

664 1018 816 1106 perfecit,
844 1029 877 1080 ct
903 1041 965 1104 per
990 1019 1166 1105 passiones
1194 1037 1272 1079 suas
1299 1025 1445 1097 sanctaS,
1471 1013 1632 1086 advenitis
1661 1015 1711 1084 sul
1737 1017 1770 1085 t'n
1798 1037 1911 1102 carna,
1938 1019 2037 1086 vetl-

664 1134 765 1197 tatem
793 1124 1040 1197 demonstravit.
1093 1124 1131 1195 ln
1155 1133 1256 1194 nocte
1283 1123 1454 1196 Pascbatis
1482 1127 1515 1196 in
1544 1147 1608 1218 qua
1642 1124 1835 1198 tradebatur
1871 1151 1933 1223 pro
1967 1134 2037 1200 vita

666 1250 700 1312 et
726 1241 833 1313 salute
859 1241 981 1329 mundi,
1009 1243 1139 1335 accepit
1165 1261 1286 1334 patrem
1315 1244 1349 1311 in
1384 1263 1500 1312 manus
1527 1263 1605 1312 suas
1633 1253 1788 1332 sanctas,
1820 1241 2038 1316 sanctificavit

598 1389 601 1397 ·
666 1380 752 1446 eum,
779 1364 799 1440 †
827 1367 861 1428 et
887 1356 989 1448 fregit
1014 1363 1034 1438 †
1062 1355 1216 1448 deditque
1243 1362 1264 1438 †
1292 1355 1460 1452 discipulis
1496 1361 1565 1428 suis
1597 1357 1770 1454 Apostolis
1804 1351 1946 1449 sanctis,
1980 1360 2037 1432 di-

665 1496 762 1544 cens:
797 1476 968 1566 Accipite,
1001 1473 1089 1544 edite
1125 1494 1170 1542 ex
1203 1493 1259 1543 eo:
1291 1472 1366 1545 Hoc
1403 1482 1455 1544 est
1487 1493 1608 1568 corpus
1640 1496 1749 1545 meum
1785 1473 1874 1568 quod
1906 1497 1970 1547 vos
2004 1487 2037 1550 et

665 1589 785 1661 multos
813 1599 993 1685 praeparat
1020 1589 1062 1661 ad
1088 1589 1320 1660 remissionem
1347 1597 1561 1684 peccatorum
1587 1599 1621 1660 et
1646 1593 1750 1662 vitam
1777 1601 1958 1662 aeternam.

769 1705 929 1798 Populus.
983 1707 1103 1779 Arnen.

769 1821 952 1893 Sacerdos.
1006 1821 1164 1893 Similiter
1191 1824 1291 1894 etiam
1319 1831 1353 1891 et
1379 1820 1516 1894 calicem
1543 1823 1654 1910 vitae,
1680 1823 1761 1894 vino
1789 1831 1823 1894 et
1849 1845 1935 1916 aqua
1962 1845 2036 1895 cum

665 1942 863 2025 miscuisset,
896 1944 917 2020 †
945 1938 1209 2020 sanctificavit†
1244 1959 1337 2024 eum,
1371 1946 1404 2007 et
1430 1935 1519 2008 dedit
1553 1943 1574 2019 †
1608 1937 1776 2032 discipulis
1809 1940 1878 2009 suis
1914 1941 2036 2009 sanctis

575 2045 581 2060 '
666 2055 817 2128 discens:
845 2054 1018 2150 Accipite,
1054 2053 1156 2127 bibite
1190 2077 1236 2126 ex
1258 2076 1299 2126 eo
1327 2074 1392 2124 vos
1419 2075 1550 2123 omnes:
1582 2052 1646 2125 llic
1681 2064 1733 2124 est
1767 2057 1904 2146 sanguis
1931 2075 2037 2140 meus,

666 2194 762 2267 quem
789 2192 850 2265 pro
878 2173 947 2241 vita
983 2169 1094 2241 mundi
1127 2170 1169 2243 do
1198 2192 1285 2262 ego,
1318 2189 1384 2240 vos
1417 2177 1527 2238 nutem
1560 2180 1594 2240 et
1626 2167 1747 2240 multos
1782 2177 1963 2265 praeparat
1995 2167 2036 2238 ad

663 2289 895 2358 remissionem
922 2294 1150 2379 peccatorum,
1177 2294 1211 2355 et
1238 2283 1278 2356 ad
1306 2287 1407 2354 vitam
1436 2292 1616 2355 aeternam.

769 2400 932 2494 Populus.
985 2401 1104 2471 Amen.

768 2515 952 2586 Sacerdos.
1005 2514 1080 2587 Hoc
1113 2515 1212 2588 facito
1246 2519 1279 2586 in
1306 2518 1372 2586 mei
1408 2517 1615 2618 memoriam:
1650 2517 1923 2609 quotiescumque
1950 2517 2035 2586 enim

669 2630 909 2703 manducabitis
938 2653 1057 2725 panem
1083 2630 1169 2703 bunc
1199 2641 1233 2703 et
1259 2629 1496 2702 calicemhunc
1519 2628 1651 2718 bibetis,
1674 2635 1790 2702 mortis
1813 2653 1909 2702 meae
1937 2653 2036 2702 com-

668 2749 943 2820 memorationem
978 2748 1106 2839 agetis‚
1141 2757 1174 2819 et
1206 2749 1485 2819 resumectiooem
1512 2767 1620 2817 meam
1656 2745 1891 2818 confitebimini
1930 2744 2036 2817 donec

669 2865 815 2934 veniam.

767 2978 930 3072 Populus.
982 2978 1217 3068 Monstras,
1249 2989 1312 3052 etc.

769 3095 944 3166 Sacerdos
970 3096 1160 3167 inclinatus.
1210 3094 1324 3166 Mente
1352 3096 1450 3186 igitur
1481 3091 1688 3180 recolentes,
1725 3115 1765 3164 ea
1793 3097 1922 3184 omnia,
1951 3117 2036 3190 qnae

667 3234 730 3307 pro
759 3211 869 3299 nobis,
897 3221 930 3282 et
957 3223 1094 3306 propter
1120 3233 1184 3284 nos
1212 3210 1455 3307 dispensatorie
1483 3231 1503 3278 a
1530 3220 1563 3281 tc
1589 3209 1739 3304 perlecta
1765 3209 1913 3300 luerunt,
1944 3214 2036 3282 nati-

665 3332 801 3400 vitatem
829 3338 918 3400 tuam
947 3328 1145 3416 salutarem,
1171 3326 1369 3422 baptismum
1397 3336 1485 3397 tuum
1513 3325 1679 3413 divinum,
1720 3328 1922 3422 sepulturam
1950 3339 2036 3400 tuam

664 3445 900 3532 vivificantem,
927 3447 1207 3516 resurrectionem
1220 3454 1308 3515 tuam
1326 3441 1535 3529 dominicam,
1563 3446 1795 3514 ascensionem
1823 3454 1911 3515 tuam
1926 3442 2037 3536 gaudii

535 3621 537 3624 .
664 3561 810 3657 plenam,
839 3564 1091 3655 sessionemque
1118 3570 1207 3632 tuam
1243 3559 1286 3631 ad
1319 3558 1492 3629 dexteram
1528 3561 1711 3649 majestatis
1745 3557 1809 3630 Dei
1845 3571 1878 3631 et
1911 3559 2036 3630 Patris:

665 3679 782 3746 iterum
810 3671 909 3747 etiam
936 3675 1114 3747 adventum
1142 3685 1231 3746 tuum
1251 3674 1430 3746 secundum
1447 3673 1635 3760 timendum,
1664 3682 1697 3744 et
1723 3678 1875 3748 tremoris
1903 3674 2035 3772 plenum

666 3793 975 3880 commemoramus,
1004 3791 1134 3886 quando
1163 3794 1321 3863 exoriens
1348 3812 1421 3860 cum
1449 3789 1577 3881 gloriaq
1614 3789 1867 3885 terribiliterque
1894 3792 2035 3885 conspi-

666 3907 817 3978 ciendum
845 3919 878 3978 te
904 3906 1072 4003 praebens
1100 3910 1200 3980 vivos
1235 3916 1268 3978 et
1301 3913 1449 3978 mortuos
1479 3905 1664 3996 judicabis;
1700 3904 1829 4001 quando
1864 3905 2034 4000 Angelis

667 4021 846 4118 splendore
871 4023 984 4115 judicii
1011 4026 1055 4095 tui
1083 4026 1351 4110 contremiscent,
1379 4032 1412 4093 et
1437 4020 1642 4114 Archangeli
1669 4032 1822 4112 trement,
1848 4025 2036 4096 Potestates

666 4142 912 4229 concutientur,
954 4139 1081 4212 Throni
1121 4137 1424 4227 conturbabuntur,
1459 4145 1492 4209 ct
1527 4137 1669 4210 Ordines
1706 4139 1872 4212 coelestes
1908 4149 2037 4212 terrore

666 4252 912 4348 obstupescent.
939 4254 1033 4326 'l'unc
1060 4254 1355 4329 omneshomines
1382 4256 1416 4324 in
1443 4253 1560 4326 dolore
1587 4265 1727 4344 stantes,
1750 4257 1895 4348 Judicem
1911 4258 2035 4327 timen-

666 4370 742 4441 dum
769 4379 802 4439 et
827 4379 996 4463 potentem
1030 4371 1276 4466 expectabunt,
1308 4381 1384 4442 turm
1419 4392 1493 4443 cum
1521 4375 1670 4464 Justitiae
1703 4375 1907 4444 conveniens
1939 4373 2033 4445 locus

667 4489 747 4575 erit,
779 4487 886 4577 gratia
918 4500 1027 4560 autem
1062 4485 1184 4559 nullam
1221 4485 1405 4583 praestabit
1445 4485 1724 4576 misericordiam3
1757 4511 1833 4560 cum
1870 4487 2032 4560 carbones

666 4601 833 4690 ardentes
859 4599 989 4675 llamma
1017 4601 1228 4693 combinans,
1256 4600 1408 4695 gebenna
1435 4601 1713 4696 inextinguibilis:
1749 4603 1881 4698 quando
1914 4626 2064 4700 preces

665 4716 884 4812 repellentur,
912 4730 946 4791 ct
972 4719 1225 4817 deprecationes
1258 4741 1325 4790 non
1351 4717 1627 4815 acceptabantur,
1661 4723 1830 4792 orationes
1864 4742 1931 4794 non
1967 4741 2032 4792 au-

667 4834 803 4922 dientur,
832 4846 866 4907 et
892 4835 1143 4909 obsecrationes
1170 4838 1406 4930 cujuscumque
1432 4835 1680 4931 praecidentur:
1710 4857 1813 4930 parce
1839 4836 1936 4912 nobis
1954 4837 2032 4908 Do-

667 4953 756 5023 mine
791 4961 824 5022 et
857 4951 1000 5023 extende
1035 4952 1209 5025 dextoram
1243 4963 1332 5024 tuam
1365 4973 1465 5046 super
1499 4973 1564 5023 nos
1601 4972 1727 5024 omnes.
1779 4949 1833 5024 Ne
1866 4956 1968 5027 intres
1999 4956 2032 5024 in

1576 5079 1587 5120 l
