4782 6068
684 595 739 670 ou
770 591 1157 672 nnsroomuouon
1187 545 1443 673 braurone.
1665 595 1740 669 are

372 779 472 853 modo
500 801 634 875 semper
661 803 700 854 se
726 779 918 854 babuerunt.
970 782 1096 855 Verum
1129 805 1171 854 ea
1205 803 1290 877 quae
1316 784 1453 877 proprie
1480 781 1647 878 loquendo
1675 782 1741 855 Li-

373 897 515 988 turgiam
543 900 763 987 constituunt,
799 898 950 970 eamdem
979 921 1020 971 ac
1046 899 1246 993 reliquorum
1274 896 1533 971 Christianorum
1559 898 1744 990 Liturgiae,

362 1011 511 1085 formam
539 1010 670 1084 habent.
723 1013 895 1106 Leguntur
920 1013 1093 1110 Epistolae
1129 1025 1163 1088 et
1187 1012 1396 1107 Evangelia,
1432 1024 1608 1110 postquam
1636 1013 1743 1086 dictae

373 1137 450 1200 sunt
483 1130 653 1200 orationes
690 1129 732 1202 ad
771 1129 1012 1226 implorandum
1049 1132 1115 1204 Dei
1154 1129 1311 1203 auxilium
1351 1130 1539 1204 ordinatae:
1584 1141 1745 1202 canuntur

372 1244 513 1334 Psalmi3
547 1247 642 1340 panis
677 1257 711 1318 et
740 1248 853 1320 vitrum
887 1268 952 1319 non
986 1251 1059 1319 sine
1085 1268 1206 1338 magna
1233 1249 1424 1318 reverentia
1452 1246 1495 1318 ad
1521 1245 1626 1318 altare
1651 1244 1743 1318 inle-

372 1371 504 1450 rnntur,
538 1360 695 1432 diversae
735 1384 798 1457 pro
843 1362 994 1436 omnibus
1035 1366 1190 1461 personis
1230 1373 1264 1434 et
1301 1361 1556 1436 necessitatibus
1592 1361 1742 1436 dicuntur

373 1480 552 1552 orationes.
605 1477 717 1572 Atque
747 1477 832 1550 baec
860 1478 901 1550 ad
935 1483 1225 1575 praeparationem
1259 1501 1379 1551 sacrae
1412 1480 1551 1552 actionis
1579 1488 1742 1575 spectant,

374 1614 460 1687 quae
484 1615 554 1664 non
579 1593 680 1666 modo
709 1596 741 1664 in
769 1593 933 1690 Copticis‚
961 1593 1131 1694 Syriacis,
1158 1593 1297 1690 aliisque
1326 1594 1547 1667 Orientalibus
1572 1594 1744 1686 biturgiiS,

373 1708 435 1780 sed
459 1711 493 1780 in
514 1705 654 1780 Graecis
673 1708 865 1806 Latinisque
892 1713 1127 1807 cujuscumque
1153 1713 1246 1799 ritus,
1274 1710 1394 1783 eodem
1419 1709 1518 1782 modo
1545 1708 1592 1799 fir,
1619 1721 1653 1782 et
1679 1711 1744 1782 iis-

374 1823 449 1896 dem
476 1846 580 1920 saepe
605 1823 732 1914 verbis,
758 1848 823 1899 una
851 1838 944 1898 certe
970 1827 1155 1922 eademque
1181 1829 1354 1900 sententia.

475 1941 597 2014 XXlll.
649 1943 803 2016 Actionis
831 1965 950 2015 sacrae
983 1947 1108 2017 initium
1144 1942 1271 2014 ducitur
1306 1942 1348 2015 ab
1384 1942 1500 2015 osculo
1533 1945 1628 2037 pacis
1656 1941 1743 2039 apud
1773 1947 2066 2047 ‘nammpanerpraa-

374 2055 606 2145 Nestorianos,
632 2067 668 2130 ut
695 2059 783 2154 apud
809 2059 957 2154 reliquos
985 2058 1192 2133 Orientales:
1227 2062 1375 2154 sequitur
1411 2057 1596 2130 adhortatio
1624 2056 1743 2132 solen·
1757 2051 1856 2103 ⁰¹l¹¹⁸⁰·

373 2175 424 2244 nis
451 2170 592 2244 Sursum
619 2175 738 2262 cordo,
767 2181 830 2248 etc.
859 2198 944 2270 quae
971 2175 1092 2272 ubique
1120 2186 1154 2247 et
1180 2196 1313 2269 semper
1340 2174 1522 2248 observata
1549 2172 1654 2248 luisse
1680 2196 1743 2247 re-

374 2290 513 2382 peritur:
558 2311 699 2385 eamque
739 2295 887 2388 sequitur
928 2295 1034 2366 oratio
1068 2313 1154 2386 quae
1196 2289 1282 2386 apud
1318 2312 1381 2364 nos
1416 2291 1622 2382 Praefatio,
1656 2291 1745 2387 apud

375 2402 502 2477 Gothos
536 2414 570 2478 et
612 2407 697 2479 alios
741 2405 953 2478 Contestotio
1000 2406 1193 2504 appellatur.
1250 2406 1302 2480 Ea
1340 2404 1457 2478 laudes
1493 2415 1527 2477 et
1564 2408 1745 2496 gratiarnm

374 2523 521 2594 actiones
548 2526 696 2597 continet
721 2545 784 2619 pro
812 2523 963 2596 omnibus
990 2522 1159 2598 beneficiis
1191 2513 1334 2595 budiano
1368 2527 1487 2616 generi
1515 2546 1535 2594 a
1563 2523 1638 2595 Deo
1665 2522 1744 2594 col-

372 2635 465 2726 tatis,
501 2647 534 2709 et
566 2640 599 2710 in
634 2637 821 2713 Cherubico
857 2638 980 2735 hymno
1014 2639 1152 2728 desinit,
1188 2638 1357 2727 Sanctae,
1391 2638 1558 2727 Sanctus,
1585 2637 1743 2710 Sanctae.

372 2752 498 2824 Variae
523 2774 626 2848 porro
653 2765 728 2827 sunt
753 2759 786 2826 in
813 2755 964 2829 omnibus
999 2767 1064 2828 tam
1092 2752 1315 2828 Orientalibus
1349 2777 1446 2850 quarn
1475 2752 1744 2830 Occidentalibus

374 2868 507 2955 Officiis,
527 2868 769 2958 Praelationes,
797 2876 825 2945 si
843 2873 950 2946 verba
971 2872 1182 2960 attendimus,
1204 2871 1265 2944 sed
1284 2893 1400 2945 omnes
1415 2874 1509 2946 unius
1539 2881 1617 2944 sunt
1643 2873 1742 2962 ejus-

374 2985 515 3082 demque
533 2991 730 3074 sententiae,
750 3010 819 3060 non
839 2992 946 3060 minus
962 3011 1059 3083 quam
1086 2986 1235 3082 reliquae
1251 2991 1421 3060 orationes
1437 3010 1522 3082 quae
1549 2997 1741 3083 sequuntur,

373 3123 479 3196 usqne
506 3102 548 3174 ad
574 3107 875 3198 pronuntiationem
901 3103 1084 3176 verborum
1102 3103 1224 3178 Christi
1251 3105 1392 3178 Domini.
1444 3102 1482 3174 ln
1499 3103 1616 3177 codice
1635 3102 1744 3190 Elina,

374 3229 409 3288 nt
435 3221 588 3314 superius
613 3223 816 3310 notavimus,
843 3219 960 3292 desunt
984 3218 1065 3292 lolia
1093 3223 1225 3292 circiter
1251 3220 1327 3308 duo,
1356 3230 1390 3292 et
1416 3242 1457 3292 ea
1482 3219 1629 3315 suppleri
1655 3239 1743 3315 pos-

374 3344 449 3406 sunt
476 3357 522 3407 ex
549 3335 634 3425 aliis,
662 3346 816 3430 quantum
843 3336 1074 3410 adorationes
1102 3337 1188 3432 quad
1205 3335 1421 3433 praecedunt,
1447 3335 1536 3406 illam
1557 3358 1603 3407 ex
1617 3334 1739 3407 Evan-

373 3450 471 3542 geliis
498 3455 692 3547 pericopen,
722 3451 787 3538 Oui
809 3453 925 3546 pridie
952 3476 1051 3548 qoam
1072 3459 1265 3547 poteretur.
1318 3450 1404 3523 Nam
1430 3449 1536 3522 luisse
1561 3451 1744 3544 Liturgiam

374 3566 516 3662 aliquam
543 3570 576 3639 in
605 3589 668 3662 qua
697 3571 923 3641 omitterentur
949 3567 1056 3641 verba
1084 3567 1216 3657 Christi,
1243 3565 1420 3640 inauditum
1440 3590 1579 3664 prorsus
1597 3567 1743 3659 antiqui-

375 3692 451 3772 tus,
479 3691 513 3756 et
539 3694 656 3757 contra
683 3687 825 3756 omnium
851 3683 1096 3785 Ecclesiarnm,
1137 3687 1204 3759 imo
1239 3693 1273 3758 et
1304 3686 1407 3781 ipsius
1442 3683 1484 3755 de
1519 3706 1583 3778 qua
1614 3685 1743 3774 agImus

374 3799 598 3872 Nestorianae
625 3797 841 3896 disciplinam,
869 3825 955 3895 quae
981 3824 1028 3874 ex
1054 3801 1222 3876 Theodori
1250 3811 1284 3874 et
1309 3800 1456 3874 Nestorii
1471 3799 1631 3893 Liturgiis
1657 3820 1743 3895 per-

375 3919 490 4013 spicue
518 3921 720 4010 agnoscitur.
772 3917 819 3990 At
845 3917 932 4013 quod
957 3917 1088 3993 illorum
1113 3917 1254 3990 lormam
1281 3920 1448 3991 immutari
1472 3918 1585 3990 sanxit
1600 3915 1743 3989 Alexius

375 4033 559 4117 MenesinS,
585 4043 621 4106 ut
634 4032 786 4105 Romana
813 4031 1078 4125 substitueretur,
1103 4057 1171 4108 non
1186 4036 1322 4127 majoris
1344 4035 1527 4106 autoritatis
1555 4040 1618 4121 est,
1646 4051 1744 4125 quam

376 4152 524 4222 rationes
552 4148 625 4222 talis
653 4149 937 4244 interpolationis,
971 4173 1053 4245 quas
1088 4155 1122 4224 in
1148 4151 1302 4223 Decretis
1329 4149 1459 4244 synodi
1485 4145 1743 4241 Diamperanae,

376 4267 431 4360 qui
457 4265 633 4337 scribendo
662 4265 811 4353 aderant,
838 4274 956 4338 extare
982 4267 1169 4338 voluerunt.
1222 4266 1275 4338 De
1301 4264 1365 4337 illis
1380 4267 1451 4357 jam
1473 4261 1630 4334 nonnulla
1656 4261 1744 4333 dicta

376 4390 464 4470 sunt,
491 4384 584 4454 etin
611 4385 697 4456 notis
724 4382 819 4478 plura
847 4382 1004 4454 dicentur.

478 4499 602 4572 XXIV.
656 4499 920 4574 Observavirnns
948 4522 1081 4596 quoque
1105 4501 1358 4574 lanceationem
1384 4498 1529 4594 Spiritus
1556 4496 1676 4585 sancti,
1709 4497 1743 4567 in
1799 4521 1931 4574 tnvocorio
1955 4521 2064 4587 spamus

376 4616 481 4711 prima
507 4614 656 4708 Liturgia
682 4639 723 4690 eo
750 4615 828 4690 loco
856 4619 1016 4711 positam,
1042 4615 1099 4688 ubi
1124 4616 1228 4709 vulgo
1255 4637 1323 4688 non
1354 4615 1492 4706 legitur,
1524 4612 1651 4686 scilieet
1677 4633 1743 4682 on·
1756 4609 1873 4706 ⁸1f¹¹⁶¹³⁵¹¹
1886 4607 2066 4706 profusurus-

376 4743 509 4827 tequam
535 4735 793 4828 pronunciantur
819 4732 925 4804 verba
954 4732 1075 4806 Christi
1100 4733 1243 4805 Domini.
1296 4732 1421 4804 Postea
1444 4752 1528 4804 vero
1555 4750 1623 4800 non
1648 4727 1742 4820 legi·
1755 4691 2065 4834 ffi'gffillu'chn'

376 4857 446 4937 tur,
472 4857 508 4920 ut
533 4851 566 4920 in
594 4847 721 4922 duabus
755 4849 888 4939 alteris,
923 4857 957 4921 et
988 4850 1023 4919 in
1058 4848 1209 4923 omnibus
1245 4845 1477 4920 Orientalibus.
1530 4846 1568 4917 ln
1602 4844 1743 4940 Coptica

375 4963 490 5037 Basilii
517 4987 602 5061 qnae
628 4965 763 5037 duarum
791 4965 929 5038 aliarum
957 4964 1074 5038 Canon
1107 4975 1177 5055 est,
1211 4967 1388 5037 invocatur
1421 4963 1562 5058 Spiritus
1596 4971 1741 5048 sanctus,

375 5089 412 5152 ut
438 5079 608 5155 ollerenda
635 5082 723 5155 dona
751 5093 947 5174 consecret,
975 5091 1008 5156 et
1034 5081 1151 5158 alliciat
1176 5102 1299 5176 eorpus
1326 5089 1360 5152 et
1386 5082 1579 5170 sanguinein
1603 5077 1741 5152 Christi:

1454 5195 1535 5271 75*
