4782 6068
628 512 703 586 612
1137 515 1497 592 LITURGIA

626 698 826 790 mortalium,
853 710 888 772 ut
914 723 988 773 cum
1015 698 1167 773 coetibus
1196 701 1348 774 omnibus
1368 700 1565 791 sublimium,
1592 705 1758 795 majestati
1785 714 1861 778 tuae
1889 711 2005 780 omni-

626 815 690 889 bus
718 815 899 889 dominanti
924 815 1056 889 laudem
1093 826 1128 888 et
1157 815 1318 890 honorem
1351 818 1534 908 referrent,
1575 841 1650 891 cum
1682 819 1746 893 illis
1782 825 1837 918 qui
1870 844 2005 918 semper

627 954 743 1004 coram
769 936 913 1005 maxima
942 935 1116 1005 sanctitate
1143 943 1198 1005 tua
1220 932 1363 1026 jubilant
1385 933 1428 1005 ad
1455 931 1690 1006 celebrandam
1716 934 1858 1028 gloriam
1886 938 2004 1010 Trini-

626 1052 703 1120 tatis
730 1059 808 1120 tuae
840 1049 1022 1142 gloriosae.
1077 1048 1205 1121 Canon.
1259 1047 1511 1138 Vociferantes,
1545 1048 1772 1140 glorificantes
1805 1052 2003 1127 indesinen-

625 1173 689 1253 ter,
716 1163 964 1260 clamantesque
997 1186 1081 1236 unus
1108 1163 1151 1236 ed
1178 1164 1335 1254 alterum,
1368 1163 1516 1236 dicentes
1550 1173 1584 1236 et
1615 1167 1872 1261 respondentes:
1906 1168 2003 1242 San-

625 1290 711 1370 ctus,
738 1279 893 1352 Sanctus.
1352 1295 1355 1302 '

728 1395 906 1468 Sacerdos
943 1396 1028 1466 dicit
1064 1394 1154 1466 banc
1189 1393 1395 1466 Orationem.
1449 1393 1602 1467 Sanctus.
1647 1395 1802 1471 Sanctus.
1855 1398 2001 1476 Sanctus

624 1512 786 1585 Dominus
813 1521 943 1609 potens.

728 1785 906 1858 Sacerdos
928 1788 1150 1881 prosequitur
1177 1788 1283 1856 tacite
1309 1783 1399 1854 banc
1427 1783 1627 1855 Orationem
1654 1787 1894 1859 inclinationis.

729 1975 821 2048 Vere
847 1977 990 2050 Domine
1017 1983 1152 2048 sanctus
1180 1995 1217 2046 es
1244 1981 1278 2044 et
1303 1972 1486 2046 laudandus
1514 1975 1549 2044 iu
1575 1984 1755 2046 aeternum.
1790 1974 1932 2049 sanans
1960 1999 2000 2052 es

622 2092 716 2164 Deus
742 2091 843 2164 Pater
868 2114 973 2164 verus
1001 2090 1105 2180 solus,
1133 2099 1267 2163 sanctus
1294 2110 1427 2184 quoquc
1454 2098 1508 2162 est
1532 2088 1675 2185 Spiritus
1702 2101 1854 2164 sanctus:
1881 2103 2000 2166 natura

623 2209 757 2298 divina,
793 2217 827 2279 ct
858 2229 924 2279 non
956 2207 1058 2279 lacta:
1093 2208 1236 2279 omnium
1265 2204 1435 2293 conditor,
1472 2207 1528 2299 qui
1553 2205 1766 2294 naturaliter,
1802 2216 1836 2278 et
1863 2213 1998 2282 omnino

621 2345 707 2395 vere
733 2333 868 2396 sancius
896 2343 951 2395 es:
979 2333 1013 2394 et
1039 2331 1189 2394 sanctum
1215 2341 1338 2392 nomen
1365 2324 1448 2413 ejuS,
1476 2329 1511 2390 et
1536 2330 1653 2392 sancta
1679 2321 1872 2395 inhabitatio
1907 2327 1999 2416 ejus:

623 2441 679 2532 qui
712 2441 810 2509 etiam
842 2459 927 2510 uere
963 2437 1146 2511 sanctificat
1186 2457 1302 2508 omnes
1344 2439 1541 2530 quicumque
1582 2434 1673 2528 digni
1714 2448 1790 2510 sunt
1826 2443 2000 2536 suscipere

623 2555 743 2626 donum
771 2557 900 2645 mattae
934 2557 1016 2646 ejus.
1072 2551 1117 2624 Et
1149 2550 1325 2623 referimus
1361 2551 1418 2623 tibi
1452 2550 1604 2639 laudem,
1632 2550 1790 2646 gloriam,
1817 2558 1999 2648 gratiamm

621 2672 805 2758 actionem,
840 2680 873 2742 et
908 2669 1155 2757 adorationem,
1176 2667 1299 2757 ¹Patri,
1335 2677 1369 2739 et
1399 2666 1484 2739 Filio
1522 2677 1556 2738 et
1581 2666 1719 2763 Spiritui
1745 2682 1879 2760 sancto,
1911 2694 1999 2744 nunc

623 2794 657 2856 et
683 2806 829 2879 semper,
856 2795 889 2857 et
915 2788 949 2856 in
975 2783 1110 2857 saecula
1137 2781 1358 2856 saeculorum.
1398 2782 1589 2856 Adoramus
1616 2793 1650 2856 te
1676 2782 1831 2878 Domine,
1859 2797 1894 2859 et
1910 2809 1998 2880 gra-
2029 2798 2042 2806 ’

623 2903 689 2974 tias
717 2905 847 2992 agimus
873 2900 945 2988 tibi,
973 2911 1006 2972 et
1031 2897 1257 2992 glorificamus
1284 2909 1317 2971 te
1343 2909 1481 2995 propi-er
1507 2903 1617 2972 omnia
1645 2910 1700 2972 tua
1727 2897 1888 2973 beneficia
1916 2924 2000 2993 erga

621 3037 701 3089 nos:
730 3019 806 3110 quia
834 3019 957 3089 creasti
983 3037 1046 3088 nos
1074 3039 1119 3088 ex
1145 3014 1257 3101 nihilo,
1285 3013 1470 3110 dignosque
1495 3014 1603 3086 fecisti
1629 3036 1692 3086 nos
1717 3014 1847 3089 honore
1872 3041 1996 3110 magno

620 3131 783 3205 libertatis
809 3143 843 3203 et
870 3131 1125 3225 intelligentiae:
1152 3134 1208 3226 qui
1229 3139 1392 3226 perpetuo
1420 3141 1454 3202 et
1480 3151 1562 3223 erga
1589 3152 1854 3228 unumquemque
1883 3158 1996 3208 curam

620 3246 726 3321 habes
763 3248 1020 3321 conservandae
1051 3251 1144 3319 vitae
1174 3256 1321 3320 nostrae.
1376 3236 1499 3318 Coram
1539 3249 1671 3319 nomine
1704 3269 1826 3340 magno
1868 3259 1924 3323 tuo
1963 3261 1998 3322 ct
2099 3245 2106 3262 '

620 3363 792 3436 tremendo
820 3387 931 3458 genua
958 3362 1132 3452 ilectimus,
1160 3372 1193 3433 et
1212 3361 1410 3450 adoramus;
1436 3358 1676 3456 nobiscumque
1687 3363 1822 3435 laudant
1848 3375 1881 3435 et
1908 3387 1997 3457 gra-

620 3483 684 3550 tias
712 3491 816 3572 agunt
842 3489 958 3554 coetus
985 3501 1102 3552 omues
1125 3477 1322 3564 sublimium,
1351 3477 1593 3573 quodpropter
1619 3481 1762 3569 gratiam
1788 3490 1877 3551 tuam
1904 3478 1997 3550 inei-

620 3592 756 3666 labilem
782 3618 866 3688 erga
893 3617 956 3668 nos
983 3595 1145 3683 homines,
1173 3603 1207 3666 et
1232 3601 1371 3689 propter
1396 3602 1545 3665 nostram
1574 3593 1733 3682 salutem,
1764 3597 1995 3686 *unigenitus

619 3711 713 3783 Deus
748 3711 916 3800 Verbum,
949 3733 1024 3782 eum
1059 3713 1175 3802 imago
1204 3711 1269 3781 Dei
1302 3719 1408 3796 esset,
1443 3730 1510 3781 non
1543 3711 1694 3804 rapinam
1725 3709 1905 3784 arbitratus
1942 3721 1996 3782 est

619 3848 698 3900 esse
731 3849 770 3900 se
804 3826 978 3922 aequalem
1012 3826 1109 3916 Deo,
1144 3825 1204 3899 sed
1241 3849 1279 3898 se
1306 3829 1412 3921 ipsum
1449 3827 1651 3914 exinanivit,
1687 3835 1720 3896 et
1751 3823 1995 3898 similitudinem

618 3945 712 4015 servi
739 3946 881 4039 accepit,
908 3940 1144 4037 descenditque
1172 3941 1214 4012 de
1242 3939 1349 4029 coelo,
1378 3939 1548 4036 induitque
1574 3939 1808 4013 humanitatem
1832 3950 1995 4032 nostram,

617 4081 742 4155 corpus
774 4057 916 4130 mortale
949 4068 982 4130 et
1013 4060 1155 4129 animam
1183 4055 1401 4143 rationalem,
1434 4055 1672 4148 intelligentem
1706 4066 1740 4128 et
1773 4055 1993 4128 immortalem

617 4197 664 4246 ex
689 4174 832 4267 Virgine
864 4182 995 4262 sancta,
1025 4195 1087 4268 per
1113 4175 1268 4245 virtutem
1302 4171 1444 4268 Spiritus
1476 4175 1599 4243 sancti:
1635 4181 1668 4243 et
1700 4193 1762 4267 per
1794 4169 1873 4243 illud
1905 4193 1992 4266 per-

614 4290 697 4362 fecit
723 4298 756 4361 et
783 4289 965 4386 compleuit
990 4311 1122 4361 omnem
1144 4287 1424 4382 dispensationem
1453 4286 1537 4359 hanc
1556 4309 1721 4379 magnam,
1749 4297 1782 4358 et
1807 4275 1993 4360 mirabilem

616 4428 702 4500 quae
730 4404 849 4479 dudum
876 4413 1077 4501 praeparata
1104 4413 1178 4476 erat
1209 4425 1271 4498 per
1305 4407 1562 4499 praescientiam
1594 4414 1683 4474 tuam
1715 4413 1792 4474 ante
1824 4405 1992 4476 constitu-

615 4525 739 4593 tionem
768 4520 888 4593 mundi.
932 4519 1017 4592 Eam
1045 4541 1176 4615 quoque
1204 4518 1413 4614 complevisti
1439 4518 1649 4614 postmodum
1676 4518 1881 4614 temporibus
1907 4518 1992 4592 ulti-

615 4638 677 4706 mis
704 4658 766 4731 per
791 4635 911 4710 Filium
938 4647 1028 4710 tuum
1054 4638 1255 4728 unigenitum
1282 4635 1458 4708 Dominum
1493 4644 1642 4706 nostrum
1669 4634 1784 4708 Jesum
1812 4633 1989 4723 Christum,

614 4753 649 4821 in
685 4774 750 4847 quo
783 4751 908 4825 habitat
943 4756 1050 4824 omnis
1085 4749 1254 4848 plenitudo
1293 4751 1472 4824 divinitatis
1506 4750 1744 4846 corporaliter:
1771 4753 1912 4847 ipseque
1938 4763 1993 4824 est

615 4875 716 4962 caput
748 4866 925 4940 Ecclesiae
961 4878 994 4939 et
1026 4868 1267 4963 primogenitus
1301 4889 1347 4938 ex
1373 4868 1529 4941 mortuis:
1566 4876 1601 4937 et
1632 4867 1706 4961 ipse
1742 4876 1795 4938 est
1826 4865 1991 4962 perfectio

615 4985 771 5074 omnium,
799 5008 819 5057 a
847 5006 913 5080 quo
941 4985 1052 5056 omnia
1078 4981 1301 5078 perficiuntur.
1353 4983 1431 5078 lpse
1457 5005 1519 5078 per
1545 4981 1702 5078 Spiritum
1729 4991 1919 5075 aeternum,
1949 5005 1992 5055 so
