4728 6028
729 525 804 606 146
1229 527 1589 604 LlTlllllilA

830 715 992 810 Populus.
1046 714 1181 788 Omnes.

829 831 1017 902 Diaconos.
1070 831 1161 903 Post

830 947 1014 1020 Sacerdos.
1066 946 1326 1020 inclinationem·
1347 945 1506 1020 collorum
1537 957 1728 1020 nostrorum
1762 946 1820 1020 tibi
1854 959 1887 1019 ει
1917 969 2032 1020 coram
2059 959 2093 1022 te

726 1064 911 1154 offerimus,
945 1072 980 1134 ut
1013 1064 1232 1159 percipiamus
1263 1088 1282 1136 a
1315 1073 1348 1135 te
1374 1061 1656 1154 benedictionem,
1689 1086 1774 1158 quae
1806 1073 2006 1159 praeparata
2041 1076 2093 1137 est

725 1178 900 1254 humilibus
926 1178 1044 1268 corda,
1080 1181 1155 1274 quia
1182 1189 1217 1251 tu
1244 1201 1282 1252 es
1305 1179 1412 1272 judex
1437 1183 1693 1271 cogitationum,
1729 1188 1763 1250 et
1797 1191 1961 1253 scrutator
1992 1202 2093 1252 men-

724 1300 804 1370 tium
830 1299 982 1382 Domine,
1010 1307 1045 1369 et
1070 1296 1129 1368 tibi
1155 1294 1297 1388 gloriam
1323 1293 1515 1386 referimus,
1548 1305 1582 1368 ει
1615 1297 1786 1388 unigenito
1819 1293 1905 1368 Filio
1934 1305 2004 1386 tuo,
2030 1306 2092 1368 ete.

832 1410 993 1506 Populus.
1045 1414 1164 1486 Amen.

831 1527 1016 1600 Sacerdos.
1071 1527 1156 1614 Quia
1190 1549 1251 1623 per
1291 1524 1523 1598 abundantiam
1563 1525 1674 1600 divitis
1717 1528 1966 1601 misericordiae
2005 1541 2094 1618 tuae,

728 1647 821 1718 Deus
847 1635 960 1732 Pater,
988 1641 1031 1716 ad
1057 1643 1196 1716 salutem
1223 1655 1370 1717 nostram
1397 1646 1514 1716 misisti
1540 1643 1641 1715 tilium
1661 1655 1761 1731 tuum,
1788 1651 1824 1714 ut
1850 1667 1924 1716 eum
1952 1649 2006 1742 qui
2032 1667 2094 1716 er-

728 1784 809 1834 rore
835 1763 967 1858 peccati
994 1758 1150 1832 seductus
1176 1758 1285 1832 iuerat
1309 1761 1482 1833 voluntate
1508 1781 1578 1850 sua,
1605 1757 1801 1832 deduceret:
1835 1771 1869 1832 et
1892 1760 2050 1834 liberaret
2075 1784 2096 1834 a

727 1877 832 1951 lovea
864 1879 980 1949 mortis
1013 1887 1048 1948 et
1079 1875 1245 1948 Satanae:
1283 1885 1316 1947 ει
1348 1879 1421 1971 ipse
1457 1898 1518 1971 per
1544 1899 1583 1948 se
1618 1879 1726 1972 ipsum
1761 1880 1992 1970 purgationem
2017 1876 2095 1949 iecit

724 1992 841 2088 loprae
867 1992 968 2066 illius:
1002 2003 1037 2064 tu
1070 1995 1248 2065 etiamnum
1282 1992 1425 2065 Domina
1464 1992 1610 2065 illumina
1643 1991 1769 2064 vultum
1795 2002 1903 2080 mum,
1944 2003 1978 2066 et
2010 1991 2095 2066 salvi

725 2109 903 2181 efficiamur
929 2107 993 2181 hoc
1020 2087 1189 2204 tempore,
1216 2129 1281 2202 quo
1316 2107 1412 2181 simul
1444 2131 1518 2180 cum
1546 2109 1713 2204 mysteriis
1739 2109 1811 2179 istis
1838 2111 1981 2196 sanctis,
2009 2128 2094 2201 quae

724 2223 784 2297 tibi
811 2225 1002 2310 offeruntur,
1030 2222 1283 2317 deprecationes
1309 2231 1441 2295 nostras
1468 2223 1525 2296 tibi
1545 2223 1725 2312 offerimus,
1753 2235 1787 2296 ut
1813 2222 1909 2295 nobis
1935 2243 2002 2294 non
2029 2223 2092 2294 sint

725 2344 759 2412 in
786 2340 1107 2431 condemnationem,
1133 2361 1242 2434 neque
1268 2341 1301 2411 in
1328 2350 1475 2428 reatum,
1510 2338 1570 2414 sad
1602 2343 1634 2414 in
1669 2339 1780 2413 cordis
1808 2337 2094 2426 confortationem,

726 2467 759 2528 et
786 2459 1015 2552 aspersionem
1043 2457 1268 2528 conscientiae
1294 2454 1453 2546 mundae,
1482 2465 1516 2528 et
1542 2454 1584 2528 ad
1597 2459 1828 2529 remissionem
1856 2457 1999 2528 omnium
2025 2455 2094 2523 ini-

726 2575 883 2667 quitatum
909 2580 1115 2643 nostrarum:
1148 2593 1209 2666 per
1242 2594 1390 2644 amorem
1425 2593 1509 2664 erga
1544 2571 1695 2645 homines
1730 2581 1838 2660 tuum,
1872 2581 1906 2643 ει
1938 2571 2095 2661 unigeniti

725 2691 772 2758 tui
799 2690 853 2782 qui
879 2687 920 2760 ab
948 2695 1086 2760 aeterno
1115 2711 1135 2759 a
1161 2696 1195 2758 te
1221 2690 1352 2779 genitus
1379 2699 1443 2778 est,
1470 2687 1858 2784 SpiritusqueParacliti,
1884 2686 2094 2778 vivificantis,

725 2799 851 2898 tibique
879 2801 1101 2875 connaturalis
1129 2813 1163 2874 et
1187 2803 1492 2894 consubstantialis,
1518 2827 1617 2896 nunc,
1645 2816 1706 2877 eta.

831 2918 993 3012 Populus.
1045 2918 1164 2990 Amen.

828 3035 1016 3106 Diaconos.
1071 3032 1216 3107 Stemus.

830 3151 1014 3224 Sacerdos.
1069 3147 1201 3223 Caritas
1227 3152 1291 3222 Dei
1318 3151 1436 3240 Patris,
1464 3161 1526 3223 etc.

827 3267 989 3362 Populos.
1041 3262 1086 3338 Et
1111 3290 1185 3340 cum
1213 3269 1330 3364 spiritu
1355 3277 1421 3338 tuo.

827 3385 1011 3456 Sacerdos.
1067 3383 1205 3456 Sursum
1233 3384 1346 3456 corda.
1434 3369 1440 3387 ⁶

829 3499 992 3594 Populos.
1045 3496 1215 3572 Habemus
1243 3499 1285 3572 ad
1311 3498 1498 3571 Dominum.

827 3616 1011 3691 Sacerdos.
1065 3615 1199 3690 Gratias
1227 3636 1366 3708 agamus
1392 3614 1544 3687 Domino.

828 3733 989 3826 Populos.
1041 3733 1187 3823 Dignum
1213 3741 1248 3802 ει
1269 3735 1393 3824 justum
1421 3741 1480 3803 ast.

828 3849 1004 3921 Sacerdos
1030 3848 1221 3919 inclinatus.
1275 3847 1365 3919 Vere
1392 3846 1526 3950 dignum
1561 3855 1595 3918 et
1622 3848 1745 3938 justum
1773 3853 1888 3916 estut
1920 3854 1955 3914 ιε
1982 3841 2092 3936 glori-

724 3965 879 4054 ficemus,
906 3975 939 4036 te
966 3963 1162 4052 adoramus,
1196 3972 1229 4034 te
1254 3962 1444 4055 laudemus,
1479 3971 1511 4034 te
1545 3962 1731 4035 exaltemus
1764 3959 1916 4057 opificem
1949 3959 2093 4032 omnium

726 4091 951 4154 creaturarum
977 4079 1154 4154 visibilium
1182 4089 1215 4150 et
1237 4078 1466 4170 invisibilium,
1493 4079 1535 4152 ab
1562 4079 1626 4152 illis
1653 4080 1740 4150 euim
1765 4099 1872 4151 vocas
1904 4071 2010 4148 laudis
2037 4071 2093 4144 tibi

726 4198 915 4271 offeruntur.
2137 4183 2139 4187 ¹

829 4313 980 4384 Elaeans
1005 4336 1131 4384 rocem
1186 4311 1376 4385 Glorificaut
1403 4323 1435 4384 te
1461 4313 1604 4386 Domine
1632 4312 1764 4383 ordines
1791 4307 2011 4402 Angelorum,
2036 4305 2093 4378 le-

724 4433 844 4522 giones
869 4429 1170 4522 Archangelorum,
1197 4440 1355 4501 catervae
1381 4433 1537 4502 virtutum
1564 4428 1845 4516 immaterialium,
1881 4449 1967 4521 quae
1992 4425 2093 4498 inda-

726 4549 872 4620 sineuter
898 4545 1062 4618 extollunt
1088 4567 1195 4619 voces
1218 4544 1398 4638 jubilorum
1426 4545 1551 4641 absque
1578 4549 1796 4632 reversione,
1833 4565 1908 4614 oum
1935 4542 2093 4616 elbusioue

726 4665 899 4752 scientiae,
933 4673 967 4735 et
992 4665 1129 4751 timore,
1167 4670 1200 4734 et
1232 4683 1305 4732 oum
1340 4665 1520 4758 sapientia,
1554 4664 1659 4735 variis
1690 4659 2003 4734 sanctificationibus
2031 4657 2088 4729 di-

726 4780 855 4867 stincta,
883 4777 1045 4851 extollunt
1069 4799 1189 4868 voces,
1215 4776 1369 4870 clamant,
1396 4777 1622 4851 vociferantur
1649 4788 1683 4849 et
1708 4778 1828 4850 dicunt.
1883 4760 1887 4768 ¹

829 4891 990 4986 Populos.
1043 4893 1196 4967 Sanctus.
