<?xml version="1.0" encoding="UTF-8"?>
<!DOCTYPE html PUBLIC "-//W3C//DTD XHTML 1.0 Transitional//EN"
    "http://www.w3.org/TR/xhtml1/DTD/xhtml1-transitional.dtd">
<html xmlns="http://www.w3.org/1999/xhtml" xml:lang="en" lang="en">
 <head>
  <title>
</title>
<meta http-equiv="Content-Type" content="text/html;charset=utf-8" />
  <meta name='ocr-system' content='tesseract 3.04.00' />
  <meta name='ocr-capabilities' content='ocr_page ocr_carea ocr_par ocr_line ocrx_word'/>
</head>
<body>
  <div class='ocr_page' id='page_1' title='image "./liturgiarumorie04renagoog_0582.png"; bbox 0 0 4814 6060; ppageno 0'>
   <div class='ocr_carea' id='block_1_1' title="bbox 625 629 1691 710">
    <p class='ocr_par' dir='ltr' id='par_1_1' title="bbox 625 629 1691 710">
     <span class='ocr_line' id='line_1_1' title="bbox 625 629 1691 710; baseline 0.001 -4"><span class='ocrx_word' id='word_1_1' title='bbox 625 630 763 708; x_wconf 83' lang='lat' dir='ltr'>BASlLll</span> <span class='ocrx_word' id='word_1_2' title='bbox 788 629 836 706; x_wconf 88' lang='lat' dir='ltr'>EX</span> <span class='ocrx_word' id='word_1_3' title='bbox 864 630 1047 708; x_wconf 72' lang='lat' dir='ltr'>uuisioni</span> <span class='ocrx_word' id='word_1_4' title='bbox 1073 631 1248 708; x_wconf 77' lang='lat' dir='ltr'>nubatis</span> <span class='ocrx_word' id='word_1_5' title='bbox 1275 633 1415 710; x_wconf 53' lang='lat' dir='ltr'>nisu«</span> <span class='ocrx_word' id='word_1_6' title='bbox 1616 631 1691 707; x_wconf 75' lang='lat'>545</span> 
     </span>
    </p>
   </div>
   <div class='ocr_carea' id='block_1_2' title="bbox 319 815 1692 914">
    <p class='ocr_par' dir='ltr' id='par_1_2' title="bbox 319 815 1692 914">
     <span class='ocr_line' id='line_1_2' title="bbox 319 815 1692 914; baseline 0.004 -26"><span class='ocrx_word' id='word_1_7' title='bbox 319 815 444 912; x_wconf 88' lang='lat' dir='ltr'>tibique</span> <span class='ocrx_word' id='word_1_8' title='bbox 478 820 512 888; x_wconf 93' lang='lat' dir='ltr'>in</span> <span class='ocrx_word' id='word_1_9' title='bbox 545 815 728 891; x_wconf 89' lang='lat' dir='ltr'>substantia</span> <span class='ocrx_word' id='word_1_10' title='bbox 764 815 910 911; x_wconf 89' lang='lat' dir='ltr'>aequali,</span> <span class='ocrx_word' id='word_1_11' title='bbox 943 839 1030 888; x_wconf 90' lang='lat' dir='ltr'>nunc</span> <span class='ocrx_word' id='word_1_12' title='bbox 1063 826 1097 889; x_wconf 89' lang='lat' dir='ltr'>et</span> <span class='ocrx_word' id='word_1_13' title='bbox 1131 839 1283 914; x_wconf 90' lang='lat' dir='ltr'>semper,</span> <span class='ocrx_word' id='word_1_14' title='bbox 1318 829 1353 890; x_wconf 89' lang='lat' dir='ltr'>et</span> <span class='ocrx_word' id='word_1_15' title='bbox 1378 822 1411 891; x_wconf 92' lang='lat' dir='ltr'>in</span> <span class='ocrx_word' id='word_1_16' title='bbox 1445 820 1580 892; x_wconf 89' lang='lat' dir='ltr'>saecula</span> <span class='ocrx_word' id='word_1_17' title='bbox 1607 843 1692 894; x_wconf 91' lang='lat' dir='ltr'>sae-</span> 
     </span>
    </p>
   </div>
   <div class='ocr_carea' id='block_1_3' title="bbox 210 933 479 1005">
    <p class='ocr_par' dir='ltr' id='par_1_3' title="bbox 210 933 479 1005">
     <span class='ocr_line' id='line_1_3' title="bbox 210 933 479 1005; baseline -0.015 2"><span class='ocrx_word' id='word_1_18' title='bbox 210 945 215 954; x_wconf 82' lang='grc'>’</span> <span class='ocrx_word' id='word_1_19' title='bbox 319 933 479 1005; x_wconf 91' lang='lat' dir='ltr'>culorum.</span> 
     </span>
    </p>
   </div>
   <div class='ocr_carea' id='block_1_4' title="bbox 315 1046 1695 5073">
    <p class='ocr_par' dir='ltr' id='par_1_4' title="bbox 422 1046 758 1142">
     <span class='ocr_line' id='line_1_4' title="bbox 422 1046 758 1142; baseline -0.003 -23"><span class='ocrx_word' id='word_1_20' title='bbox 422 1047 585 1142; x_wconf 75' lang='lat' dir='ltr'>Populus.</span> <span class='ocrx_word' id='word_1_21' title='bbox 637 1046 758 1119; x_wconf 88' lang='lat' dir='ltr'>Amen.</span> 
     </span>
    </p>

    <p class='ocr_par' dir='ltr' id='par_1_5' title="bbox 318 1162 1693 1375">
     <span class='ocr_line' id='line_1_5' title="bbox 421 1162 1693 1262; baseline 0.005 -28"><span class='ocrx_word' id='word_1_22' title='bbox 421 1163 610 1235; x_wconf 81' lang='lat' dir='ltr'>Diacomrr.</span> <span class='ocrx_word' id='word_1_23' title='bbox 663 1162 796 1236; x_wconf 89' lang='lat' dir='ltr'>Stemus</span> <span class='ocrx_word' id='word_1_24' title='bbox 824 1163 997 1251; x_wconf 88' lang='lat' dir='ltr'>decenter,</span> <span class='ocrx_word' id='word_1_25' title='bbox 1025 1172 1150 1236; x_wconf 86' lang='lat' dir='ltr'>stemus</span> <span class='ocrx_word' id='word_1_26' title='bbox 1182 1174 1398 1257; x_wconf 78' lang='lat' dir='ltr'>reverenter,</span> <span class='ocrx_word' id='word_1_27' title='bbox 1432 1169 1612 1262; x_wconf 87' lang='lat' dir='ltr'>intentique</span> <span class='ocrx_word' id='word_1_28' title='bbox 1638 1171 1693 1242; x_wconf 88' lang='lat' dir='ltr'>si-</span> 
     </span>
     <span class='ocr_line' id='line_1_6' title="bbox 318 1277 1250 1375; baseline 0.001 -24"><span class='ocrx_word' id='word_1_29' title='bbox 318 1300 407 1368; x_wconf 90' lang='lat' dir='ltr'>rnus,</span> <span class='ocrx_word' id='word_1_30' title='bbox 437 1279 513 1351; x_wconf 94' lang='lat' dir='ltr'>dum</span> <span class='ocrx_word' id='word_1_31' title='bbox 538 1277 622 1352; x_wconf 91' lang='lat' dir='ltr'>baec</span> <span class='ocrx_word' id='word_1_32' title='bbox 647 1277 830 1375; x_wconf 90' lang='lat' dir='ltr'>Anaphora</span> <span class='ocrx_word' id='word_1_33' title='bbox 859 1302 1044 1375; x_wconf 89' lang='lat' dir='ltr'>cumpace</span> <span class='ocrx_word' id='word_1_34' title='bbox 1070 1283 1250 1375; x_wconf 76' lang='lat' dir='ltr'>peragitur.</span> 
     </span>
    </p>

    <p class='ocr_par' dir='ltr' id='par_1_6' title="bbox 318 1395 1692 1583">
     <span class='ocr_line' id='line_1_7' title="bbox 421 1395 1692 1491; baseline 0.006 -26"><span class='ocrx_word' id='word_1_35' title='bbox 421 1395 582 1489; x_wconf 78' lang='lat' dir='ltr'>Populus.</span> <span class='ocrx_word' id='word_1_36' title='bbox 635 1395 901 1468; x_wconf 81' lang='lat' dir='ltr'>Misericordiam</span> <span class='ocrx_word' id='word_1_37' title='bbox 927 1405 963 1467; x_wconf 88' lang='lat' dir='ltr'>et</span> <span class='ocrx_word' id='word_1_38' title='bbox 988 1416 1128 1491; x_wconf 90' lang='lat' dir='ltr'>pacem,</span> <span class='ocrx_word' id='word_1_39' title='bbox 1156 1417 1196 1467; x_wconf 92' lang='lat' dir='ltr'>ac</span> <span class='ocrx_word' id='word_1_40' title='bbox 1224 1395 1419 1469; x_wconf 88' lang='lat' dir='ltr'>sacrificium</span> <span class='ocrx_word' id='word_1_41' title='bbox 1453 1405 1486 1468; x_wconf 87' lang='lat' dir='ltr'>et</span> <span class='ocrx_word' id='word_1_42' title='bbox 1512 1403 1692 1490; x_wconf 87' lang='lat' dir='ltr'>gratiarum</span> 
     </span>
     <span class='ocr_line' id='line_1_8' title="bbox 318 1515 492 1583; baseline -0.006 -1"><span class='ocrx_word' id='word_1_43' title='bbox 318 1515 492 1583; x_wconf 90' lang='lat' dir='ltr'>actionem.</span> 
     </span>
    </p>

    <p class='ocr_par' dir='ltr' id='par_1_7' title="bbox 317 1625 1693 1838">
     <span class='ocr_line' id='line_1_9' title="bbox 421 1625 1693 1720; baseline 0.006 -24"><span class='ocrx_word' id='word_1_44' title='bbox 421 1625 607 1698; x_wconf 82' lang='lat' dir='ltr'>Sacerdos.</span> <span class='ocrx_word' id='word_1_45' title='bbox 662 1627 794 1701; x_wconf 83' lang='lat' dir='ltr'>Caritas</span> <span class='ocrx_word' id='word_1_46' title='bbox 822 1629 886 1699; x_wconf 92' lang='lat' dir='ltr'>Dei</span> <span class='ocrx_word' id='word_1_47' title='bbox 908 1629 1029 1718; x_wconf 87' lang='lat' dir='ltr'>Patris,</span> <span class='ocrx_word' id='word_1_48' title='bbox 1057 1630 1165 1720; x_wconf 88' lang='lat' dir='ltr'>gratia</span> <span class='ocrx_word' id='word_1_49' title='bbox 1181 1627 1316 1700; x_wconf 90' lang='lat' dir='ltr'>Domini</span> <span class='ocrx_word' id='word_1_50' title='bbox 1333 1632 1440 1701; x_wconf 89' lang='lat' dir='ltr'>nostri</span> <span class='ocrx_word' id='word_1_51' title='bbox 1461 1630 1543 1705; x_wconf 87' lang='lat' dir='ltr'>lesu</span> <span class='ocrx_word' id='word_1_52' title='bbox 1570 1627 1693 1704; x_wconf 82' lang='lat' dir='ltr'>Christi</span> 
     </span>
     <span class='ocr_line' id='line_1_10' title="bbox 317 1737 1430 1838; baseline 0.002 -24"><span class='ocrx_word' id='word_1_53' title='bbox 317 1737 368 1814; x_wconf 89' lang='lat' dir='ltr'>ac</span> <span class='ocrx_word' id='word_1_54' title='bbox 384 1745 636 1816; x_wconf 74' lang='lat' dir='ltr'>communicatio</span> <span class='ocrx_word' id='word_1_55' title='bbox 664 1745 770 1814; x_wconf 90' lang='lat' dir='ltr'>sancti</span> <span class='ocrx_word' id='word_1_56' title='bbox 798 1742 940 1838; x_wconf 85' lang='lat' dir='ltr'>Spiritus</span> <span class='ocrx_word' id='word_1_57' title='bbox 968 1747 1012 1816; x_wconf 91' lang='lat' dir='ltr'>sit</span> <span class='ocrx_word' id='word_1_58' title='bbox 1039 1766 1112 1816; x_wconf 93' lang='lat' dir='ltr'>cum</span> <span class='ocrx_word' id='word_1_59' title='bbox 1140 1743 1294 1817; x_wconf 91' lang='lat' dir='ltr'>omnibus</span> <span class='ocrx_word' id='word_1_60' title='bbox 1320 1742 1430 1817; x_wconf 88' lang='lat' dir='ltr'>vobis.</span> 
     </span>
    </p>

    <p class='ocr_par' dir='ltr' id='par_1_8' title="bbox 419 1855 1016 1954">
     <span class='ocr_line' id='line_1_11' title="bbox 419 1855 1016 1954; baseline 0.002 -25"><span class='ocrx_word' id='word_1_61' title='bbox 419 1858 580 1953; x_wconf 76' lang='lat' dir='ltr'>Populea.</span> <span class='ocrx_word' id='word_1_62' title='bbox 632 1855 779 1930; x_wconf 87' lang='lat' dir='ltr'>Etcum</span> <span class='ocrx_word' id='word_1_63' title='bbox 806 1861 1016 1954; x_wconf 89' lang='lat' dir='ltr'>spiritutuo.</span> 
     </span>
    </p>

    <p class='ocr_par' dir='ltr' id='par_1_9' title="bbox 420 1973 1059 2048">
     <span class='ocr_line' id='line_1_12' title="bbox 420 1973 1059 2048; baseline 0.002 -3"><span class='ocrx_word' id='word_1_64' title='bbox 420 1973 606 2046; x_wconf 84' lang='lat' dir='ltr'>Sacerdos.</span> <span class='ocrx_word' id='word_1_65' title='bbox 661 1974 799 2047; x_wconf 85' lang='lat' dir='ltr'>Sursum</span> <span class='ocrx_word' id='word_1_66' title='bbox 828 1977 893 2045; x_wconf 92' lang='lat' dir='ltr'>sint</span> <span class='ocrx_word' id='word_1_67' title='bbox 920 1985 1059 2048; x_wconf 86' lang='lat' dir='ltr'>mentes.</span> 
     </span>
    </p>

    <p class='ocr_par' dir='ltr' id='par_1_10' title="bbox 418 2089 1003 2183">
     <span class='ocr_line' id='line_1_13' title="bbox 418 2089 1003 2183; baseline 0.005 -24"><span class='ocrx_word' id='word_1_68' title='bbox 418 2089 581 2183; x_wconf 78' lang='lat' dir='ltr'>Populus.</span> <span class='ocrx_word' id='word_1_69' title='bbox 634 2089 720 2162; x_wconf 87' lang='lat' dir='ltr'>Sunt</span> <span class='ocrx_word' id='word_1_70' title='bbox 747 2089 788 2161; x_wconf 92' lang='lat' dir='ltr'>ad</span> <span class='ocrx_word' id='word_1_71' title='bbox 814 2089 1003 2162; x_wconf 92' lang='lat' dir='ltr'>Dominum.</span> 
     </span>
    </p>

    <p class='ocr_par' dir='ltr' id='par_1_11' title="bbox 419 2204 1371 2298">
     <span class='ocr_line' id='line_1_14' title="bbox 419 2204 1371 2298; baseline 0.001 -23"><span class='ocrx_word' id='word_1_72' title='bbox 419 2204 604 2276; x_wconf 78' lang='lat' dir='ltr'>Sacerdos.</span> <span class='ocrx_word' id='word_1_73' title='bbox 659 2204 791 2276; x_wconf 90' lang='lat' dir='ltr'>Gratias</span> <span class='ocrx_word' id='word_1_74' title='bbox 819 2227 957 2298; x_wconf 86' lang='lat' dir='ltr'>agamus</span> <span class='ocrx_word' id='word_1_75' title='bbox 984 2207 1130 2279; x_wconf 89' lang='lat' dir='ltr'>Domino</span> <span class='ocrx_word' id='word_1_76' title='bbox 1158 2213 1371 2278; x_wconf 88' lang='lat' dir='ltr'>reverenter.</span> 
     </span>
    </p>

    <p class='ocr_par' dir='ltr' id='par_1_12' title="bbox 418 2319 1079 2413">
     <span class='ocr_line' id='line_1_15' title="bbox 418 2319 1079 2413; baseline 0 -21"><span class='ocrx_word' id='word_1_77' title='bbox 418 2320 580 2413; x_wconf 82' lang='lat' dir='ltr'>Populos.</span> <span class='ocrx_word' id='word_1_78' title='bbox 632 2319 780 2413; x_wconf 89' lang='lat' dir='ltr'>Dignum</span> <span class='ocrx_word' id='word_1_79' title='bbox 807 2330 841 2392; x_wconf 87' lang='lat' dir='ltr'>et</span> <span class='ocrx_word' id='word_1_80' title='bbox 863 2323 987 2411; x_wconf 89' lang='lat' dir='ltr'>justum</span> <span class='ocrx_word' id='word_1_81' title='bbox 1018 2332 1079 2394; x_wconf 89' lang='lat' dir='ltr'>est.</span> 
     </span>
    </p>

    <p class='ocr_par' dir='ltr' id='par_1_13' title="bbox 315 2435 1695 4965">
     <span class='ocr_line' id='line_1_16' title="bbox 418 2435 1691 2535; baseline 0.005 -29"><span class='ocrx_word' id='word_1_82' title='bbox 418 2435 595 2506; x_wconf 79' lang='lat' dir='ltr'>Sacerdos</span> <span class='ocrx_word' id='word_1_83' title='bbox 612 2437 804 2510; x_wconf 78' lang='lat' dir='ltr'>inclinatos.</span> <span class='ocrx_word' id='word_1_84' title='bbox 832 2438 976 2509; x_wconf 88' lang='lat' dir='ltr'>Domine</span> <span class='ocrx_word' id='word_1_85' title='bbox 991 2437 1085 2510; x_wconf 89' lang='lat' dir='ltr'>Deus</span> <span class='ocrx_word' id='word_1_86' title='bbox 1101 2438 1324 2531; x_wconf 90' lang='lat' dir='ltr'>omnipotens,</span> <span class='ocrx_word' id='word_1_87' title='bbox 1338 2435 1521 2526; x_wconf 86' lang='lat' dir='ltr'>adorande,</span> <span class='ocrx_word' id='word_1_88' title='bbox 1549 2462 1691 2535; x_wconf 91' lang='lat' dir='ltr'>aequum</span> 
     </span>
     <span class='ocr_line' id='line_1_17' title="bbox 316 2554 1691 2648; baseline 0.004 -24"><span class='ocrx_word' id='word_1_89' title='bbox 316 2561 408 2624; x_wconf 91' lang='lat' dir='ltr'>certe</span> <span class='ocrx_word' id='word_1_90' title='bbox 435 2561 470 2623; x_wconf 89' lang='lat' dir='ltr'>et</span> <span class='ocrx_word' id='word_1_91' title='bbox 492 2554 617 2643; x_wconf 76' lang='lat' dir='ltr'>Justum</span> <span class='ocrx_word' id='word_1_92' title='bbox 643 2562 712 2641; x_wconf 89' lang='lat' dir='ltr'>est,</span> <span class='ocrx_word' id='word_1_93' title='bbox 739 2555 963 2648; x_wconf 86' lang='lat' dir='ltr'>convenitque</span> <span class='ocrx_word' id='word_1_94' title='bbox 978 2555 1146 2648; x_wconf 91' lang='lat' dir='ltr'>majestati</span> <span class='ocrx_word' id='word_1_95' title='bbox 1166 2555 1351 2626; x_wconf 86' lang='lat' dir='ltr'>sanctitatis</span> <span class='ocrx_word' id='word_1_96' title='bbox 1374 2563 1463 2642; x_wconf 87' lang='lat' dir='ltr'>tuae,</span> <span class='ocrx_word' id='word_1_97' title='bbox 1490 2562 1526 2625; x_wconf 91' lang='lat' dir='ltr'>ut</span> <span class='ocrx_word' id='word_1_98' title='bbox 1551 2565 1585 2627; x_wconf 91' lang='lat' dir='ltr'>te</span> <span class='ocrx_word' id='word_1_99' title='bbox 1611 2557 1691 2629; x_wconf 94' lang='lat' dir='ltr'>lau-</span> 
     </span>
     <span class='ocr_line' id='line_1_18' title="bbox 316 2666 1691 2767; baseline 0.001 -27"><span class='ocrx_word' id='word_1_100' title='bbox 316 2668 449 2756; x_wconf 81' lang='lat' dir='ltr'>demus,</span> <span class='ocrx_word' id='word_1_101' title='bbox 477 2676 511 2739; x_wconf 85' lang='lat' dir='ltr'>te</span> <span class='ocrx_word' id='word_1_102' title='bbox 538 2666 764 2756; x_wconf 86' lang='lat' dir='ltr'>celebremus,</span> <span class='ocrx_word' id='word_1_103' title='bbox 791 2667 850 2741; x_wconf 93' lang='lat' dir='ltr'>tibi</span> <span class='ocrx_word' id='word_1_104' title='bbox 877 2673 1002 2761; x_wconf 84' lang='lat' dir='ltr'>gratias</span> <span class='ocrx_word' id='word_1_105' title='bbox 1031 2691 1190 2762; x_wconf 84' lang='lat' dir='ltr'>agamus,</span> <span class='ocrx_word' id='word_1_106' title='bbox 1217 2678 1306 2740; x_wconf 90' lang='lat' dir='ltr'>tuam</span> <span class='ocrx_word' id='word_1_107' title='bbox 1332 2667 1476 2761; x_wconf 85' lang='lat' dir='ltr'>gloriam</span> <span class='ocrx_word' id='word_1_108' title='bbox 1507 2670 1691 2767; x_wconf 89' lang='lat' dir='ltr'>praedice-</span> 
     </span>
     <span class='ocr_line' id='line_1_19' title="bbox 315 2781 1691 2880; baseline 0.002 -25"><span class='ocrx_word' id='word_1_109' title='bbox 315 2805 407 2873; x_wconf 91' lang='lat' dir='ltr'>mus,</span> <span class='ocrx_word' id='word_1_110' title='bbox 435 2781 493 2854; x_wconf 89' lang='lat' dir='ltr'>tibi</span> <span class='ocrx_word' id='word_1_111' title='bbox 520 2803 606 2856; x_wconf 88' lang='lat' dir='ltr'>vero</span> <span class='ocrx_word' id='word_1_112' title='bbox 631 2783 708 2856; x_wconf 90' lang='lat' dir='ltr'>Deo</span> <span class='ocrx_word' id='word_1_113' title='bbox 736 2782 913 2856; x_wconf 82' lang='lat' dir='ltr'>offeramus</span> <span class='ocrx_word' id='word_1_114' title='bbox 940 2784 1044 2858; x_wconf 90' lang='lat' dir='ltr'>corde</span> <span class='ocrx_word' id='word_1_115' title='bbox 1070 2787 1212 2858; x_wconf 91' lang='lat' dir='ltr'>contrito</span> <span class='ocrx_word' id='word_1_116' title='bbox 1239 2796 1274 2857; x_wconf 90' lang='lat' dir='ltr'>et</span> <span class='ocrx_word' id='word_1_117' title='bbox 1305 2787 1421 2880; x_wconf 85' lang='lat' dir='ltr'>spiritu</span> <span class='ocrx_word' id='word_1_118' title='bbox 1453 2784 1584 2876; x_wconf 91' lang='lat' dir='ltr'>humili,</span> <span class='ocrx_word' id='word_1_119' title='bbox 1614 2785 1691 2858; x_wconf 82' lang='lat' dir='ltr'>bu-</span> 
     </span>
     <span class='ocr_line' id='line_1_20' title="bbox 316 2897 1690 2996; baseline 0.004 -26"><span class='ocrx_word' id='word_1_120' title='bbox 316 2907 388 2971; x_wconf 90' lang='lat' dir='ltr'>ctus</span> <span class='ocrx_word' id='word_1_121' title='bbox 415 2897 621 2994; x_wconf 86' lang='lat' dir='ltr'>spirituales,</span> <span class='ocrx_word' id='word_1_122' title='bbox 655 2899 851 2972; x_wconf 80' lang='lat' dir='ltr'>sacrificium</span> <span class='ocrx_word' id='word_1_123' title='bbox 883 2898 1009 2989; x_wconf 91' lang='lat' dir='ltr'>laudis,</span> <span class='ocrx_word' id='word_1_124' title='bbox 1046 2899 1167 2972; x_wconf 87' lang='lat' dir='ltr'>cultum</span> <span class='ocrx_word' id='word_1_125' title='bbox 1201 2899 1450 2989; x_wconf 88' lang='lat' dir='ltr'>rationabilem,</span> <span class='ocrx_word' id='word_1_126' title='bbox 1487 2905 1562 2996; x_wconf 90' lang='lat' dir='ltr'>qnia</span> <span class='ocrx_word' id='word_1_127' title='bbox 1597 2913 1630 2974; x_wconf 92' lang='lat' dir='ltr'>tu</span> <span class='ocrx_word' id='word_1_128' title='bbox 1661 2905 1690 2976; x_wconf 89' lang='lat' dir='ltr'>is</span> 
     </span>
     <span class='ocr_line' id='line_1_21' title="bbox 317 3013 1692 3111; baseline 0.001 -23"><span class='ocrx_word' id='word_1_129' title='bbox 317 3038 371 3106; x_wconf 88' lang='lat' dir='ltr'>es,</span> <span class='ocrx_word' id='word_1_130' title='bbox 399 3017 454 3109; x_wconf 88' lang='lat' dir='ltr'>qui</span> <span class='ocrx_word' id='word_1_131' title='bbox 482 3013 611 3088; x_wconf 90' lang='lat' dir='ltr'>donasti</span> <span class='ocrx_word' id='word_1_132' title='bbox 644 3014 741 3088; x_wconf 90' lang='lat' dir='ltr'>uobis</span> <span class='ocrx_word' id='word_1_133' title='bbox 775 3017 1002 3106; x_wconf 86' lang='lat' dir='ltr'>cognitionem</span> <span class='ocrx_word' id='word_1_134' title='bbox 1035 3017 1188 3087; x_wconf 87' lang='lat' dir='ltr'>veritatis</span> <span class='ocrx_word' id='word_1_135' title='bbox 1222 3025 1309 3086; x_wconf 89' lang='lat' dir='ltr'>tuae.</span> <span class='ocrx_word' id='word_1_136' title='bbox 1363 3015 1433 3088; x_wconf 88' lang='lat' dir='ltr'>Sed</span> <span class='ocrx_word' id='word_1_137' title='bbox 1469 3021 1542 3111; x_wconf 86' lang='lat' dir='ltr'>quis</span> <span class='ocrx_word' id='word_1_138' title='bbox 1577 3019 1692 3090; x_wconf 83' lang='lat' dir='ltr'>valeat</span> 
     </span>
     <span class='ocr_line' id='line_1_22' title="bbox 317 3128 1692 3226; baseline 0.002 -24"><span class='ocrx_word' id='word_1_139' title='bbox 317 3131 427 3225; x_wconf 89' lang='lat' dir='ltr'>eloqui</span> <span class='ocrx_word' id='word_1_140' title='bbox 453 3133 635 3226; x_wconf 90' lang='lat' dir='ltr'>potentiam</span> <span class='ocrx_word' id='word_1_141' title='bbox 661 3142 766 3221; x_wconf 92' lang='lat' dir='ltr'>tuam,</span> <span class='ocrx_word' id='word_1_142' title='bbox 794 3139 849 3201; x_wconf 92' lang='lat' dir='ltr'>aut</span> <span class='ocrx_word' id='word_1_143' title='bbox 875 3129 1050 3202; x_wconf 90' lang='lat' dir='ltr'>celebrare</span> <span class='ocrx_word' id='word_1_144' title='bbox 1068 3152 1184 3204; x_wconf 90' lang='lat' dir='ltr'>omnes</span> <span class='ocrx_word' id='word_1_145' title='bbox 1202 3128 1320 3203; x_wconf 87' lang='lat' dir='ltr'>laudes</span> <span class='ocrx_word' id='word_1_146' title='bbox 1340 3140 1428 3218; x_wconf 91' lang='lat' dir='ltr'>tuas,</span> <span class='ocrx_word' id='word_1_147' title='bbox 1454 3131 1511 3202; x_wconf 87' lang='lat' dir='ltr'>uel</span> <span class='ocrx_word' id='word_1_148' title='bbox 1531 3155 1692 3204; x_wconf 84' lang='lat' dir='ltr'>enarrare</span> 
     </span>
     <span class='ocr_line' id='line_1_23' title="bbox 316 3245 1691 3344; baseline 0.004 -27"><span class='ocrx_word' id='word_1_149' title='bbox 316 3245 478 3318; x_wconf 88' lang='lat' dir='ltr'>mirabilia</span> <span class='ocrx_word' id='word_1_150' title='bbox 514 3268 619 3340; x_wconf 88' lang='lat' dir='ltr'>opera</span> <span class='ocrx_word' id='word_1_151' title='bbox 653 3257 724 3333; x_wconf 92' lang='lat' dir='ltr'>tua,</span> <span class='ocrx_word' id='word_1_152' title='bbox 765 3249 820 3341; x_wconf 88' lang='lat' dir='ltr'>qui</span> <span class='ocrx_word' id='word_1_153' title='bbox 854 3268 966 3317; x_wconf 89' lang='lat' dir='ltr'>rerum</span> <span class='ocrx_word' id='word_1_154' title='bbox 1000 3249 1143 3320; x_wconf 90' lang='lat' dir='ltr'>omnium</span> <span class='ocrx_word' id='word_1_155' title='bbox 1180 3245 1311 3319; x_wconf 92' lang='lat' dir='ltr'>obtines</span> <span class='ocrx_word' id='word_1_156' title='bbox 1346 3249 1536 3341; x_wconf 87' lang='lat' dir='ltr'>imperium,</span> <span class='ocrx_word' id='word_1_157' title='bbox 1570 3252 1691 3344; x_wconf 87' lang='lat' dir='ltr'>quique</span> 
     </span>
     <span class='ocr_line' id='line_1_24' title="bbox 318 3359 1690 3460; baseline 0.003 -26"><span class='ocrx_word' id='word_1_158' title='bbox 318 3362 405 3435; x_wconf 92' lang='lat' dir='ltr'>coeli</span> <span class='ocrx_word' id='word_1_159' title='bbox 433 3373 466 3434; x_wconf 90' lang='lat' dir='ltr'>et</span> <span class='ocrx_word' id='word_1_160' title='bbox 493 3373 604 3436; x_wconf 92' lang='lat' dir='ltr'>terrae</span> <span class='ocrx_word' id='word_1_161' title='bbox 637 3366 813 3458; x_wconf 89' lang='lat' dir='ltr'>omnisque</span> <span class='ocrx_word' id='word_1_162' title='bbox 839 3371 1014 3434; x_wconf 90' lang='lat' dir='ltr'>creaturae</span> <span class='ocrx_word' id='word_1_163' title='bbox 1050 3371 1084 3433; x_wconf 86' lang='lat' dir='ltr'>et</span> <span class='ocrx_word' id='word_1_164' title='bbox 1120 3359 1331 3457; x_wconf 86' lang='lat' dir='ltr'>aspectabilis</span> <span class='ocrx_word' id='word_1_165' title='bbox 1359 3371 1393 3432; x_wconf 88' lang='lat' dir='ltr'>et</span> <span class='ocrx_word' id='word_1_166' title='bbox 1426 3382 1494 3433; x_wconf 90' lang='lat' dir='ltr'>non</span> <span class='ocrx_word' id='word_1_167' title='bbox 1529 3376 1690 3460; x_wconf 89' lang='lat' dir='ltr'>aspecta-</span> 
     </span>
     <span class='ocr_line' id='line_1_25' title="bbox 317 3461 1690 3574; baseline 0.002 -24"><span class='ocrx_word' id='word_1_168' title='bbox 317 3476 392 3550; x_wconf 91' lang='lat' dir='ltr'>bilis</span> <span class='ocrx_word' id='word_1_169' title='bbox 419 3499 458 3552; x_wconf 88' lang='lat' dir='ltr'>es</span> <span class='ocrx_word' id='word_1_170' title='bbox 483 3461 746 3573; x_wconf 61' lang='lat' dir='ltr'>Dominusrqui</span> <span class='ocrx_word' id='word_1_171' title='bbox 773 3477 872 3552; x_wconf 89' lang='lat' dir='ltr'>sedes</span> <span class='ocrx_word' id='word_1_172' title='bbox 899 3500 1001 3574; x_wconf 89' lang='lat' dir='ltr'>super</span> <span class='ocrx_word' id='word_1_173' title='bbox 1027 3476 1146 3550; x_wconf 89' lang='lat' dir='ltr'>solium</span> <span class='ocrx_word' id='word_1_174' title='bbox 1172 3479 1355 3571; x_wconf 86' lang='lat' dir='ltr'>majestatis</span> <span class='ocrx_word' id='word_1_175' title='bbox 1382 3485 1477 3565; x_wconf 91' lang='lat' dir='ltr'>tuae,</span> <span class='ocrx_word' id='word_1_176' title='bbox 1506 3489 1605 3574; x_wconf 88' lang='lat' dir='ltr'>atque</span> <span class='ocrx_word' id='word_1_177' title='bbox 1631 3483 1690 3552; x_wconf 94' lang='lat' dir='ltr'>in-</span> 
     </span>
     <span class='ocr_line' id='line_1_26' title="bbox 317 3592 1691 3690; baseline 0.001 -24"><span class='ocrx_word' id='word_1_178' title='bbox 317 3598 420 3667; x_wconf 89' lang='lat' dir='ltr'>tueris</span> <span class='ocrx_word' id='word_1_179' title='bbox 462 3592 640 3690; x_wconf 78' lang='lat' dir='ltr'>abyssum:</span> <span class='ocrx_word' id='word_1_180' title='bbox 676 3598 839 3690; x_wconf 91' lang='lat' dir='ltr'>principio</span> <span class='ocrx_word' id='word_1_181' title='bbox 875 3617 1014 3684; x_wconf 85' lang='lat' dir='ltr'>cerens,</span> <span class='ocrx_word' id='word_1_182' title='bbox 1048 3615 1116 3666; x_wconf 91' lang='lat' dir='ltr'>non</span> <span class='ocrx_word' id='word_1_183' title='bbox 1149 3596 1226 3666; x_wconf 87' lang='lat' dir='ltr'>visu</span> <span class='ocrx_word' id='word_1_184' title='bbox 1262 3613 1330 3665; x_wconf 89' lang='lat' dir='ltr'>non</span> <span class='ocrx_word' id='word_1_185' title='bbox 1365 3615 1467 3665; x_wconf 86' lang='lat' dir='ltr'>sensu</span> <span class='ocrx_word' id='word_1_186' title='bbox 1502 3594 1589 3683; x_wconf 90' lang='lat' dir='ltr'>alio,</span> <span class='ocrx_word' id='word_1_187' title='bbox 1622 3617 1691 3669; x_wconf 90' lang='lat' dir='ltr'>nou</span> 
     </span>
     <span class='ocr_line' id='line_1_27' title="bbox 317 3707 1692 3806; baseline 0 -23"><span class='ocrx_word' id='word_1_188' title='bbox 317 3710 385 3783; x_wconf 81' lang='lat' dir='ltr'>rullo</span> <span class='ocrx_word' id='word_1_189' title='bbox 412 3709 555 3804; x_wconf 89' lang='lat' dir='ltr'>denique</span> <span class='ocrx_word' id='word_1_190' title='bbox 581 3709 682 3783; x_wconf 93' lang='lat' dir='ltr'>modo</span> <span class='ocrx_word' id='word_1_191' title='bbox 709 3710 1035 3806; x_wconf 87' lang='lat' dir='ltr'>comprehensibilis:</span> <span class='ocrx_word' id='word_1_192' title='bbox 1063 3711 1118 3805; x_wconf 89' lang='lat' dir='ltr'>qui</span> <span class='ocrx_word' id='word_1_193' title='bbox 1145 3730 1183 3781; x_wconf 89' lang='lat' dir='ltr'>es</span> <span class='ocrx_word' id='word_1_194' title='bbox 1209 3710 1311 3781; x_wconf 88' lang='lat' dir='ltr'>Pater</span> <span class='ocrx_word' id='word_1_195' title='bbox 1333 3707 1593 3785; x_wconf 81' lang='lat' dir='ltr'>Domimnostri</span> <span class='ocrx_word' id='word_1_196' title='bbox 1609 3711 1692 3783; x_wconf 90' lang='lat' dir='ltr'>Jesn</span> 
     </span>
     <span class='ocr_line' id='line_1_28' title="bbox 317 3825 1691 3920; baseline -0.001 -21"><span class='ocrx_word' id='word_1_197' title='bbox 317 3825 440 3899; x_wconf 86' lang='lat' dir='ltr'>Christi</span> <span class='ocrx_word' id='word_1_198' title='bbox 466 3828 578 3918; x_wconf 90' lang='lat' dir='ltr'>magni</span> <span class='ocrx_word' id='word_1_199' title='bbox 604 3827 669 3899; x_wconf 92' lang='lat' dir='ltr'>Dei</span> <span class='ocrx_word' id='word_1_200' title='bbox 695 3825 907 3900; x_wconf 89' lang='lat' dir='ltr'>Redemtoris</span> <span class='ocrx_word' id='word_1_201' title='bbox 934 3835 969 3898; x_wconf 86' lang='lat' dir='ltr'>et</span> <span class='ocrx_word' id='word_1_202' title='bbox 993 3827 1127 3898; x_wconf 91' lang='lat' dir='ltr'>Domini</span> <span class='ocrx_word' id='word_1_203' title='bbox 1154 3827 1278 3913; x_wconf 90' lang='lat' dir='ltr'>nostri,</span> <span class='ocrx_word' id='word_1_204' title='bbox 1305 3827 1360 3920; x_wconf 88' lang='lat' dir='ltr'>qui</span> <span class='ocrx_word' id='word_1_205' title='bbox 1388 3833 1440 3900; x_wconf 90' lang='lat' dir='ltr'>cst</span> <span class='ocrx_word' id='word_1_206' title='bbox 1471 3827 1583 3918; x_wconf 90' lang='lat' dir='ltr'>imago</span> <span class='ocrx_word' id='word_1_207' title='bbox 1619 3825 1691 3899; x_wconf 91' lang='lat' dir='ltr'>bo-</span> 
     </span>
     <span class='ocr_line' id='line_1_29' title="bbox 315 3939 1691 4037; baseline 0 -23"><span class='ocrx_word' id='word_1_208' title='bbox 315 3945 425 4015; x_wconf 90' lang='lat' dir='ltr'>nitatis</span> <span class='ocrx_word' id='word_1_209' title='bbox 453 3951 551 4032; x_wconf 88' lang='lat' dir='ltr'>tuae,</span> <span class='ocrx_word' id='word_1_210' title='bbox 578 3952 612 4013; x_wconf 86' lang='lat' dir='ltr'>et</span> <span class='ocrx_word' id='word_1_211' title='bbox 636 3941 744 4015; x_wconf 86' lang='lat' dir='ltr'>lorma</span> <span class='ocrx_word' id='word_1_212' title='bbox 771 3941 902 4037; x_wconf 87' lang='lat' dir='ltr'>aequali</span> <span class='ocrx_word' id='word_1_213' title='bbox 929 3942 1087 4034; x_wconf 87' lang='lat' dir='ltr'>sigillum,</span> <span class='ocrx_word' id='word_1_214' title='bbox 1116 3962 1182 4036; x_wconf 89' lang='lat' dir='ltr'>qno</span> <span class='ocrx_word' id='word_1_215' title='bbox 1209 3950 1243 4012; x_wconf 84' lang='lat' dir='ltr'>te</span> <span class='ocrx_word' id='word_1_216' title='bbox 1267 3951 1515 4037; x_wconf 87' lang='lat' dir='ltr'>repraesentat:</span> <span class='ocrx_word' id='word_1_217' title='bbox 1542 3939 1691 4014; x_wconf 91' lang='lat' dir='ltr'>Verbum</span> 
     </span>
     <span class='ocr_line' id='line_1_30' title="bbox 316 4057 1691 4153; baseline 0.001 -23"><span class='ocrx_word' id='word_1_218' title='bbox 316 4069 426 4146; x_wconf 89' lang='lat' dir='ltr'>tuum,</span> <span class='ocrx_word' id='word_1_219' title='bbox 452 4057 546 4130; x_wconf 91' lang='lat' dir='ltr'>Deus</span> <span class='ocrx_word' id='word_1_220' title='bbox 572 4079 695 4130; x_wconf 89' lang='lat' dir='ltr'>verus:</span> <span class='ocrx_word' id='word_1_221' title='bbox 723 4061 884 4153; x_wconf 90' lang='lat' dir='ltr'>sapientia</span> <span class='ocrx_word' id='word_1_222' title='bbox 912 4057 1086 4152; x_wconf 77' lang='lat' dir='ltr'>quaerut</span> <span class='ocrx_word' id='word_1_223' title='bbox 1112 4057 1193 4129; x_wconf 90' lang='lat' dir='ltr'>ante&#39;</span> <span class='ocrx_word' id='word_1_224' title='bbox 1215 4057 1368 4128; x_wconf 86' lang='lat' dir='ltr'>saecula:</span> <span class='ocrx_word' id='word_1_225' title='bbox 1396 4059 1485 4144; x_wconf 88' lang='lat' dir='ltr'>vita,</span> <span class='ocrx_word' id='word_1_226' title='bbox 1519 4061 1691 4150; x_wconf 89' lang='lat' dir='ltr'>sanctitas,</span> 
     </span>
     <span class='ocr_line' id='line_1_31' title="bbox 315 4171 1690 4269; baseline -0.004 -21"><span class='ocrx_word' id='word_1_227' title='bbox 315 4177 421 4248; x_wconf 86' lang='lat' dir='ltr'>virtus</span> <span class='ocrx_word' id='word_1_228' title='bbox 449 4197 489 4245; x_wconf 94' lang='lat' dir='ltr'>ac</span> <span class='ocrx_word' id='word_1_229' title='bbox 515 4173 627 4246; x_wconf 90' lang='lat' dir='ltr'>lumen</span> <span class='ocrx_word' id='word_1_230' title='bbox 653 4196 790 4264; x_wconf 90' lang='lat' dir='ltr'>verum,</span> <span class='ocrx_word' id='word_1_231' title='bbox 817 4173 904 4269; x_wconf 90' lang='lat' dir='ltr'>quod</span> <span class='ocrx_word' id='word_1_232' title='bbox 930 4172 1098 4246; x_wconf 88' lang='lat' dir='ltr'>revelavit</span> <span class='ocrx_word' id='word_1_233' title='bbox 1130 4171 1229 4246; x_wconf 91' lang='lat' dir='ltr'>nobis</span> <span class='ocrx_word' id='word_1_234' title='bbox 1262 4175 1412 4268; x_wconf 92' lang='lat' dir='ltr'>spiritum</span> <span class='ocrx_word' id='word_1_235' title='bbox 1443 4171 1533 4245; x_wconf 93' lang='lat' dir='ltr'>illum</span> <span class='ocrx_word' id='word_1_236' title='bbox 1566 4171 1690 4244; x_wconf 91' lang='lat' dir='ltr'>bonum</span> 
     </span>
     <span class='ocr_line' id='line_1_32' title="bbox 316 4287 1690 4385; baseline -0.003 -23"><span class='ocrx_word' id='word_1_237' title='bbox 316 4299 350 4362; x_wconf 90' lang='lat' dir='ltr'>et</span> <span class='ocrx_word' id='word_1_238' title='bbox 375 4302 542 4364; x_wconf 72' lang='lat' dir='ltr'>sanctumz</span> <span class='ocrx_word' id='word_1_239' title='bbox 568 4292 717 4385; x_wconf 90' lang='lat' dir='ltr'>spiritum</span> <span class='ocrx_word' id='word_1_240' title='bbox 744 4291 912 4377; x_wconf 86' lang='lat' dir='ltr'>veritatis,</span> <span class='ocrx_word' id='word_1_241' title='bbox 940 4298 974 4360; x_wconf 87' lang='lat' dir='ltr'>et</span> <span class='ocrx_word' id='word_1_242' title='bbox 1000 4287 1188 4383; x_wconf 86' lang='lat' dir='ltr'>adoptionis</span> <span class='ocrx_word' id='word_1_243' title='bbox 1213 4291 1360 4382; x_wconf 89' lang='lat' dir='ltr'>piorum,</span> <span class='ocrx_word' id='word_1_244' title='bbox 1388 4289 1537 4382; x_wconf 89' lang='lat' dir='ltr'>spiritum</span> <span class='ocrx_word' id='word_1_245' title='bbox 1557 4291 1690 4383; x_wconf 88' lang='lat' dir='ltr'>princi-</span> 
     </span>
     <span class='ocr_line' id='line_1_33' title="bbox 315 4400 1690 4501; baseline -0.003 -23"><span class='ocrx_word' id='word_1_246' title='bbox 315 4407 443 4501; x_wconf 85' lang='lat' dir='ltr'>palem:</span> <span class='ocrx_word' id='word_1_247' title='bbox 471 4404 693 4479; x_wconf 88' lang='lat' dir='ltr'>arrhabonem</span> <span class='ocrx_word' id='word_1_248' title='bbox 717 4405 849 4477; x_wconf 84' lang='lat' dir='ltr'>laturae</span> <span class='ocrx_word' id='word_1_249' title='bbox 874 4402 1106 4494; x_wconf 89' lang='lat' dir='ltr'>baereditatis,</span> <span class='ocrx_word' id='word_1_250' title='bbox 1132 4405 1294 4500; x_wconf 89' lang='lat' dir='ltr'>primitias</span> <span class='ocrx_word' id='word_1_251' title='bbox 1328 4400 1491 4474; x_wconf 87' lang='lat' dir='ltr'>bcnomm</span> <span class='ocrx_word' id='word_1_252' title='bbox 1526 4414 1690 4476; x_wconf 89' lang='lat' dir='ltr'>aeterno-</span> 
     </span>
     <span class='ocr_line' id='line_1_34' title="bbox 315 4520 1691 4614; baseline -0.001 -21"><span class='ocrx_word' id='word_1_253' title='bbox 315 4543 405 4594; x_wconf 92' lang='lat' dir='ltr'>rum:</span> <span class='ocrx_word' id='word_1_254' title='bbox 433 4525 587 4594; x_wconf 90' lang='lat' dir='ltr'>virtutem</span> <span class='ocrx_word' id='word_1_255' title='bbox 621 4525 713 4595; x_wconf 87' lang='lat' dir='ltr'>vitae</span> <span class='ocrx_word' id='word_1_256' title='bbox 748 4522 968 4609; x_wconf 80' lang='lat' dir='ltr'>effectricem,</span> <span class='ocrx_word' id='word_1_257' title='bbox 1003 4520 1128 4593; x_wconf 87' lang='lat' dir='ltr'>iontem</span> <span class='ocrx_word' id='word_1_258' title='bbox 1164 4522 1364 4606; x_wconf 87' lang='lat' dir='ltr'>sanctitatis,</span> <span class='ocrx_word' id='word_1_259' title='bbox 1401 4540 1447 4590; x_wconf 85' lang='lat' dir='ltr'>ex</span> <span class='ocrx_word' id='word_1_260' title='bbox 1481 4541 1547 4614; x_wconf 91' lang='lat' dir='ltr'>quo</span> <span class='ocrx_word' id='word_1_261' title='bbox 1583 4523 1691 4591; x_wconf 92' lang='lat' dir='ltr'>omnis</span> 
     </span>
     <span class='ocr_line' id='line_1_35' title="bbox 316 4632 1689 4734; baseline -0.004 -25"><span class='ocrx_word' id='word_1_262' title='bbox 316 4647 470 4710; x_wconf 88' lang='lat' dir='ltr'>creatura</span> <span class='ocrx_word' id='word_1_263' title='bbox 497 4661 583 4734; x_wconf 88' lang='lat' dir='ltr'>qaae</span> <span class='ocrx_word' id='word_1_264' title='bbox 616 4641 747 4712; x_wconf 89' lang='lat' dir='ltr'>ratione</span> <span class='ocrx_word' id='word_1_265' title='bbox 771 4637 922 4734; x_wconf 87' lang='lat' dir='ltr'>praedita</span> <span class='ocrx_word' id='word_1_266' title='bbox 959 4645 1029 4726; x_wconf 88' lang='lat' dir='ltr'>est,</span> <span class='ocrx_word' id='word_1_267' title='bbox 1062 4645 1097 4708; x_wconf 91' lang='lat' dir='ltr'>et</span> <span class='ocrx_word' id='word_1_268' title='bbox 1129 4657 1215 4730; x_wconf 89' lang='lat' dir='ltr'>quae</span> <span class='ocrx_word' id='word_1_269' title='bbox 1241 4633 1409 4706; x_wconf 88' lang='lat' dir='ltr'>intellectu</span> <span class='ocrx_word' id='word_1_270' title='bbox 1436 4632 1568 4728; x_wconf 91' lang='lat' dir='ltr'>pollens</span> <span class='ocrx_word' id='word_1_271' title='bbox 1605 4654 1689 4705; x_wconf 93' lang='lat' dir='ltr'>cor-</span> 
     </span>
     <span class='ocr_line' id='line_1_36' title="bbox 315 4746 1695 4848; baseline -0.003 -21"><span class='ocrx_word' id='word_1_272' title='bbox 315 4775 400 4848; x_wconf 88' lang='lat' dir='ltr'>pore</span> <span class='ocrx_word' id='word_1_273' title='bbox 425 4764 544 4842; x_wconf 87' lang='lat' dir='ltr'>vacat,</span> <span class='ocrx_word' id='word_1_274' title='bbox 581 4754 785 4828; x_wconf 84' lang='lat' dir='ltr'>sanctificata</span> <span class='ocrx_word' id='word_1_275' title='bbox 819 4764 919 4848; x_wconf 90' lang='lat' dir='ltr'>atque</span> <span class='ocrx_word' id='word_1_276' title='bbox 953 4751 1152 4840; x_wconf 86' lang='lat' dir='ltr'>illuminata,</span> <span class='ocrx_word' id='word_1_277' title='bbox 1184 4747 1243 4821; x_wconf 92' lang='lat' dir='ltr'>tibi</span> <span class='ocrx_word' id='word_1_278' title='bbox 1275 4748 1426 4837; x_wconf 88' lang='lat' dir='ltr'>laudem,</span> <span class='ocrx_word' id='word_1_279' title='bbox 1459 4746 1695 4844; x_wconf 78' lang='lat' dir='ltr'>praedicatio·&#39;</span> 
     </span>
     <span class='ocr_line' id='line_1_37' title="bbox 316 4868 969 4965; baseline 0 -26"><span class='ocrx_word' id='word_1_280' title='bbox 316 4890 458 4965; x_wconf 90' lang='lat' dir='ltr'>nemque</span> <span class='ocrx_word' id='word_1_281' title='bbox 485 4880 679 4965; x_wconf 90' lang='lat' dir='ltr'>perpetuam</span> <span class='ocrx_word' id='word_1_282' title='bbox 706 4871 837 4962; x_wconf 90' lang='lat' dir='ltr'>gloriae</span> <span class='ocrx_word' id='word_1_283' title='bbox 863 4868 969 4941; x_wconf 89' lang='lat' dir='ltr'>ollert.</span> 
     </span>
    </p>

    <p class='ocr_par' dir='ltr' id='par_1_14' title="bbox 419 4979 1688 5073">
     <span class='ocr_line' id='line_1_38' title="bbox 419 4979 1688 5073; baseline -0.003 -16"><span class='ocrx_word' id='word_1_284' title='bbox 419 4987 488 5057; x_wconf 80' lang='lat' dir='ltr'>Hic</span> <span class='ocrx_word' id='word_1_285' title='bbox 513 4985 660 5057; x_wconf 76' lang='lat' dir='ltr'>santollit</span> <span class='ocrx_word' id='word_1_286' title='bbox 685 5007 801 5056; x_wconf 83' lang='lat' dir='ltr'>nocam</span> <span class='ocrx_word' id='word_1_287' title='bbox 827 4984 1014 5057; x_wconf 80' lang='lat' dir='ltr'>Sacerdos.</span> <span class='ocrx_word' id='word_1_288' title='bbox 1065 4982 1117 5054; x_wconf 87' lang='lat' dir='ltr'>Te</span> <span class='ocrx_word' id='word_1_289' title='bbox 1144 4981 1285 5054; x_wconf 90' lang='lat' dir='ltr'>adorant</span> <span class='ocrx_word' id='word_1_290' title='bbox 1310 4979 1434 5073; x_wconf 84' lang='lat' dir='ltr'>Angeli</span> <span class='ocrx_word' id='word_1_291' title='bbox 1464 4991 1499 5053; x_wconf 90' lang='lat' dir='ltr'>et</span> <span class='ocrx_word' id='word_1_292' title='bbox 1526 4980 1688 5054; x_wconf 88' lang='lat' dir='ltr'>Archan-</span> 
     </span>
    </p>
   </div>
   <div class='ocr_carea' id='block_1_5' title="bbox 293 5094 1688 5194">
    <p class='ocr_par' dir='ltr' id='par_1_15' title="bbox 293 5094 1688 5194">
     <span class='ocr_line' id='line_1_39' title="bbox 293 5094 1688 5194; baseline -0.004 -18"><span class='ocrx_word' id='word_1_293' title='bbox 293 5099 401 5192; x_wconf 79' lang='lat' dir='ltr'>geli,</span> <span class='ocrx_word' id='word_1_294' title='bbox 427 5111 462 5173; x_wconf 85' lang='lat' dir='ltr'>te</span> <span class='ocrx_word' id='word_1_295' title='bbox 488 5100 621 5174; x_wconf 89' lang='lat' dir='ltr'>landant</span> <span class='ocrx_word' id='word_1_296' title='bbox 652 5098 778 5172; x_wconf 87' lang='lat' dir='ltr'>Throni</span> <span class='ocrx_word' id='word_1_297' title='bbox 813 5112 846 5174; x_wconf 92' lang='lat' dir='ltr'>et</span> <span class='ocrx_word' id='word_1_298' title='bbox 877 5100 1153 5190; x_wconf 88' lang='lat' dir='ltr'>Dominationes,</span> <span class='ocrx_word' id='word_1_299' title='bbox 1186 5107 1222 5170; x_wconf 89' lang='lat' dir='ltr'>te</span> <span class='ocrx_word' id='word_1_300' title='bbox 1253 5097 1448 5194; x_wconf 91' lang='lat' dir='ltr'>praedicant</span> <span class='ocrx_word' id='word_1_301' title='bbox 1480 5094 1688 5194; x_wconf 89' lang='lat' dir='ltr'>Principatus</span> 
     </span>
    </p>
   </div>
   <div class='ocr_carea' id='block_1_6' title="bbox 0 0 2412 6053">
    <p class='ocr_par' dir='ltr' id='par_1_16' title="bbox 0 0 2412 6053">
     <span class='ocr_line' id='line_1_40' title="bbox 0 0 2412 6053; baseline 0 0"><span class='ocrx_word' id='word_1_302' title='bbox 0 0 2412 6053; x_wconf 95' lang='lat' dir='ltr'> </span> 
     </span>
    </p>
   </div>
  </div>
 </body>
</html>
