4728 6028
596 630 647 708 lit
678 627 970 706 uttuactls
1003 625 1275 705 statione.
1541 625 1612 698 121

253 815 470 882 distributionis
492 815 702 896 mysteriorum
724 812 833 877 forma:
863 813 903 875 ita
932 819 966 874 ut
994 811 1073 875 calix
1093 830 1154 875 non
1176 809 1395 875 Ecclesiasticis
1425 810 1530 890 modo,
1559 809 1617 874 sed

254 917 352 980 Laicis
376 916 510 996 primitus
533 913 665 992 daretur,
688 920 720 974 ut
742 910 851 975 facturn
874 931 994 995 quoquc
1018 911 1069 974 diu
1090 912 1121 974 in
1135 910 1299 975 Occidente
1322 909 1384 974 luit.
1421 909 1526 992 quue
1548 911 1616 990 ipso

252 1025 389 1099 tempore
418 1014 584 1076 communio
613 1013 736 1076 intincta
764 1011 892 1074 dabatur
920 1011 999 1093 apud
1028 1010 1198 1074 Orientales
1221 1010 1334 1092 Syros,
1365 1008 1481 1072 duobus
1503 1009 1616 1073 modis:

253 1133 362 1196 nempe
384 1111 530 1197 particula
552 1113 674 1175 intincta
697 1131 714 1174 a
736 1109 896 1174 sacerdote
924 1115 955 1173 in
984 1109 1079 1172 calice
1109 1128 1197 1190 quem
1224 1109 1363 1191 gestabat
1390 1109 1556 1173 Diaconos:
1586 1117 1617 1173 et

255 1213 358 1277 eadem
377 1215 439 1296 jam
461 1213 491 1274 in
513 1211 638 1274 calicem
660 1211 806 1288 immissa,
840 1229 918 1292 quae
940 1209 1090 1272 cochleari
1111 1208 1317 1289 praeberetur.
1363 1209 1478 1271 Primae
1499 1208 1615 1272 tonnae

255 1313 324 1376 alibi
346 1331 435 1395 quam
449 1313 487 1374 ‘in
509 1311 599 1374 citato
621 1310 691 1373 loco
706 1311 928 1373 exDirectorio
942 1308 1097 1390 Syrorum,
1119 1307 1232 1370 nullum
1252 1307 1413 1390 vestigium
1436 1307 1495 1370 huc
1517 1325 1615 1389 usque

254 1412 432 1475 invenimus:
454 1411 508 1474 sed
531 1429 598 1472 cum
620 1427 681 1471 non
703 1409 791 1473 dubia
813 1411 852 1472 sit
873 1409 940 1472 libri
961 1409 1040 1470 illius
1063 1407 1222 1483 autoritas,
1245 1407 1316 1486 quin
1339 1405 1369 1468 id
1391 1407 1472 1487 quod
1495 1405 1615 1470 descri-

254 1509 349 1590 bitur,
372 1512 402 1574 in
426 1510 557 1594 Syriacis
579 1508 723 1572 Ecclesiis
746 1508 905 1590 aliquando
928 1506 1036 1571 lactum
1059 1509 1112 1586 sit,
1135 1509 1186 1570 vix
1210 1513 1308 1586 potest
1331 1505 1470 1573 dubitari.
1514 1506 1614 1570 blani-

255 1607 362 1671 lestum
384 1617 432 1672 est
455 1617 569 1686 autem,
591 1608 767 1689 particulam
788 1609 941 1670 intinctam
963 1608 1064 1670 caliois
1087 1626 1183 1684 usum,
1217 1623 1306 1687 quem
1328 1613 1483 1687 tantopere
1506 1606 1616 1670 Prote-

255 1715 368 1772 stantes
391 1714 504 1791 urgent
524 1725 585 1770 non
607 1714 855 1788 repraesentare3
885 1725 952 1768 nam
982 1706 1076 1770 calice
1098 1705 1261 1770 seeundum
1284 1703 1364 1767 illam
1388 1705 1511 1768 sormam
1533 1704 1617 1768 Laici

253 1806 458 1888 pn‘vabantur.
497 1806 659 1888 Sequentia
681 1807 776 1868 verba
799 1805 868 1868 talia
891 1814 968 1870 sunt.
1003 1806 1092 1882 Quod
1112 1807 1140 1867 si
1159 1825 1217 1866 neo
1236 1803 1311 1866 illud
1327 1807 1443 1884 poterit
1461 1807 1618 1886 intinyerr,

255 1905 293 1968 ob
313 1907 439 1967 namium
456 1907 562 1985 papirii
582 1905 805 1982 maidtudinem,
826 1913 985 1985 antequam
1006 1912 1134 1985 separet,
1158 1904 1234 1980 (boo
1256 1909 1304 1965 est
1324 1903 1486 1966 secundam
1506 1906 1537 1967 in
1559 1905 1618 1966 mi·

254 2005 391 2068 autiores
412 2003 574 2085 particulas
597 2001 774 2066 tractionem
796 2001 901 2076 iaciat)
933 2006 1130 2084 marporitam
1151 2005 1280 2082 intimat
1300 2003 1332 2063 in
1354 2004 1465 2079 amice,
1488 2011 1620 2084 ternpore

251 2105 431 2184 fructicosa,
458 2111 488 2166 et
507 2105 553 2164 ito
573 2105 625 2165 det
645 2106 896 2178 caramanionem,
917 2104 997 2165 sicta
1016 2105 1049 2164 in
1070 2101 1192 2165 Orimte
1213 2101 1342 2164 monas
1360 2101 1474 2180 facere.
1516 2101 1620 2184 ltaque

253 2203 330 2286 jam,
354 2221 422 2266 cum
444 2201 494 2264 illa
517 2201 673 2284 disciplina
694 2203 806 2283 scripta
830 2209 893 2277 est,
925 2201 1097 2264 indillerens
1120 2207 1186 2264 erat
1208 2200 1281 2263 dare
1302 2199 1463 2262 bibendum
1484 2201 1619 2279 calicem,

255 2311 305 2365 ant
328 2303 481 2365 intinctam
504 2301 740 2364 mnununionem
763 2302 926 2382 praebere,
949 2321 989 2363 ex
1010 2302 1204 2382 morpmitis,
1226 2301 1292 2362 sive
1314 2300 1521 2364 minutioribus
1544 2319 1620 2382 par-

254 2403 364 2479 ticulis,
387 2419 464 2482 quae
487 2399 573 2462 calici
596 2400 745 2463 immissae
768 2409 800 2463 et
821 2401 968 2482 sanguine
991 2397 1191 2477 madefactae,
1215 2396 1366 2460 cochleari
1388 2399 1619 2479 praebebantur.

341 2499 483 2581 Sequitur
505 2501 534 2562 in
556 2497 662 2561 eadem
685 2499 911 2562 Constitutione.
955 2497 1173 2561 Sacerdotibna
1198 2504 1297 2559 comm
1324 2505 1354 2559 et
1373 2497 1522 2562 Diaconis
1541 2499 1621 2580 mpt-

256 2617 367 2679 seopas
386 2601 437 2663 oei
455 2600 610 2661 Sacerdos
632 2601 866 2662 commonionem
887 2599 974 2660 dabit
995 2615 1062 2659 mem
1083 2597 1244 2672 cocbbari.
1287 2595 1456 2678 Episcopum
1477 2619 1566 2676 nero,
1594 2602 1624 2663 si

255 2717 312 2778 per
333 2719 367 2762 ss
388 2701 612 2761 commasticare
632 2699 720 2774 velit,
749 2699 893 2760 mammet
913 2699 957 2760 od
977 2698 1075 2758 altore
1096 2703 1127 2757 et
1146 2696 1306 2757 descendet
1322 2695 1494 2760 Sacerdos:
1515 2699 1622 2781 illeque

257 2797 496 2872 communicabit,
519 2806 573 2860 ont
594 2815 615 2858 o
635 2796 802 2859 Sacerdote
823 2798 1056 2860 commansionem
1078 2795 1216 2874 accipiet.
1253 2793 1500 2859 Arabimandritu
1521 2807 1621 2862 antem

258 2903 287 2958 et
307 2895 554 2978 Arcbiprusbyter
573 2915 594 2957 o
615 2895 780 2958 Sacerdote
800 2895 969 2958 eebbrante
990 2895 1073 2957 uam
1093 2895 1251 2974 somnient.
1284 2893 1362 2957 Sane
1378 2897 1405 2958 si
1418 2896 1469 2959 ael
1484 2898 1619 2961 minimae

259 2995 299 3058 du
321 3013 379 3057 usa
401 2993 566 3058 cochlearis
589 2994 763 3058 dubitationi
785 2994 870 3058 locus
893 3002 993 3067 esset,
1023 2993 1225 3057 discuteretur
1252 2993 1301 3056 illa
1322 3012 1380 3075 per
1400 2995 1460 3058 hoo
1481 2998 1620 3060 testimo-

258 3096 348 3172 nium,
370 3093 450 3175 quod
473 3093 689 3156 consuetudine
710 3094 835 3156 aliarum
857 3095 986 3157 omnium
1003 3093 1206 3156 Ecclesiamm
1221 3091 1403 3156 sufficienter
1420 3094 1619 3158 confirmatur.

259 3191 367 3256 Similis
386 3192 497 3274 ubique
513 3200 560 3255 est
581 3211 737 3255 sacrorum
759 3195 968 3275 mysteriorum
989 3194 1174 3270 reverentia,
1196 3193 1295 3255 statim
1317 3201 1406 3272 atque
1429 3197 1618 3258 consecratio

258 3292 374 3356 illorum
396 3293 532 3373 perlecta
555 3299 615 3367 est3
639 3299 757 3354 etcum
781 3293 995 3356 distribuuntur
1016 3291 1169 3367 fidelibus,
1193 3298 1320 3375 storga
1342 3292 1478 3355 residuas
1500 3293 1618 3356 illorum

258 3392 436 3472 particulas:
465 3398 497 3453 ut
524 3392 553 3453 in
576 3391 795 3455 Commentario
818 3391 855 3454 ad
877 3390 977 3455 basilii
998 3380 1162 3474 liturgiam
1184 3391 1292 3453 dictum
1320 3399 1383 3470 est,
1414 3399 1474 3454 tum
1502 3393 1559 3456 alio
1588 3395 1617 3456 in

258 3490 343 3568 loco,
372 3491 423 3553 ubi
445 3490 483 3552 de
505 3509 577 3554 cura
599 3491 741 3574 religiosa
765 3491 948 3554 Sacramenti
977 3490 1057 3571 apud
1080 3489 1248 3553 Orientales
1271 3491 1431 3556 observata
1452 3492 1547 3557 tostus
1570 3493 1619 3558 di·
1664 3513 1671 3527 ·
1707 3515 1714 3528 ·

259 3591 371 3668 ximus;
393 3589 433 3652 de
455 3607 513 3670 qua
536 3599 624 3652 erunt
645 3608 765 3671 quoque
787 3589 952 3672 adjicienda
974 3589 1126 3666 nonnulla,
1149 3609 1190 3652 ex
1211 3591 1341 3672 propriis
1364 3592 1508 3674 Syrormn
1530 3599 1618 3655 anto-

258 3689 350 3752 ribus.
1560 3718 1563 3724 =

346 3787 490 3864 Diximus,
512 3789 542 3850 in
554 3787 696 3872 liturgiis
718 3806 788 3850 raro
812 3806 889 3868 qaae
911 3789 1082 3871 singulares
1105 3792 1308 3854 caeremonias
1330 3799 1469 3873 spectant
1491 3792 1620 3855 adscribi

261 3885 378 3965 solere,
408 3885 498 3968 idque
527 3887 647 3950 codices
670 3906 766 3969 prope
789 3905 891 3950 onrnes
915 3888 1010 3968 palam
1032 3888 1160 3966 iaciunt,
1191 3909 1258 3953 omn
1285 3891 1404 3954 aliunde
1434 3899 1620 3973 peterentur,

259 3987 437 4066 praesertim
460 4005 498 4048 ex
519 4005 579 4050 non
602 3989 714 4068 scripta
736 3987 905 4065 traditione,
935 4005 1140 4069 quaecumque
1162 3989 1199 4052 ad
1221 3992 1279 4052 rite
1301 3990 1481 4053 celebranda
1510 3991 1621 4054 Sacra-

259 4093 358 4147 menta
380 4085 579 4165 pertinebant.
622 4085 704 4148 llaec
731 4085 903 4149 observatio
930 4105 1005 4170 erga
1034 4088 1120 4150 istam
1143 4107 1230 4170 quam
1254 4090 1433 4170 exponimus
1454 4091 1490 4152 l).
1514 4089 1620 4152 iacobi

259 4183 423 4266 Litargiam
446 4184 541 4248 locum
570 4184 675 4264 babet,
699 4204 758 4249 non
781 4187 877 4248 minus
900 4203 987 4266 quam
1009 4204 1083 4268 erga
1105 4186 1196 4263 alias,
1219 4205 1343 4270 quarum
1366 4206 1437 4251 usus
1459 4206 1519 4251 non
1542 4188 1619 4252 adeo

260 4283 475 4364 frequentatur.
519 4285 630 4347 Verum
651 4284 733 4347 illum
755 4284 1001 4368 qualemcumque
1025 4285 1173 4350 delectum
1194 4287 1352 4369 supplent,
1379 4295 1519 4368 quantum
1542 4305 1618 4369 opus

261 4389 334 4460 erat,
359 4382 459 4445 Ollinia
481 4384 644 4466 generalia.
688 4384 721 4446 ln
744 4385 817 4463 isto,
847 4404 924 4467 quae
955 4384 993 4447 ad
1022 4386 1110 4448 ritum
1134 4385 1355 4450 Communionis
1385 4396 1523 4468 spectant
1545 4390 1618 4452 satis

262 4490 401 4544 accurate
414 4483 612 4562 explicantur,
635 4491 666 4546 ut
689 4501 857 4565 agnoscere
881 4484 968 4548 facile
990 4486 1028 4548 sit
1051 4485 1176 4548 maxima
1194 4485 1310 4568 Syriaci
1329 4488 1402 4550 ritus
1426 4506 1492 4550 cum
1508 4488 1618 4571 Aegy-

261 4581 378 4661 ptiaco,
401 4599 489 4664 quem
512 4581 631 4645 Gabriel
654 4583 823 4646 Patriarclm
847 4592 877 4647 et
897 4583 1075 4648 Abulbircat
1096 4583 1163 4650 luse
1185 4585 1334 4661 referunt,
1358 4586 1529 4653 similitudo.

348 4681 564 4744 Praescribitur
586 4683 616 4744 in
638 4680 763 4764 Syriaco
787 4683 839 4746 illo
862 4683 982 4762 Ollicio,
1004 4693 1037 4747 ut
1051 4684 1225 4767 Sacerdos,
1249 4693 1407 4768 postquam
1429 4687 1507 4750 dicta
1530 4686 1620 4751 luerit
1666 4704 1737 4758 niam
1759 4707 1940 4760 communionis

262 4777 364 4842 brevis
388 4779 565 4860 Confessio,
597 4780 678 4844 Urusa
702 4790 793 4862 poter
819 4791 957 4860 sanctes,
990 4803 1067 4866 quae
1096 4785 1206 4866 aliquot
1233 4787 1384 4849 orationes
1407 4787 1443 4850 ad
1466 4787 1619 4852 arbitrium
1632 4807 1665 4845 ex
1682 4790 1771 4846 officio
1790 4789 1917 4848 uenerati.

263 4879 443 4958 recitandus,
466 4879 640 4962 subjunctas
663 4881 761 4958 babet,
784 4884 901 4963 operiat
923 4886 1065 4964 mysteria
1087 4885 1162 4948 velis
1178 4885 1251 4964 suis,
1270 4885 1456 4969 accipiatque
1467 4887 1619 4968 cochlear,

264 4984 294 5039 et
315 4979 492 5058 particulam
514 4997 601 5061 quam
623 4980 688 5060 ipse
710 4999 767 5062 pro
790 4984 997 5046 communione
1019 4975 1139 5047 sumere
1162 4983 1267 5048 debet:
1290 4985 1362 5049 illud
1383 5005 1476 5069 super
1497 4987 1621 5052 calicem

264 5075 406 5158 collocet,
433 5081 520 5140 istam
541 5081 569 5142 in
593 5079 688 5146 disco.
733 5081 818 5144 Tum'
833 5081 988 5147 descendit
1015 5083 1052 5146 ab
1079 5084 1165 5147 altari
1186 5093 1413 5169 prostratusque
1435 5105 1536 5154 coram
1558 5088 1619 5168 illo,
