4804 6026
769 612 1186 692 tltototltt.
1627 617 1651 690 ii

386 801 563 875 Sacerdos
587 804 702 897 ripnot
727 823 831 872 cruce
853 800 1031 895 populoso,
1059 801 1194 872 dicem:

385 919 537 992 Dextera
563 920 698 992 Domini
723 920 830 991 nostri
855 917 937 990 Jesu
963 914 1104 1006 Christi,
1132 927 1165 989 et
1191 915 1359 990 brachium
1377 919 1552 1014 potestatis
1567 917 1652 1009 ejus,

284 1043 318 1108 et
343 1035 473 1108 occulte
499 1039 606 1109 virtus
627 1036 809 1126 majestatis
837 1036 926 1126 ejus,
964 1055 1051 1128 quae
1077 1031 1207 1106 confert
1238 1055 1355 1110 omues
1390 1033 1652 1122 henedictiones,
1763 1081 1766 1088 ·

284 1161 318 1224 et
343 1153 454 1224 omnia
481 1151 569 1225 dona
594 1152 700 1224 vitae:
733 1152 807 1246 ipsa
840 1171 925 1246 quae
958 1151 1125 1244 requievit
1158 1171 1258 1246 super
1288 1149 1474 1247 Apostolos
1506 1160 1653 1239 sanctos,

284 1269 319 1340 in
345 1267 531 1340 coenaculo
558 1274 675 1342 sancto
702 1265 833 1356 Sionis,
861 1287 988 1361 eosque
1016 1263 1250 1356 sanctificavit,
1283 1274 1317 1338 et
1342 1269 1376 1337 in
1401 1276 1514 1339 monte
1540 1263 1656 1338 oliva-

283 1407 357 1456 rum
383 1383 447 1456 illis
473 1383 661 1472 benedixit,
688 1385 761 1478 ipsa
786 1367 921 1471 veniet,
955 1380 1079 1454 habitet
1114 1390 1149 1452 et
1172 1385 1363 1478 requiescat
1395 1403 1497 1476 super
1531 1379 1653 1456 batres

284 1520 380 1572 meos
406 1499 553 1574 lectores
580 1509 615 1572 et
639 1497 807 1572 auditores
834 1495 1050 1590 (Evangelii)
1082 1495 1312 1591 custodiatque
1347 1501 1523 1590 regionem
1556 1495 1654 1587 hanc,

283 1625 317 1686 et
342 1635 460 1688 omnes
487 1614 603 1689 fideles
629 1616 664 1687 in
690 1637 733 1686 ea
759 1623 1021 1700 commorantes,
1049 1615 1219 1684 civitatem
1244 1611 1351 1703 hane,
1378 1623 1413 1685 et
1437 1610 1553 1686 fideles
1580 1615 1654 1705 ejus

282 1732 396 1820 cives3
422 1729 555 1804 heamm
581 1732 681 1802 etiam
705 1732 855 1825 requiem
880 1737 1029 1827 praestet
1054 1725 1205 1799 fidelihus
1239 1728 1403 1803 defumotis
1441 1731 1496 1823 qui
1532 1750 1578 1800 ex
1611 1751 1653 1800 ea

282 1847 427 1945 profecti
452 1855 544 1936 sunt,
571 1845 753 1941 fidelesque
779 1849 935 1920 viventes
963 1847 1019 1940 qui
1044 1841 1192 1915 habitant
1223 1847 1258 1918 in
1291 1867 1332 1916 ea
1365 1865 1499 1940 semper
1530 1853 1654 1916 costo-

283 1962 365 2054 diat,
392 1985 499 2059 usque
525 1961 730 2036 insaecula.

386 2079 548 2174 Populus.
598 2079 718 2154 Amen.

385 2195 568 2268 Sacerdos.
621 2193 790 2289 Tempore
816 2194 917 2284 igitur
950 2196 1218 2268 conversationis
1249 2195 1282 2265 in
1313 2201 1403 2265 terra
1427 2192 1563 2266 Domini
1587 2191 1653 2265 Dei

281 2318 315 2382 et
340 2310 528 2385 Salvatoris
554 2311 660 2382 nostri
686 2310 769 2381 Jesu
795 2306 936 2402 Christi,
964 2321 1027 2382 etc.

384 2425 545 2518 Populos.
597 2426 741 2498 Domine
767 2428 929 2498 nriserere
955 2429 1071 2500 nostri.

385 2541 462 2613 Hoc
488 2541 564 2612 loco
591 2539 746 2633 leguntur
772 2541 965 2636 Ecoopelio
980 2547 1088 2634 jocio
1114 2542 1202 2613 diem
1227 2546 1263 2612 ct
1274 2537 1528 2612 colemnitatem.
1554 2538 1652 2609 Dio-

283 2679 388 2730 cooos
414 2660 509 2727 coeit
533 2678 665 2728 aarum
689 2655 872 2750 simplicem
897 2658 1194 2753 Ephrocmiticum.

386 2769 520 2846 Stemus
547 2792 664 2844 omnes
689 2775 724 2843 in
751 2776 903 2846 oratione
930 2795 1044 2846 coram
1070 2774 1146 2845 Deo
1181 2771 1407 2862 misericordi,
1443 2782 1478 2844 et
1511 2769 1653 2844 vocibus

282 2910 370 2984 qnae
394 2891 459 2983 ipsi
485 2896 603 2980 gratae
631 2889 711 2979 sint,
738 2887 781 2960 ad
806 2889 914 2961 Deum
942 2889 1038 2962 simul
1064 2888 1254 2963 clamemus
1315 2888 1487 2983 Rogemus
1519 2889 1654 2961 Patrem

283 2999 528 3093 absconditum,
560 3002 659 3076 hlium
686 3002 886 3077 laudandum
912 3013 946 3077 et
971 3016 1122 3080 sanctum
1148 3004 1371 3102 Spiritumquc
1403 3014 1552 3080 sanctum
1578 3002 1653 3078 Pa-

281 3120 449 3208 raelitum,
482 3128 520 3192 ut
552 3142 615 3217 per
645 3119 907 3194 misericordiam
941 3141 1036 3194 suam
1069 3124 1228 3218 suscipiat
1259 3121 1459 3196 oblationem
1492 3129 1652 3193 nostram.

282 3238 506 3316 Annuneiatio
532 3246 589 3309 tua
616 3257 703 3331 quae
728 3235 920 3333 praedicate
948 3239 1186 3327 esthamoe,
1212 3240 1245 3308 in
1262 3238 1371 3311 medio
1383 3236 1561 3310 Ecclesiae
1576 3243 1653 3306 tuoe

284 3353 326 3425 ad
352 3373 493 3446 gregem
519 3361 628 3442 tuum,
654 3351 850 3424 fermentum
877 3356 919 3426 sit
946 3353 1128 3426 animabus·
1141 3357 1282 3426 nostris:
1310 3363 1343 3424 et
1368 3374 1430 3448 per
1456 3372 1654 3422 comcom-

282 3490 442 3566 paremus
468 3465 578 3540 cihum
605 3491 754 3541 suavem.
781 3467 986 3540 Sacerdotes
1013 3471 1068 3563 qui
1085 3467 1258 3561 legenmt,
1284 3469 1418 3540 veniam
1435 3486 1654 3560 consequen-

282 3596 350 3658 tur:
377 3586 519 3658 Diaconi
544 3587 619 3681 puri
645 3585 841 3657 efficiantur:
874 3582 1076 3658 subdiaconi
1107 3593 1141 3656 et
1171 3584 1335 3657 Lectores
1362 3584 1546 3677 suscipiant
1572 3602 1592 3651 a
1618 3589 1653 3651 te

282 3703 524 3774 remissionem.
576 3698 708 3772 Revela
740 3703 883 3794 gratiam
917 3709 1006 3772 tuam
1038 3698 1201 3773 mentibus
1234 3701 1357 3774 uostris
1388 3696 1654 3794 perlectionem

284 3818 544 3890 annunciationis
570 3824 666 3907 tuae,
692 3825 727 3887 et
752 3814 794 3887 de
818 3813 917 3890 nohis
944 3815 1184 3889 observatores
1212 3837 1289 3890 esse
1315 3813 1545 3888 mandatorum
1572 3821 1652 3884 too-

283 3954 374 4022 mm,
402 3934 547 4026 quaein
573 3953 615 4003 ee
642 3941 719 4006 sunt
744 3934 950 4024 consignata.
977 3931 1177 4024 Matthaeus,
1203 3931 1338 4006 Marcus
1365 3954 1440 4004 cum
1458 3929 1563 4019 Luco,
1589 3951 1654 4002 nec

282 4069 350 4121 non
376 4070 452 4120 cum
476 4045 540 4120 illis
567 4045 693 4122 electus
719 4047 889 4138 ioannes,
916 4047 1137 4145 deprecentur
1163 4060 1213 4122 te:
1239 4059 1274 4122 et
1298 4057 1434 4145 praesta
1455 4049 1653 4120 misericor-

284 4163 371 4236 diam
406 4172 495 4234 tuam
528 4184 612 4255 erga
646 4185 709 4238 nos
742 4185 868 4238 omnes.
926 4165 1039 4238 Aures
1072 4165 1255 4238 auditorum
1286 4165 1458 4238 doctrinae
1490 4172 1584 4252 moe,
1619 4171 1654 4234 et

282 4279 434 4354 lectionis
461 4281 721 4354 annunciationis
747 4290 841 4370 tuae,
867 4302 936 4355 non
962 4281 1096 4356 audiant
1120 4283 1263 4355 Domine
1288 4301 1410 4354 vocem
1432 4277 1539 4367 illam,
1567 4299 1653 4372 quae

283 4397 385 4492 pellet
411 4405 446 4469 et
472 4397 584 4487 ejiciet
607 4398 734 4494 impios.
787 4397 955 4495 Propitius
981 4407 1054 4471 esto
1081 4398 1224 4470 Domine
1249 4394 1374 4493 populo
1400 4403 1457 4466 tuo
1485 4403 1520 4466 et
1543 4395 1653 4466 mise-

283 4534 361 4586 rere
387 4513 505 4605 gregis
530 4513 577 4584 tui
589 4563 601 4602 ‚
628 4524 663 4586 et
688 4513 836 4610 triplices
862 4535 969 4586 voces
995 4513 1126 4605 gloriae
1153 4511 1330 4586 olleremos
1357 4511 1516 4585 'lhiniteti

385 4626 570 4700 Sacerdos.
630 4628 698 4724 lpsi
731 4630 815 4706 Jesu
850 4627 982 4702 Christo
1018 4627 1150 4717 laudes,
1192 4631 1375 4721 gratiarum
1410 4628 1577 4714 actiones,
1619 4633 1654 4696 et

283 4740 533 4816 henedictiones
558 4753 697 4839 propter
721 4747 794 4838 ejus
820 4749 901 4820 viva
929 4745 972 4818 ad
996 4765 1061 4818 nos
1087 4741 1213 4817 verba:
1239 4743 1330 4816 Patri
1356 4744 1449 4837 ejus,
1483 4745 1539 4838 quui
1564 4743 1653 4814 misit

282 4880 358 4932 eum
393 4858 437 4932 ad
470 4855 610 4932 salutem
642 4869 814 4938 nostram:
850 4871 884 4936 et
909 4861 1046 4959 Spiritui
1080 4863 1152 4955 ejus
1182 4862 1266 4936 vivo
1297 4869 1333 4935 et
1363 4859 1480 4936 sancto
1505 4880 1593 4932 nnnc
1619 4865 1654 4932 et

283 4991 429 5072 semper.
