<?xml version="1.0" encoding="UTF-8"?>
<!DOCTYPE html PUBLIC "-//W3C//DTD XHTML 1.0 Transitional//EN"
    "http://www.w3.org/TR/xhtml1/DTD/xhtml1-transitional.dtd">
<html xmlns="http://www.w3.org/1999/xhtml" xml:lang="en" lang="en">
 <head>
  <title>
</title>
<meta http-equiv="Content-Type" content="text/html;charset=utf-8" />
  <meta name='ocr-system' content='tesseract 3.04.00' />
  <meta name='ocr-capabilities' content='ocr_page ocr_carea ocr_par ocr_line ocrx_word'/>
</head>
<body>
  <div class='ocr_page' id='page_1' title='image "./liturgiarumorie04renagoog_0225.png"; bbox 0 0 4712 6032; ppageno 0'>
   <div class='ocr_carea' id='block_1_1' title="bbox 577 526 1759 696">
    <p class='ocr_par' dir='ltr' id='par_1_1' title="bbox 577 526 1759 696">
     <span class='ocr_line' id='line_1_1' title="bbox 577 526 1759 696; baseline 0.003 -4"><span class='ocrx_word' id='word_1_1' title='bbox 577 561 735 692; x_wconf 43' lang='lat' dir='ltr'>&#39;raa</span> <span class='ocrx_word' id='word_1_2' title='bbox 900 606 962 622; x_wconf 82' lang='grc'><strong>”</strong></span> <span class='ocrx_word' id='word_1_3' title='bbox 1161 579 1518 696; x_wconf 74' lang='lat' dir='ltr'>tirunot&#39;t</span> <span class='ocrx_word' id='word_1_4' title='bbox 1733 526 1759 601; x_wconf 69' lang='lat'><em>⁰</em></span> 
     </span>
    </p>
   </div>
   <div class='ocr_carea' id='block_1_2' title="bbox 656 799 2028 4496">
    <p class='ocr_par' dir='ltr' id='par_1_2' title="bbox 656 799 2028 4496">
     <span class='ocr_line' id='line_1_2' title="bbox 657 799 2028 902; baseline 0.002 -23"><span class='ocrx_word' id='word_1_5' title='bbox 657 803 837 879; x_wconf 80' lang='lat' dir='ltr'>visibilium</span> <span class='ocrx_word' id='word_1_6' title='bbox 868 815 902 878; x_wconf 92' lang='lat' dir='ltr'>et</span> <span class='ocrx_word' id='word_1_7' title='bbox 933 803 1155 878; x_wconf 88' lang='lat' dir='ltr'>invisibilium.</span> <span class='ocrx_word' id='word_1_8' title='bbox 1216 799 1312 878; x_wconf 89' lang='lat' dir='ltr'>Coeli</span> <span class='ocrx_word' id='word_1_9' title='bbox 1346 804 1533 894; x_wconf 91' lang='lat' dir='ltr'>coelorum,</span> <span class='ocrx_word' id='word_1_10' title='bbox 1568 816 1602 878; x_wconf 92' lang='lat' dir='ltr'>et</span> <span class='ocrx_word' id='word_1_11' title='bbox 1635 826 1863 902; x_wconf 89' lang='lat' dir='ltr'>quaecumque</span> <span class='ocrx_word' id='word_1_12' title='bbox 1896 809 1931 879; x_wconf 92' lang='lat' dir='ltr'>in</span> <span class='ocrx_word' id='word_1_13' title='bbox 1963 807 2028 882; x_wconf 82' lang='lat' dir='ltr'>ittta</span> 
     </span>
     <span class='ocr_line' id='line_1_3' title="bbox 658 920 2027 1018; baseline 0.002 -24"><span class='ocrx_word' id='word_1_14' title='bbox 658 935 754 1013; x_wconf 91' lang='lat' dir='ltr'>sunt,</span> <span class='ocrx_word' id='word_1_15' title='bbox 781 945 856 995; x_wconf 91' lang='lat' dir='ltr'>cum</span> <span class='ocrx_word' id='word_1_16' title='bbox 882 925 1006 994; x_wconf 90' lang='lat' dir='ltr'>naturis</span> <span class='ocrx_word' id='word_1_17' title='bbox 1034 924 1142 1014; x_wconf 85' lang='lat' dir='ltr'>igneis</span> <span class='ocrx_word' id='word_1_18' title='bbox 1169 931 1204 993; x_wconf 91' lang='lat' dir='ltr'>et</span> <span class='ocrx_word' id='word_1_19' title='bbox 1230 920 1454 1018; x_wconf 75' lang='lat' dir='ltr'>spiritualibus</span> <span class='ocrx_word' id='word_1_20' title='bbox 1481 930 1514 994; x_wconf 93' lang='lat' dir='ltr'>tc</span> <span class='ocrx_word' id='word_1_21' title='bbox 1541 921 1738 1014; x_wconf 87' lang='lat' dir='ltr'>glorificant</span> <span class='ocrx_word' id='word_1_22' title='bbox 1791 921 1851 995; x_wconf 89' lang='lat' dir='ltr'>Sol</span> <span class='ocrx_word' id='word_1_23' title='bbox 1885 935 1919 997; x_wconf 90' lang='lat' dir='ltr'>et</span> <span class='ocrx_word' id='word_1_24' title='bbox 1949 923 2027 997; x_wconf 87' lang='lat' dir='ltr'>luna</span> 
     </span>
     <span class='ocr_line' id='line_1_4' title="bbox 658 1035 2028 1132; baseline 0.001 -23"><span class='ocrx_word' id='word_1_25' title='bbox 658 1035 810 1110; x_wconf 87' lang='lat' dir='ltr'>cursibus</span> <span class='ocrx_word' id='word_1_26' title='bbox 848 1042 916 1110; x_wconf 90' lang='lat' dir='ltr'>suis</span> <span class='ocrx_word' id='word_1_27' title='bbox 951 1048 984 1108; x_wconf 90' lang='lat' dir='ltr'>te</span> <span class='ocrx_word' id='word_1_28' title='bbox 1019 1045 1239 1110; x_wconf 89' lang='lat' dir='ltr'>venerantur:</span> <span class='ocrx_word' id='word_1_29' title='bbox 1275 1035 1394 1109; x_wconf 89' lang='lat' dir='ltr'>stellae</span> <span class='ocrx_word' id='word_1_30' title='bbox 1430 1036 1610 1132; x_wconf 81' lang='lat' dir='ltr'>splendore</span> <span class='ocrx_word' id='word_1_31' title='bbox 1648 1058 1711 1110; x_wconf 90' lang='lat' dir='ltr'>suo</span> <span class='ocrx_word' id='word_1_32' title='bbox 1747 1046 1781 1108; x_wconf 91' lang='lat' dir='ltr'>te</span> <span class='ocrx_word' id='word_1_33' title='bbox 1818 1037 2028 1132; x_wconf 89' lang='lat' dir='ltr'>praedicant:</span> 
     </span>
     <span class='ocr_line' id='line_1_5' title="bbox 656 1151 2028 1240; baseline -0.001 -13"><span class='ocrx_word' id='word_1_34' title='bbox 656 1157 802 1227; x_wconf 91' lang='lat' dir='ltr'>tonitrua</span> <span class='ocrx_word' id='word_1_35' title='bbox 829 1158 921 1226; x_wconf 92' lang='lat' dir='ltr'>sonis</span> <span class='ocrx_word' id='word_1_36' title='bbox 948 1157 1016 1226; x_wconf 91' lang='lat' dir='ltr'>suis</span> <span class='ocrx_word' id='word_1_37' title='bbox 1051 1163 1193 1240; x_wconf 90' lang='lat' dir='ltr'>terrent,</span> <span class='ocrx_word' id='word_1_38' title='bbox 1227 1153 1269 1225; x_wconf 88' lang='lat' dir='ltr'>ad</span> <span class='ocrx_word' id='word_1_39' title='bbox 1301 1151 1490 1224; x_wconf 88' lang='lat' dir='ltr'>mandatum</span> <span class='ocrx_word' id='word_1_40' title='bbox 1516 1161 1621 1224; x_wconf 77' lang='lat' dir='ltr'>tuunm</span> <span class='ocrx_word' id='word_1_41' title='bbox 1648 1160 1757 1224; x_wconf 88' lang='lat' dir='ltr'>motus</span> <span class='ocrx_word' id='word_1_42' title='bbox 1783 1154 1817 1222; x_wconf 92' lang='lat' dir='ltr'>in</span> <span class='ocrx_word' id='word_1_43' title='bbox 1843 1161 1924 1225; x_wconf 74' lang='lat' dir='ltr'>aare</span> <span class='ocrx_word' id='word_1_44' title='bbox 1949 1159 2028 1227; x_wconf 91' lang='lat' dir='ltr'>vir-</span> 
     </span>
     <span class='ocr_line' id='line_1_6' title="bbox 657 1265 2027 1365; baseline 0.002 -24"><span class='ocrx_word' id='word_1_45' title='bbox 657 1279 758 1342; x_wconf 89' lang='lat' dir='ltr'>tutem</span> <span class='ocrx_word' id='word_1_46' title='bbox 785 1279 873 1341; x_wconf 89' lang='lat' dir='ltr'>tuam</span> <span class='ocrx_word' id='word_1_47' title='bbox 901 1269 1105 1362; x_wconf 84' lang='lat' dir='ltr'>significant:</span> <span class='ocrx_word' id='word_1_48' title='bbox 1140 1291 1248 1365; x_wconf 90' lang='lat' dir='ltr'>aquae</span> <span class='ocrx_word' id='word_1_49' title='bbox 1279 1272 1314 1339; x_wconf 92' lang='lat' dir='ltr'>in</span> <span class='ocrx_word' id='word_1_50' title='bbox 1344 1265 1485 1341; x_wconf 93' lang='lat' dir='ltr'>nubibus</span> <span class='ocrx_word' id='word_1_51' title='bbox 1517 1278 1597 1340; x_wconf 92' lang='lat' dir='ltr'>nutu</span> <span class='ocrx_word' id='word_1_52' title='bbox 1631 1279 1688 1340; x_wconf 95' lang='lat' dir='ltr'>tuo</span> <span class='ocrx_word' id='word_1_53' title='bbox 1724 1277 1905 1359; x_wconf 88' lang='lat' dir='ltr'>coguntur:</span> <span class='ocrx_word' id='word_1_54' title='bbox 1936 1281 2027 1344; x_wconf 90' lang='lat' dir='ltr'>terra</span> 
     </span>
     <span class='ocr_line' id='line_1_7' title="bbox 658 1383 2027 1482; baseline -0.001 -25"><span class='ocrx_word' id='word_1_55' title='bbox 658 1395 692 1457; x_wconf 93' lang='lat' dir='ltr'>et</span> <span class='ocrx_word' id='word_1_56' title='bbox 718 1408 945 1482; x_wconf 90' lang='lat' dir='ltr'>quaecumque</span> <span class='ocrx_word' id='word_1_57' title='bbox 971 1407 1072 1482; x_wconf 89' lang='lat' dir='ltr'>super</span> <span class='ocrx_word' id='word_1_58' title='bbox 1099 1408 1174 1458; x_wconf 89' lang='lat' dir='ltr'>eam</span> <span class='ocrx_word' id='word_1_59' title='bbox 1201 1395 1293 1474; x_wconf 90' lang='lat' dir='ltr'>suut,</span> <span class='ocrx_word' id='word_1_60' title='bbox 1327 1409 1347 1457; x_wconf 93' lang='lat' dir='ltr'>a</span> <span class='ocrx_word' id='word_1_61' title='bbox 1374 1393 1407 1455; x_wconf 88' lang='lat' dir='ltr'>ta</span> <span class='ocrx_word' id='word_1_62' title='bbox 1433 1383 1597 1480; x_wconf 88' lang='lat' dir='ltr'>pendent,</span> <span class='ocrx_word' id='word_1_63' title='bbox 1632 1394 1732 1480; x_wconf 91' lang='lat' dir='ltr'>atque</span> <span class='ocrx_word' id='word_1_64' title='bbox 1766 1407 1787 1455; x_wconf 94' lang='lat' dir='ltr'>a</span> <span class='ocrx_word' id='word_1_65' title='bbox 1821 1394 1855 1455; x_wconf 92' lang='lat' dir='ltr'>te</span> <span class='ocrx_word' id='word_1_66' title='bbox 1888 1396 2027 1459; x_wconf 89' lang='lat' dir='ltr'>susten-</span> 
     </span>
     <span class='ocr_line' id='line_1_8' title="bbox 658 1499 2027 1596; baseline -0.001 -22"><span class='ocrx_word' id='word_1_67' title='bbox 658 1511 786 1576; x_wconf 86' lang='lat' dir='ltr'>tantur:</span> <span class='ocrx_word' id='word_1_68' title='bbox 812 1513 950 1574; x_wconf 91' lang='lat' dir='ltr'>naturae</span> <span class='ocrx_word' id='word_1_69' title='bbox 976 1500 1170 1591; x_wconf 71' lang='lat' dir='ltr'>rationales,</span> <span class='ocrx_word' id='word_1_70' title='bbox 1197 1511 1231 1573; x_wconf 91' lang='lat' dir='ltr'>et</span> <span class='ocrx_word' id='word_1_71' title='bbox 1255 1505 1386 1574; x_wconf 86' lang='lat' dir='ltr'>ratione</span> <span class='ocrx_word' id='word_1_72' title='bbox 1413 1510 1578 1588; x_wconf 77' lang='lat' dir='ltr'>carentes,</span> <span class='ocrx_word' id='word_1_73' title='bbox 1605 1499 1682 1572; x_wconf 87' lang='lat' dir='ltr'>illae</span> <span class='ocrx_word' id='word_1_74' title='bbox 1699 1523 1785 1596; x_wconf 88' lang='lat' dir='ltr'>quaa</span> <span class='ocrx_word' id='word_1_75' title='bbox 1800 1500 2027 1592; x_wconf 89' lang='lat' dir='ltr'>intelligentia,</span> 
     </span>
     <span class='ocr_line' id='line_1_9' title="bbox 658 1617 2028 1715; baseline -0.001 -24"><span class='ocrx_word' id='word_1_76' title='bbox 658 1628 805 1715; x_wconf 83' lang='lat' dir='ltr'>atquae</span> <span class='ocrx_word' id='word_1_77' title='bbox 831 1618 905 1691; x_wconf 91' lang='lat' dir='ltr'>solo</span> <span class='ocrx_word' id='word_1_78' title='bbox 934 1641 1035 1692; x_wconf 91' lang='lat' dir='ltr'>sensu</span> <span class='ocrx_word' id='word_1_79' title='bbox 1061 1617 1234 1715; x_wconf 85' lang='lat' dir='ltr'>praeditae</span> <span class='ocrx_word' id='word_1_80' title='bbox 1261 1627 1351 1704; x_wconf 91' lang='lat' dir='ltr'>sunt,</span> <span class='ocrx_word' id='word_1_81' title='bbox 1379 1639 1442 1712; x_wconf 89' lang='lat' dir='ltr'>per</span> <span class='ocrx_word' id='word_1_82' title='bbox 1466 1628 1501 1689; x_wconf 88' lang='lat' dir='ltr'>ta</span> <span class='ocrx_word' id='word_1_83' title='bbox 1526 1619 1662 1707; x_wconf 92' lang='lat' dir='ltr'>vivunt,</span> <span class='ocrx_word' id='word_1_84' title='bbox 1689 1629 1723 1689; x_wconf 90' lang='lat' dir='ltr'>et</span> <span class='ocrx_word' id='word_1_85' title='bbox 1748 1622 1905 1714; x_wconf 88' lang='lat' dir='ltr'>potestati</span> <span class='ocrx_word' id='word_1_86' title='bbox 1931 1619 2028 1709; x_wconf 90' lang='lat' dir='ltr'>regni</span> 
     </span>
     <span class='ocr_line' id='line_1_10' title="bbox 657 1730 2026 1827; baseline -0.002 -22"><span class='ocrx_word' id='word_1_87' title='bbox 657 1739 703 1807; x_wconf 90' lang='lat' dir='ltr'>tui</span> <span class='ocrx_word' id='word_1_88' title='bbox 731 1733 897 1808; x_wconf 90' lang='lat' dir='ltr'>obediunt.</span> <span class='ocrx_word' id='word_1_89' title='bbox 946 1732 1061 1806; x_wconf 90' lang='lat' dir='ltr'>Hahes</span> <span class='ocrx_word' id='word_1_90' title='bbox 1087 1733 1231 1806; x_wconf 85' lang='lat' dir='ltr'>Domina</span> <span class='ocrx_word' id='word_1_91' title='bbox 1257 1736 1291 1805; x_wconf 90' lang='lat' dir='ltr'>in</span> <span class='ocrx_word' id='word_1_92' title='bbox 1318 1731 1414 1804; x_wconf 90' lang='lat' dir='ltr'>coelo</span> <span class='ocrx_word' id='word_1_93' title='bbox 1442 1731 1498 1805; x_wconf 92' lang='lat' dir='ltr'>illo</span> <span class='ocrx_word' id='word_1_94' title='bbox 1526 1733 1666 1805; x_wconf 86' lang='lat' dir='ltr'>excelso</span> <span class='ocrx_word' id='word_1_95' title='bbox 1694 1732 1782 1827; x_wconf 93' lang='lat' dir='ltr'>quod</span> <span class='ocrx_word' id='word_1_96' title='bbox 1808 1742 1860 1804; x_wconf 91' lang='lat' dir='ltr'>est</span> <span class='ocrx_word' id='word_1_97' title='bbox 1887 1730 2026 1804; x_wconf 90' lang='lat' dir='ltr'>scabel-</span> 
     </span>
     <span class='ocr_line' id='line_1_11' title="bbox 657 1845 2028 1946; baseline -0.002 -24"><span class='ocrx_word' id='word_1_98' title='bbox 657 1851 723 1924; x_wconf 87' lang='lat' dir='ltr'>lum</span> <span class='ocrx_word' id='word_1_99' title='bbox 752 1849 812 1923; x_wconf 92' lang='lat' dir='ltr'>sub</span> <span class='ocrx_word' id='word_1_100' title='bbox 841 1849 981 1946; x_wconf 90' lang='lat' dir='ltr'>pedihus</span> <span class='ocrx_word' id='word_1_101' title='bbox 1009 1854 1090 1940; x_wconf 89' lang='lat' dir='ltr'>tuis,</span> <span class='ocrx_word' id='word_1_102' title='bbox 1117 1851 1283 1922; x_wconf 90' lang='lat' dir='ltr'>ministros</span> <span class='ocrx_word' id='word_1_103' title='bbox 1310 1847 1583 1936; x_wconf 88' lang='lat' dir='ltr'>innumerabiles,</span> <span class='ocrx_word' id='word_1_104' title='bbox 1615 1859 1649 1920; x_wconf 90' lang='lat' dir='ltr'>et</span> <span class='ocrx_word' id='word_1_105' title='bbox 1674 1845 1830 1920; x_wconf 89' lang='lat' dir='ltr'>inlinitum</span> <span class='ocrx_word' id='word_1_106' title='bbox 1857 1870 2028 1920; x_wconf 91' lang='lat' dir='ltr'>numerum</span> 
     </span>
     <span class='ocr_line' id='line_1_12' title="bbox 657 1962 2027 2060; baseline -0.003 -21"><span class='ocrx_word' id='word_1_107' title='bbox 657 1967 858 2040; x_wconf 87' lang='lat' dir='ltr'>laudantium</span> <span class='ocrx_word' id='word_1_108' title='bbox 885 1975 930 2055; x_wconf 90' lang='lat' dir='ltr'>te,</span> <span class='ocrx_word' id='word_1_109' title='bbox 957 1967 1071 2060; x_wconf 93' lang='lat' dir='ltr'>quiin</span> <span class='ocrx_word' id='word_1_110' title='bbox 1097 1963 1290 2058; x_wconf 90' lang='lat' dir='ltr'>regionibus</span> <span class='ocrx_word' id='word_1_111' title='bbox 1317 1966 1476 2037; x_wconf 90' lang='lat' dir='ltr'>materiae</span> <span class='ocrx_word' id='word_1_112' title='bbox 1503 1962 1715 2060; x_wconf 86' lang='lat' dir='ltr'>expertibus,</span> <span class='ocrx_word' id='word_1_113' title='bbox 1750 1963 1839 2036; x_wconf 93' lang='lat' dir='ltr'>laudi</span> <span class='ocrx_word' id='word_1_114' title='bbox 1864 1969 2027 2057; x_wconf 89' lang='lat' dir='ltr'>majesta-</span> 
     </span>
     <span class='ocr_line' id='line_1_13' title="bbox 658 2078 2027 2174; baseline -0.004 -19"><span class='ocrx_word' id='word_1_115' title='bbox 658 2087 699 2155; x_wconf 92' lang='lat' dir='ltr'>tis</span> <span class='ocrx_word' id='word_1_116' title='bbox 728 2094 821 2168; x_wconf 87' lang='lat' dir='ltr'>tuae,</span> <span class='ocrx_word' id='word_1_117' title='bbox 857 2091 891 2152; x_wconf 91' lang='lat' dir='ltr'>ct</span> <span class='ocrx_word' id='word_1_118' title='bbox 916 2083 1100 2154; x_wconf 89' lang='lat' dir='ltr'>ministerio</span> <span class='ocrx_word' id='word_1_119' title='bbox 1127 2092 1184 2153; x_wconf 92' lang='lat' dir='ltr'>tuo</span> <span class='ocrx_word' id='word_1_120' title='bbox 1211 2083 1273 2153; x_wconf 90' lang='lat' dir='ltr'>toti</span> <span class='ocrx_word' id='word_1_121' title='bbox 1299 2078 1419 2151; x_wconf 86' lang='lat' dir='ltr'>addicti</span> <span class='ocrx_word' id='word_1_122' title='bbox 1461 2091 1554 2163; x_wconf 90' lang='lat' dir='ltr'>sunt,</span> <span class='ocrx_word' id='word_1_123' title='bbox 1585 2100 1750 2174; x_wconf 89' lang='lat' dir='ltr'>personas</span> <span class='ocrx_word' id='word_1_124' title='bbox 1783 2080 1909 2153; x_wconf 87' lang='lat' dir='ltr'>scilicet</span> <span class='ocrx_word' id='word_1_125' title='bbox 1941 2101 2027 2174; x_wconf 92' lang='lat' dir='ltr'>quae</span> 
     </span>
     <span class='ocr_line' id='line_1_14' title="bbox 658 2196 2026 2293; baseline -0.001 -26"><span class='ocrx_word' id='word_1_126' title='bbox 658 2220 705 2267; x_wconf 85' lang='lat' dir='ltr'>ex</span> <span class='ocrx_word' id='word_1_127' title='bbox 732 2201 810 2289; x_wconf 88' lang='lat' dir='ltr'>igne</span> <span class='ocrx_word' id='word_1_128' title='bbox 838 2205 871 2267; x_wconf 94' lang='lat' dir='ltr'>et</span> <span class='ocrx_word' id='word_1_129' title='bbox 897 2196 1022 2293; x_wconf 90' lang='lat' dir='ltr'>Spiritu</span> <span class='ocrx_word' id='word_1_130' title='bbox 1048 2205 1183 2267; x_wconf 86' lang='lat' dir='ltr'>creatae</span> <span class='ocrx_word' id='word_1_131' title='bbox 1210 2203 1303 2266; x_wconf 92' lang='lat' dir='ltr'>sunt:</span> <span class='ocrx_word' id='word_1_132' title='bbox 1336 2215 1422 2287; x_wconf 90' lang='lat' dir='ltr'>quaa</span> <span class='ocrx_word' id='word_1_133' title='bbox 1448 2196 1586 2266; x_wconf 87' lang='lat' dir='ltr'>canticis</span> <span class='ocrx_word' id='word_1_134' title='bbox 1613 2198 1757 2267; x_wconf 93' lang='lat' dir='ltr'>omnium</span> <span class='ocrx_word' id='word_1_135' title='bbox 1784 2199 1932 2267; x_wconf 88' lang='lat' dir='ltr'>musicae</span> <span class='ocrx_word' id='word_1_136' title='bbox 1957 2217 2026 2287; x_wconf 89' lang='lat' dir='ltr'>ga-</span> 
     </span>
     <span class='ocr_line' id='line_1_15' title="bbox 656 2308 2026 2400; baseline -0.002 -17"><span class='ocrx_word' id='word_1_137' title='bbox 656 2333 786 2400; x_wconf 89' lang='lat' dir='ltr'>uerum,</span> <span class='ocrx_word' id='word_1_138' title='bbox 812 2312 927 2385; x_wconf 90' lang='lat' dir='ltr'>laudas</span> <span class='ocrx_word' id='word_1_139' title='bbox 953 2323 1028 2383; x_wconf 89' lang='lat' dir='ltr'>tuas</span> <span class='ocrx_word' id='word_1_140' title='bbox 1055 2334 1128 2383; x_wconf 88' lang='lat' dir='ltr'>oum</span> <span class='ocrx_word' id='word_1_141' title='bbox 1154 2310 1303 2382; x_wconf 90' lang='lat' dir='ltr'>clamore</span> <span class='ocrx_word' id='word_1_142' title='bbox 1329 2308 1515 2398; x_wconf 88' lang='lat' dir='ltr'>celebrant,</span> <span class='ocrx_word' id='word_1_143' title='bbox 1543 2309 1666 2382; x_wconf 88' lang='lat' dir='ltr'>milleni</span> <span class='ocrx_word' id='word_1_144' title='bbox 1693 2321 1728 2382; x_wconf 92' lang='lat' dir='ltr'>et</span> <span class='ocrx_word' id='word_1_145' title='bbox 1754 2310 1865 2383; x_wconf 89' lang='lat' dir='ltr'>decies</span> <span class='ocrx_word' id='word_1_146' title='bbox 1892 2310 2026 2400; x_wconf 91' lang='lat' dir='ltr'>milleni,</span> 
     </span>
     <span class='ocr_line' id='line_1_16' title="bbox 659 2424 2026 2522; baseline 0.001 -24"><span class='ocrx_word' id='word_1_147' title='bbox 659 2431 715 2522; x_wconf 93' lang='lat' dir='ltr'>qui</span> <span class='ocrx_word' id='word_1_148' title='bbox 742 2426 784 2499; x_wconf 88' lang='lat' dir='ltr'>ab</span> <span class='ocrx_word' id='word_1_149' title='bbox 812 2438 950 2499; x_wconf 90' lang='lat' dir='ltr'>aeterno</span> <span class='ocrx_word' id='word_1_150' title='bbox 976 2427 1103 2499; x_wconf 83' lang='lat' dir='ltr'>fructus</span> <span class='ocrx_word' id='word_1_151' title='bbox 1134 2425 1332 2498; x_wconf 89' lang='lat' dir='ltr'>laudationis</span> <span class='ocrx_word' id='word_1_152' title='bbox 1364 2426 1423 2499; x_wconf 91' lang='lat' dir='ltr'>tibi</span> <span class='ocrx_word' id='word_1_153' title='bbox 1455 2424 1625 2514; x_wconf 84' lang='lat' dir='ltr'>deferunt,</span> <span class='ocrx_word' id='word_1_154' title='bbox 1660 2429 1793 2519; x_wconf 85' lang='lat' dir='ltr'>agmina</span> <span class='ocrx_word' id='word_1_155' title='bbox 1827 2438 1861 2499; x_wconf 91' lang='lat' dir='ltr'>et</span> <span class='ocrx_word' id='word_1_156' title='bbox 1892 2426 2026 2500; x_wconf 91' lang='lat' dir='ltr'>ordines</span> 
     </span>
     <span class='ocr_line' id='line_1_17' title="bbox 658 2539 2026 2639; baseline -0.001 -22"><span class='ocrx_word' id='word_1_157' title='bbox 658 2543 872 2639; x_wconf 88' lang='lat' dir='ltr'>spiritualium</span> <span class='ocrx_word' id='word_1_158' title='bbox 899 2547 934 2614; x_wconf 91' lang='lat' dir='ltr'>in</span> <span class='ocrx_word' id='word_1_159' title='bbox 960 2564 1039 2618; x_wconf 91' lang='lat' dir='ltr'>suos</span> <span class='ocrx_word' id='word_1_160' title='bbox 1067 2542 1201 2616; x_wconf 89' lang='lat' dir='ltr'>ordines</span> <span class='ocrx_word' id='word_1_161' title='bbox 1228 2539 1490 2630; x_wconf 88' lang='lat' dir='ltr'>distributorum,</span> <span class='ocrx_word' id='word_1_162' title='bbox 1524 2545 1579 2636; x_wconf 93' lang='lat' dir='ltr'>qui</span> <span class='ocrx_word' id='word_1_163' title='bbox 1610 2542 1752 2639; x_wconf 74' lang='lat' dir='ltr'>hymnos</span> <span class='ocrx_word' id='word_1_164' title='bbox 1775 2543 1940 2635; x_wconf 91' lang='lat' dir='ltr'>jucundos</span> <span class='ocrx_word' id='word_1_165' title='bbox 1968 2543 2026 2615; x_wconf 92' lang='lat' dir='ltr'>tibi</span> 
     </span>
     <span class='ocr_line' id='line_1_18' title="bbox 658 2656 2028 2755; baseline -0.001 -23"><span class='ocrx_word' id='word_1_166' title='bbox 658 2660 815 2732; x_wconf 88' lang='lat' dir='ltr'>ollerunt:</span> <span class='ocrx_word' id='word_1_167' title='bbox 843 2669 960 2732; x_wconf 91' lang='lat' dir='ltr'>coetus</span> <span class='ocrx_word' id='word_1_168' title='bbox 985 2658 1213 2753; x_wconf 74' lang='lat' dir='ltr'>Angelorum,</span> <span class='ocrx_word' id='word_1_169' title='bbox 1241 2657 1442 2753; x_wconf 86' lang='lat' dir='ltr'>ordinesque</span> <span class='ocrx_word' id='word_1_170' title='bbox 1468 2657 1772 2751; x_wconf 85' lang='lat' dir='ltr'>Archangelorum,</span> <span class='ocrx_word' id='word_1_171' title='bbox 1806 2661 1860 2755; x_wconf 92' lang='lat' dir='ltr'>qui</span> <span class='ocrx_word' id='word_1_172' title='bbox 1887 2656 1944 2730; x_wconf 91' lang='lat' dir='ltr'>tihi</span> <span class='ocrx_word' id='word_1_173' title='bbox 1971 2664 2028 2731; x_wconf 92' lang='lat' dir='ltr'>uni</span> 
     </span>
     <span class='ocr_line' id='line_1_19' title="bbox 657 2774 2027 2854; baseline 0.001 -7"><span class='ocrx_word' id='word_1_174' title='bbox 657 2775 733 2849; x_wconf 86' lang='lat' dir='ltr'>Deo</span> <span class='ocrx_word' id='word_1_175' title='bbox 760 2774 891 2847; x_wconf 90' lang='lat' dir='ltr'>laudem</span> <span class='ocrx_word' id='word_1_176' title='bbox 917 2797 1040 2854; x_wconf 90' lang='lat' dir='ltr'>novam</span> <span class='ocrx_word' id='word_1_177' title='bbox 1067 2787 1101 2848; x_wconf 92' lang='lat' dir='ltr'>et</span> <span class='ocrx_word' id='word_1_178' title='bbox 1126 2774 1365 2847; x_wconf 88' lang='lat' dir='ltr'>indesinentem</span> <span class='ocrx_word' id='word_1_179' title='bbox 1391 2774 1554 2846; x_wconf 84' lang='lat' dir='ltr'>referunt:</span> <span class='ocrx_word' id='word_1_180' title='bbox 1582 2774 1708 2848; x_wconf 84' lang='lat' dir='ltr'>&#39;lbroni</span> <span class='ocrx_word' id='word_1_181' title='bbox 1726 2785 1760 2846; x_wconf 91' lang='lat' dir='ltr'>et</span> <span class='ocrx_word' id='word_1_182' title='bbox 1776 2776 2027 2849; x_wconf 89' lang='lat' dir='ltr'>Dominationcs</span> 
     </span>
     <span class='ocr_line' id='line_1_20' title="bbox 657 2888 2027 2987; baseline 0 -23"><span class='ocrx_word' id='word_1_183' title='bbox 657 2894 691 2964; x_wconf 93' lang='lat' dir='ltr'>in</span> <span class='ocrx_word' id='word_1_184' title='bbox 732 2893 919 2964; x_wconf 89' lang='lat' dir='ltr'>firmissima</span> <span class='ocrx_word' id='word_1_185' title='bbox 958 2902 993 2963; x_wconf 90' lang='lat' dir='ltr'>et</span> <span class='ocrx_word' id='word_1_186' title='bbox 1023 2914 1091 2964; x_wconf 93' lang='lat' dir='ltr'>non</span> <span class='ocrx_word' id='word_1_187' title='bbox 1123 2888 1337 2987; x_wconf 92' lang='lat' dir='ltr'>perturbabill</span> <span class='ocrx_word' id='word_1_188' title='bbox 1369 2894 1547 2964; x_wconf 87' lang='lat' dir='ltr'>securitate</span> <span class='ocrx_word' id='word_1_189' title='bbox 1580 2894 1762 2980; x_wconf 92' lang='lat' dir='ltr'>constituti,</span> <span class='ocrx_word' id='word_1_190' title='bbox 1807 2894 1863 2986; x_wconf 93' lang='lat' dir='ltr'>qui</span> <span class='ocrx_word' id='word_1_191' title='bbox 1897 2895 2027 2964; x_wconf 90' lang='lat' dir='ltr'>cantica</span> 
     </span>
     <span class='ocr_line' id='line_1_21' title="bbox 657 3005 2024 3104; baseline -0.001 -24"><span class='ocrx_word' id='word_1_192' title='bbox 657 3007 864 3104; x_wconf 91' lang='lat' dir='ltr'>triumphalia</span> <span class='ocrx_word' id='word_1_193' title='bbox 891 3011 1070 3080; x_wconf 88' lang='lat' dir='ltr'>conclaunt</span> <span class='ocrx_word' id='word_1_194' title='bbox 1094 3008 1164 3095; x_wconf 90' lang='lat' dir='ltr'>tihi,</span> <span class='ocrx_word' id='word_1_195' title='bbox 1191 3029 1402 3103; x_wconf 89' lang='lat' dir='ltr'>summopere</span> <span class='ocrx_word' id='word_1_196' title='bbox 1429 3007 1583 3079; x_wconf 88' lang='lat' dir='ltr'>timendo.</span> <span class='ocrx_word' id='word_1_197' title='bbox 1624 3005 1828 3098; x_wconf 84' lang='lat' dir='ltr'>Archangeli</span> <span class='ocrx_word' id='word_1_198' title='bbox 1856 3017 1889 3078; x_wconf 90' lang='lat' dir='ltr'>et</span> <span class='ocrx_word' id='word_1_199' title='bbox 1914 3012 2024 3079; x_wconf 89' lang='lat' dir='ltr'>virtu-</span> 
     </span>
     <span class='ocr_line' id='line_1_22' title="bbox 657 3121 2025 3220; baseline -0.001 -24"><span class='ocrx_word' id='word_1_200' title='bbox 657 3135 721 3212; x_wconf 87' lang='lat' dir='ltr'>tes,</span> <span class='ocrx_word' id='word_1_201' title='bbox 748 3124 1020 3218; x_wconf 90' lang='lat' dir='ltr'>Potestatumque</span> <span class='ocrx_word' id='word_1_202' title='bbox 1046 3126 1225 3220; x_wconf 89' lang='lat' dir='ltr'>principes,</span> <span class='ocrx_word' id='word_1_203' title='bbox 1252 3127 1307 3218; x_wconf 93' lang='lat' dir='ltr'>qui</span> <span class='ocrx_word' id='word_1_204' title='bbox 1333 3121 1440 3215; x_wconf 90' lang='lat' dir='ltr'>gloria</span> <span class='ocrx_word' id='word_1_205' title='bbox 1467 3122 1676 3196; x_wconf 72' lang='lat' dir='ltr'>&#39;thronorum</span> <span class='ocrx_word' id='word_1_206' title='bbox 1703 3133 1920 3210; x_wconf 85' lang='lat' dir='ltr'>exornantur,</span> <span class='ocrx_word' id='word_1_207' title='bbox 1946 3123 2025 3196; x_wconf 91' lang='lat' dir='ltr'>lau-</span> 
     </span>
     <span class='ocr_line' id='line_1_23' title="bbox 659 3238 2025 3336; baseline -0.001 -22"><span class='ocrx_word' id='word_1_208' title='bbox 659 3242 785 3336; x_wconf 85' lang='lat' dir='ltr'>desque</span> <span class='ocrx_word' id='word_1_209' title='bbox 812 3248 846 3311; x_wconf 90' lang='lat' dir='ltr'>ct</span> <span class='ocrx_word' id='word_1_210' title='bbox 872 3242 1023 3312; x_wconf 89' lang='lat' dir='ltr'>encomia</span> <span class='ocrx_word' id='word_1_211' title='bbox 1050 3239 1243 3333; x_wconf 87' lang='lat' dir='ltr'>dignissima</span> <span class='ocrx_word' id='word_1_212' title='bbox 1268 3247 1367 3336; x_wconf 91' lang='lat' dir='ltr'>prout</span> <span class='ocrx_word' id='word_1_213' title='bbox 1393 3239 1491 3311; x_wconf 90' lang='lat' dir='ltr'>decet</span> <span class='ocrx_word' id='word_1_214' title='bbox 1516 3238 1660 3332; x_wconf 91' lang='lat' dir='ltr'>dirigunt</span> <span class='ocrx_word' id='word_1_215' title='bbox 1686 3238 1728 3311; x_wconf 93' lang='lat' dir='ltr'>ad</span> <span class='ocrx_word' id='word_1_216' title='bbox 1754 3239 1884 3312; x_wconf 81' lang='lat' dir='ltr'>intimos</span> <span class='ocrx_word' id='word_1_217' title='bbox 1900 3239 2025 3333; x_wconf 91' lang='lat' dir='ltr'>gradus</span> 
     </span>
     <span class='ocr_line' id='line_1_24' title="bbox 658 3353 2024 3453; baseline -0.002 -23"><span class='ocrx_word' id='word_1_218' title='bbox 658 3357 733 3430; x_wconf 91' lang='lat' dir='ltr'>solii</span> <span class='ocrx_word' id='word_1_219' title='bbox 760 3361 815 3429; x_wconf 92' lang='lat' dir='ltr'>tui.</span> <span class='ocrx_word' id='word_1_220' title='bbox 869 3356 1077 3452; x_wconf 90' lang='lat' dir='ltr'>Principatus</span> <span class='ocrx_word' id='word_1_221' title='bbox 1105 3353 1292 3453; x_wconf 90' lang='lat' dir='ltr'>spirituales</span> <span class='ocrx_word' id='word_1_222' title='bbox 1320 3358 1375 3450; x_wconf 90' lang='lat' dir='ltr'>qui</span> <span class='ocrx_word' id='word_1_223' title='bbox 1401 3377 1514 3428; x_wconf 91' lang='lat' dir='ltr'>coram</span> <span class='ocrx_word' id='word_1_224' title='bbox 1542 3367 1574 3426; x_wconf 90' lang='lat' dir='ltr'>ta</span> <span class='ocrx_word' id='word_1_225' title='bbox 1601 3377 1675 3427; x_wconf 87' lang='lat' dir='ltr'>oum</span> <span class='ocrx_word' id='word_1_226' title='bbox 1697 3359 1817 3427; x_wconf 90' lang='lat' dir='ltr'>timore</span> <span class='ocrx_word' id='word_1_227' title='bbox 1832 3359 2024 3444; x_wconf 83' lang='lat' dir='ltr'>consistunt,</span> 
     </span>
     <span class='ocr_line' id='line_1_25' title="bbox 657 3471 2024 3564; baseline -0.001 -18"><span class='ocrx_word' id='word_1_228' title='bbox 657 3473 884 3546; x_wconf 88' lang='lat' dir='ltr'>indesinenter</span> <span class='ocrx_word' id='word_1_229' title='bbox 910 3471 1115 3545; x_wconf 87' lang='lat' dir='ltr'>sanctificant</span> <span class='ocrx_word' id='word_1_230' title='bbox 1140 3475 1262 3544; x_wconf 88' lang='lat' dir='ltr'>tonitru</span> <span class='ocrx_word' id='word_1_231' title='bbox 1289 3473 1470 3544; x_wconf 87' lang='lat' dir='ltr'>sanctitatis</span> <span class='ocrx_word' id='word_1_232' title='bbox 1495 3482 1582 3543; x_wconf 89' lang='lat' dir='ltr'>tuae.</span> <span class='ocrx_word' id='word_1_233' title='bbox 1636 3471 1761 3544; x_wconf 87' lang='lat' dir='ltr'>Currus</span> <span class='ocrx_word' id='word_1_234' title='bbox 1794 3476 1913 3564; x_wconf 90' lang='lat' dir='ltr'>igneus</span> <span class='ocrx_word' id='word_1_235' title='bbox 1947 3476 2024 3545; x_wconf 93' lang='lat' dir='ltr'>ani-</span> 
     </span>
     <span class='ocr_line' id='line_1_26' title="bbox 657 3587 2026 3684; baseline -0.001 -22"><span class='ocrx_word' id='word_1_236' title='bbox 657 3587 787 3662; x_wconf 91' lang='lat' dir='ltr'>malium</span> <span class='ocrx_word' id='word_1_237' title='bbox 817 3587 1020 3684; x_wconf 81' lang='lat' dir='ltr'>quadruplici</span> <span class='ocrx_word' id='word_1_238' title='bbox 1045 3587 1131 3661; x_wconf 85' lang='lat' dir='ltr'>facie</span> <span class='ocrx_word' id='word_1_239' title='bbox 1158 3588 1401 3677; x_wconf 90' lang='lat' dir='ltr'>distinctorum,</span> <span class='ocrx_word' id='word_1_240' title='bbox 1435 3587 1762 3684; x_wconf 90' lang='lat' dir='ltr'>similitudinibusque</span> <span class='ocrx_word' id='word_1_241' title='bbox 1790 3588 1934 3661; x_wconf 91' lang='lat' dir='ltr'>diversis</span> <span class='ocrx_word' id='word_1_242' title='bbox 1957 3589 2026 3661; x_wconf 88' lang='lat' dir='ltr'>do-</span> 
     </span>
     <span class='ocr_line' id='line_1_27' title="bbox 656 3703 2024 3798; baseline 0.001 -21"><span class='ocrx_word' id='word_1_243' title='bbox 656 3727 774 3779; x_wconf 92' lang='lat' dir='ltr'>norum</span> <span class='ocrx_word' id='word_1_244' title='bbox 801 3703 931 3798; x_wconf 90' lang='lat' dir='ltr'>gloriae</span> <span class='ocrx_word' id='word_1_245' title='bbox 957 3703 1177 3792; x_wconf 88' lang='lat' dir='ltr'>diversorum,</span> <span class='ocrx_word' id='word_1_246' title='bbox 1206 3704 1362 3776; x_wconf 91' lang='lat' dir='ltr'>decorem</span> <span class='ocrx_word' id='word_1_247' title='bbox 1389 3707 1485 3797; x_wconf 86' lang='lat' dir='ltr'>regni</span> <span class='ocrx_word' id='word_1_248' title='bbox 1512 3709 1557 3776; x_wconf 92' lang='lat' dir='ltr'>tui</span> <span class='ocrx_word' id='word_1_249' title='bbox 1584 3704 1741 3776; x_wconf 87' lang='lat' dir='ltr'>clamant:</span> <span class='ocrx_word' id='word_1_250' title='bbox 1770 3709 1902 3798; x_wconf 90' lang='lat' dir='ltr'>agmina</span> <span class='ocrx_word' id='word_1_251' title='bbox 1930 3705 2024 3778; x_wconf 90' lang='lat' dir='ltr'>Che-</span> 
     </span>
     <span class='ocr_line' id='line_1_28' title="bbox 656 3819 2024 3916; baseline 0.001 -24"><span class='ocrx_word' id='word_1_252' title='bbox 656 3822 764 3894; x_wconf 89' lang='lat' dir='ltr'>rubim</span> <span class='ocrx_word' id='word_1_253' title='bbox 790 3820 900 3893; x_wconf 89' lang='lat' dir='ltr'>multis</span> <span class='ocrx_word' id='word_1_254' title='bbox 927 3819 1032 3892; x_wconf 89' lang='lat' dir='ltr'>oculis</span> <span class='ocrx_word' id='word_1_255' title='bbox 1057 3820 1300 3916; x_wconf 89' lang='lat' dir='ltr'>praeditorum,</span> <span class='ocrx_word' id='word_1_256' title='bbox 1335 3823 1369 3892; x_wconf 92' lang='lat' dir='ltr'>in</span> <span class='ocrx_word' id='word_1_257' title='bbox 1401 3820 1555 3892; x_wconf 92' lang='lat' dir='ltr'>circulum</span> <span class='ocrx_word' id='word_1_258' title='bbox 1590 3843 1698 3894; x_wconf 89' lang='lat' dir='ltr'>voces</span> <span class='ocrx_word' id='word_1_259' title='bbox 1725 3819 1965 3894; x_wconf 89' lang='lat' dir='ltr'>benedictionis</span> <span class='ocrx_word' id='word_1_260' title='bbox 1991 3827 2024 3894; x_wconf 90' lang='lat' dir='ltr'>in</span> 
     </span>
     <span class='ocr_line' id='line_1_29' title="bbox 656 3933 2025 4033; baseline 0.001 -25"><span class='ocrx_word' id='word_1_261' title='bbox 656 3940 832 4029; x_wconf 91' lang='lat' dir='ltr'>regionem</span> <span class='ocrx_word' id='word_1_262' title='bbox 858 3945 946 4007; x_wconf 89' lang='lat' dir='ltr'>tuam</span> <span class='ocrx_word' id='word_1_263' title='bbox 973 3933 1199 4009; x_wconf 89' lang='lat' dir='ltr'>absconditam</span> <span class='ocrx_word' id='word_1_264' title='bbox 1228 3935 1406 4008; x_wconf 86' lang='lat' dir='ltr'>extollunt:</span> <span class='ocrx_word' id='word_1_265' title='bbox 1433 3935 1608 4033; x_wconf 84' lang='lat' dir='ltr'>Seraphim</span> <span class='ocrx_word' id='word_1_266' title='bbox 1641 3937 1751 4010; x_wconf 92' lang='lat' dir='ltr'>multis</span> <span class='ocrx_word' id='word_1_267' title='bbox 1778 3937 1838 4010; x_wconf 88' lang='lat' dir='ltr'>alis</span> <span class='ocrx_word' id='word_1_268' title='bbox 1865 3942 2025 4028; x_wconf 90' lang='lat' dir='ltr'>instructi,</span> 
     </span>
     <span class='ocr_line' id='line_1_30' title="bbox 659 4051 2023 4152; baseline 0.004 -30"><span class='ocrx_word' id='word_1_269' title='bbox 659 4056 714 4147; x_wconf 93' lang='lat' dir='ltr'>qui</span> <span class='ocrx_word' id='word_1_270' title='bbox 739 4051 844 4124; x_wconf 88' lang='lat' dir='ltr'>iacies</span> <span class='ocrx_word' id='word_1_271' title='bbox 872 4071 951 4123; x_wconf 88' lang='lat' dir='ltr'>suas</span> <span class='ocrx_word' id='word_1_272' title='bbox 977 4052 1094 4124; x_wconf 91' lang='lat' dir='ltr'>iisdem</span> <span class='ocrx_word' id='word_1_273' title='bbox 1121 4053 1182 4124; x_wconf 90' lang='lat' dir='ltr'>alis</span> <span class='ocrx_word' id='word_1_274' title='bbox 1210 4055 1278 4125; x_wconf 91' lang='lat' dir='ltr'>suis</span> <span class='ocrx_word' id='word_1_275' title='bbox 1305 4063 1485 4148; x_wconf 86' lang='lat' dir='ltr'>protegtmt</span> <span class='ocrx_word' id='word_1_276' title='bbox 1511 4078 1531 4126; x_wconf 92' lang='lat' dir='ltr'>a</span> <span class='ocrx_word' id='word_1_277' title='bbox 1558 4052 1736 4150; x_wconf 88' lang='lat' dir='ltr'>splendore</span> <span class='ocrx_word' id='word_1_278' title='bbox 1763 4064 1835 4147; x_wconf 92' lang='lat' dir='ltr'>tuo,</span> <span class='ocrx_word' id='word_1_279' title='bbox 1862 4065 1896 4127; x_wconf 91' lang='lat' dir='ltr'>et</span> <span class='ocrx_word' id='word_1_280' title='bbox 1921 4055 2023 4152; x_wconf 89' lang='lat' dir='ltr'>pedes</span> 
     </span>
     <span class='ocr_line' id='line_1_31' title="bbox 659 4168 2023 4264; baseline 0.001 -22"><span class='ocrx_word' id='word_1_281' title='bbox 659 4191 738 4242; x_wconf 91' lang='lat' dir='ltr'>suos</span> <span class='ocrx_word' id='word_1_282' title='bbox 764 4169 883 4263; x_wconf 91' lang='lat' dir='ltr'>pennis</span> <span class='ocrx_word' id='word_1_283' title='bbox 910 4190 1041 4264; x_wconf 90' lang='lat' dir='ltr'>quoque</span> <span class='ocrx_word' id='word_1_284' title='bbox 1068 4171 1136 4242; x_wconf 89' lang='lat' dir='ltr'>suis</span> <span class='ocrx_word' id='word_1_285' title='bbox 1164 4177 1295 4262; x_wconf 88' lang='lat' dir='ltr'>tegunt,</span> <span class='ocrx_word' id='word_1_286' title='bbox 1328 4178 1363 4240; x_wconf 95' lang='lat' dir='ltr'>ut</span> <span class='ocrx_word' id='word_1_287' title='bbox 1397 4191 1463 4242; x_wconf 92' lang='lat' dir='ltr'>uon</span> <span class='ocrx_word' id='word_1_288' title='bbox 1499 4168 1678 4243; x_wconf 91' lang='lat' dir='ltr'>adurantur</span> <span class='ocrx_word' id='word_1_289' title='bbox 1713 4170 1755 4243; x_wconf 92' lang='lat' dir='ltr'>ah</span> <span class='ocrx_word' id='word_1_290' title='bbox 1791 4171 1913 4243; x_wconf 90' lang='lat' dir='ltr'>ardore</span> <span class='ocrx_word' id='word_1_291' title='bbox 1938 4174 2023 4264; x_wconf 91' lang='lat' dir='ltr'>iguis</span> 
     </span>
     <span class='ocr_line' id='line_1_32' title="bbox 658 4284 2023 4381; baseline 0.002 -24"><span class='ocrx_word' id='word_1_292' title='bbox 658 4288 704 4357; x_wconf 92' lang='lat' dir='ltr'>tui</span> <span class='ocrx_word' id='word_1_293' title='bbox 731 4284 987 4374; x_wconf 87' lang='lat' dir='ltr'>inaccessibilis,</span> <span class='ocrx_word' id='word_1_294' title='bbox 1024 4295 1058 4356; x_wconf 91' lang='lat' dir='ltr'>ct</span> <span class='ocrx_word' id='word_1_295' title='bbox 1082 4285 1237 4358; x_wconf 86' lang='lat' dir='ltr'>volantes</span> <span class='ocrx_word' id='word_1_296' title='bbox 1264 4285 1482 4381; x_wconf 89' lang='lat' dir='ltr'>undequaque</span> <span class='ocrx_word' id='word_1_297' title='bbox 1508 4285 1660 4376; x_wconf 89' lang='lat' dir='ltr'>laudant,</span> <span class='ocrx_word' id='word_1_298' title='bbox 1696 4297 1731 4358; x_wconf 91' lang='lat' dir='ltr'>et</span> <span class='ocrx_word' id='word_1_299' title='bbox 1766 4287 1807 4360; x_wconf 93' lang='lat' dir='ltr'>ad</span> <span class='ocrx_word' id='word_1_300' title='bbox 1834 4289 2023 4361; x_wconf 86' lang='lat' dir='ltr'>altemtnrm</span> 
     </span>
     <span class='ocr_line' id='line_1_33' title="bbox 659 4397 2024 4496; baseline 0.001 -24"><span class='ocrx_word' id='word_1_301' title='bbox 659 4399 721 4472; x_wconf 88' lang='lat' dir='ltr'>alis</span> <span class='ocrx_word' id='word_1_302' title='bbox 747 4397 943 4496; x_wconf 89' lang='lat' dir='ltr'>plaudentes</span> <span class='ocrx_word' id='word_1_303' title='bbox 969 4399 1188 4492; x_wconf 87' lang='lat' dir='ltr'>benedicunt,</span> <span class='ocrx_word' id='word_1_304' title='bbox 1223 4413 1257 4474; x_wconf 92' lang='lat' dir='ltr'>et</span> <span class='ocrx_word' id='word_1_305' title='bbox 1291 4401 1375 4473; x_wconf 92' lang='lat' dir='ltr'>alter</span> <span class='ocrx_word' id='word_1_306' title='bbox 1408 4400 1503 4474; x_wconf 89' lang='lat' dir='ltr'>alteri</span> <span class='ocrx_word' id='word_1_307' title='bbox 1530 4401 1725 4476; x_wconf 85' lang='lat' dir='ltr'>conformati</span> <span class='ocrx_word' id='word_1_308' title='bbox 1750 4403 1955 4496; x_wconf 89' lang='lat' dir='ltr'>glorificant:</span> <span class='ocrx_word' id='word_1_309' title='bbox 1991 4414 2024 4475; x_wconf 91' lang='lat' dir='ltr'>et</span> 
     </span>
    </p>
   </div>
   <div class='ocr_carea' id='block_1_3' title="bbox 657 4512 2024 5192">
    <p class='ocr_par' dir='ltr' id='par_1_3' title="bbox 657 4512 2023 4833">
     <span class='ocr_line' id='line_1_34' title="bbox 657 4512 2023 4616; baseline 0.002 -29"><span class='ocrx_word' id='word_1_310' title='bbox 657 4536 743 4587; x_wconf 90' lang='lat' dir='ltr'>unus</span> <span class='ocrx_word' id='word_1_311' title='bbox 769 4512 810 4586; x_wconf 92' lang='lat' dir='ltr'>ab</span> <span class='ocrx_word' id='word_1_312' title='bbox 838 4514 943 4589; x_wconf 90' lang='lat' dir='ltr'>altero</span> <span class='ocrx_word' id='word_1_313' title='bbox 970 4515 1125 4615; x_wconf 72' lang='lat' dir='ltr'>hymnum</span> <span class='ocrx_word' id='word_1_314' title='bbox 1154 4522 1390 4616; x_wconf 88' lang='lat' dir='ltr'>suscipientes,</span> <span class='ocrx_word' id='word_1_315' title='bbox 1417 4517 1531 4592; x_wconf 88' lang='lat' dir='ltr'>oribus</span> <span class='ocrx_word' id='word_1_316' title='bbox 1557 4523 1683 4611; x_wconf 86' lang='lat' dir='ltr'>igneis,</span> <span class='ocrx_word' id='word_1_317' title='bbox 1709 4519 1898 4613; x_wconf 87' lang='lat' dir='ltr'>linguisque</span> <span class='ocrx_word' id='word_1_318' title='bbox 1924 4517 2023 4590; x_wconf 87' lang='lat' dir='ltr'>ham-</span> 
     </span>
     <span class='ocr_line' id='line_1_35' title="bbox 659 4632 2023 4730; baseline 0.003 -28"><span class='ocrx_word' id='word_1_319' title='bbox 659 4633 755 4720; x_wconf 88' lang='lat' dir='ltr'>mais,</span> <span class='ocrx_word' id='word_1_320' title='bbox 782 4652 847 4702; x_wconf 91' lang='lat' dir='ltr'>una</span> <span class='ocrx_word' id='word_1_321' title='bbox 874 4652 963 4704; x_wconf 89' lang='lat' dir='ltr'>voce</span> <span class='ocrx_word' id='word_1_322' title='bbox 989 4632 1174 4730; x_wconf 83' lang='lat' dir='ltr'>triplicatae</span> <span class='ocrx_word' id='word_1_323' title='bbox 1193 4635 1461 4707; x_wconf 86' lang='lat' dir='ltr'>sanctificationis</span> <span class='ocrx_word' id='word_1_324' title='bbox 1474 4635 1619 4726; x_wconf 85' lang='lat' dir='ltr'>laudant,</span> <span class='ocrx_word' id='word_1_325' title='bbox 1646 4634 1800 4726; x_wconf 89' lang='lat' dir='ltr'>clamant,</span> <span class='ocrx_word' id='word_1_326' title='bbox 1826 4634 2023 4708; x_wconf 79' lang='lat' dir='ltr'>vociteran-</span> 
     </span>
     <span class='ocr_line' id='line_1_36' title="bbox 658 4746 932 4833; baseline 0.004 -15"><span class='ocrx_word' id='word_1_327' title='bbox 658 4756 726 4833; x_wconf 88' lang='lat' dir='ltr'>tur,</span> <span class='ocrx_word' id='word_1_328' title='bbox 754 4756 788 4818; x_wconf 92' lang='lat' dir='ltr'>et</span> <span class='ocrx_word' id='word_1_329' title='bbox 813 4746 932 4819; x_wconf 88' lang='lat' dir='ltr'>dicunt.</span> 
     </span>
    </p>

    <p class='ocr_par' dir='ltr' id='par_1_4' title="bbox 763 4862 1507 4958">
     <span class='ocr_line' id='line_1_37' title="bbox 763 4862 1507 4958; baseline 0.008 -25"><span class='ocrx_word' id='word_1_330' title='bbox 763 4862 924 4957; x_wconf 81' lang='lat' dir='ltr'>Populos.</span> <span class='ocrx_word' id='word_1_331' title='bbox 976 4864 1138 4955; x_wconf 89' lang='lat' dir='ltr'>Sanctus,</span> <span class='ocrx_word' id='word_1_332' title='bbox 1165 4867 1326 4958; x_wconf 89' lang='lat' dir='ltr'>Sanctus,</span> <span class='ocrx_word' id='word_1_333' title='bbox 1354 4868 1507 4941; x_wconf 87' lang='lat' dir='ltr'>Sanctus.</span> 
     </span>
    </p>

    <p class='ocr_par' dir='ltr' id='par_1_5' title="bbox 659 4978 2024 5192">
     <span class='ocr_line' id='line_1_38' title="bbox 763 4978 2023 5071; baseline 0.004 -22"><span class='ocrx_word' id='word_1_334' title='bbox 763 4978 938 5052; x_wconf 80' lang='lat' dir='ltr'>Sacerdos</span> <span class='ocrx_word' id='word_1_335' title='bbox 964 4981 1154 5055; x_wconf 78' lang='lat' dir='ltr'>inclinatos.</span> <span class='ocrx_word' id='word_1_336' title='bbox 1207 4983 1350 5060; x_wconf 91' lang='lat' dir='ltr'>Sanctus</span> <span class='ocrx_word' id='word_1_337' title='bbox 1377 5008 1416 5056; x_wconf 90' lang='lat' dir='ltr'>es</span> <span class='ocrx_word' id='word_1_338' title='bbox 1441 4984 1535 5056; x_wconf 90' lang='lat' dir='ltr'>Dans</span> <span class='ocrx_word' id='word_1_339' title='bbox 1561 4983 1673 5071; x_wconf 91' lang='lat' dir='ltr'>Pater,</span> <span class='ocrx_word' id='word_1_340' title='bbox 1700 4983 1843 5056; x_wconf 85' lang='lat' dir='ltr'>Sanctus</span> <span class='ocrx_word' id='word_1_341' title='bbox 1870 5005 1908 5056; x_wconf 88' lang='lat' dir='ltr'>es</span> <span class='ocrx_word' id='word_1_342' title='bbox 1932 4985 2023 5055; x_wconf 90' lang='lat' dir='ltr'>Deus</span> 
     </span>
     <span class='ocr_line' id='line_1_39' title="bbox 659 5093 2024 5192; baseline 0.004 -26"><span class='ocrx_word' id='word_1_343' title='bbox 659 5093 740 5185; x_wconf 89' lang='lat' dir='ltr'>Fili,</span> <span class='ocrx_word' id='word_1_344' title='bbox 771 5093 913 5168; x_wconf 89' lang='lat' dir='ltr'>Sanctus</span> <span class='ocrx_word' id='word_1_345' title='bbox 947 5119 985 5168; x_wconf 92' lang='lat' dir='ltr'>es</span> <span class='ocrx_word' id='word_1_346' title='bbox 1012 5094 1153 5192; x_wconf 81' lang='lat' dir='ltr'>Spiritus</span> <span class='ocrx_word' id='word_1_347' title='bbox 1185 5108 1320 5188; x_wconf 88' lang='lat' dir='ltr'>sancte,</span> <span class='ocrx_word' id='word_1_348' title='bbox 1355 5099 1501 5171; x_wconf 81' lang='lat' dir='ltr'>Trinitas</span> <span class='ocrx_word' id='word_1_349' title='bbox 1534 5108 1650 5174; x_wconf 90' lang='lat' dir='ltr'>sancta</span> <span class='ocrx_word' id='word_1_350' title='bbox 1683 5109 1718 5171; x_wconf 90' lang='lat' dir='ltr'>et</span> <span class='ocrx_word' id='word_1_351' title='bbox 1748 5099 1908 5190; x_wconf 90' lang='lat' dir='ltr'>indivisa,</span> <span class='ocrx_word' id='word_1_352' title='bbox 1940 5120 2024 5172; x_wconf 90' lang='lat' dir='ltr'>uuus</span> 
     </span>
    </p>
   </div>
   <div class='ocr_carea' id='block_1_4' title="bbox 0 0 2360 6032">
    <p class='ocr_par' dir='ltr' id='par_1_6' title="bbox 0 0 2360 6032">
     <span class='ocr_line' id='line_1_40' title="bbox 0 0 2360 6032; baseline 0 0"><span class='ocrx_word' id='word_1_353' title='bbox 0 0 2360 6032; x_wconf 95' lang='lat' dir='ltr'> </span> 
     </span>
    </p>
   </div>
  </div>
 </body>
</html>
