<?xml version="1.0" encoding="UTF-8"?>
<!DOCTYPE html PUBLIC "-//W3C//DTD XHTML 1.0 Transitional//EN"
    "http://www.w3.org/TR/xhtml1/DTD/xhtml1-transitional.dtd">
<html xmlns="http://www.w3.org/1999/xhtml" xml:lang="en" lang="en">
 <head>
  <title>
</title>
<meta http-equiv="Content-Type" content="text/html;charset=utf-8" />
  <meta name='ocr-system' content='tesseract 3.04.00' />
  <meta name='ocr-capabilities' content='ocr_page ocr_carea ocr_par ocr_line ocrx_word'/>
</head>
<body>
  <div class='ocr_page' id='page_1' title='image "./liturgiarumorie04renagoog_0402.png"; bbox 0 0 4730 6038; ppageno 0'>
   <div class='ocr_carea' id='block_1_1' title="bbox 674 539 1819 622">
    <p class='ocr_par' dir='ltr' id='par_1_1' title="bbox 674 539 1819 622">
     <span class='ocr_line' id='line_1_1' title="bbox 674 539 1819 622; baseline -0.001 -2"><span class='ocrx_word' id='word_1_1' title='bbox 674 543 705 620; x_wconf 88' lang='lat' dir='ltr'><strong><em>S.</em></strong></span> <span class='ocrx_word' id='word_1_2' title='bbox 736 540 898 619; x_wconf 81' lang='lat' dir='ltr'><strong>JACOBI</strong></span> <span class='ocrx_word' id='word_1_3' title='bbox 923 539 1135 619; x_wconf 79' lang='lat' dir='ltr'>llPlSGOPl</span> <span class='ocrx_word' id='word_1_4' title='bbox 1160 542 1500 622; x_wconf 81' lang='lat' dir='ltr'><strong><em>BOTNANENSIS.</em></strong></span> <span class='ocrx_word' id='word_1_5' title='bbox 1527 559 1577 621; x_wconf 81' lang='lat' dir='ltr'><strong><em>ee.</em></strong></span> <span class='ocrx_word' id='word_1_6' title='bbox 1746 546 1819 619; x_wconf 83' lang='lat'><strong><em>365</em></strong></span> 
     </span>
    </p>
   </div>
   <div class='ocr_carea' id='block_1_2' title="bbox 448 728 1822 5016">
    <p class='ocr_par' dir='ltr' id='par_1_2' title="bbox 449 728 1822 1756">
     <span class='ocr_line' id='line_1_2' title="bbox 555 728 1820 819; baseline 0.002 -19"><span class='ocrx_word' id='word_1_7' title='bbox 555 730 741 802; x_wconf 76' lang='lat' dir='ltr'><strong><em>Sacerdos.</em></strong></span> <span class='ocrx_word' id='word_1_8' title='bbox 792 729 845 801; x_wconf 91' lang='lat' dir='ltr'><strong><em>Ne</em></strong></span> <span class='ocrx_word' id='word_1_9' title='bbox 871 728 1014 802; x_wconf 79' lang='lat' dir='ltr'><strong>Domine</strong></span> <span class='ocrx_word' id='word_1_10' title='bbox 1039 730 1177 802; x_wconf 88' lang='lat' dir='ltr'><strong><em>inducas</em></strong></span> <span class='ocrx_word' id='word_1_11' title='bbox 1204 751 1267 802; x_wconf 94' lang='lat' dir='ltr'><strong><em>nos</em></strong></span> <span class='ocrx_word' id='word_1_12' title='bbox 1294 732 1327 800; x_wconf 95' lang='lat' dir='ltr'><strong><em>in</em></strong></span> <span class='ocrx_word' id='word_1_13' title='bbox 1354 735 1584 819; x_wconf 76' lang='lat' dir='ltr'><strong>tentationem,</strong></span> <span class='ocrx_word' id='word_1_14' title='bbox 1612 735 1742 805; x_wconf 89' lang='lat' dir='ltr'><strong><em>animae</em></strong></span> <span class='ocrx_word' id='word_1_15' title='bbox 1761 731 1820 803; x_wconf 83' lang='lat' dir='ltr'><strong><em>vel</em></strong></span> 
     </span>
     <span class='ocr_line' id='line_1_3' title="bbox 451 844 1820 941; baseline 0.003 -25"><span class='ocrx_word' id='word_1_16' title='bbox 451 850 620 940; x_wconf 79' lang='lat' dir='ltr'><strong><em>corporiS,</em></strong></span> <span class='ocrx_word' id='word_1_17' title='bbox 659 850 705 918; x_wconf 86' lang='lat' dir='ltr'><strong><em>ita</em></strong></span> <span class='ocrx_word' id='word_1_18' title='bbox 736 858 772 919; x_wconf 88' lang='grc' dir='ltr'><strong><em>ιιι</em></strong></span> <span class='ocrx_word' id='word_1_19' title='bbox 805 868 867 941; x_wconf 83' lang='grc' dir='ltr'><strong><em>ρει</em></strong></span> <span class='ocrx_word' id='word_1_20' title='bbox 901 844 1053 934; x_wconf 90' lang='lat' dir='ltr'><strong><em>dolores,</em></strong></span> <span class='ocrx_word' id='word_1_21' title='bbox 1088 846 1144 917; x_wconf 92' lang='lat' dir='ltr'><strong><em>vel</em></strong></span> <span class='ocrx_word' id='word_1_22' title='bbox 1180 867 1240 941; x_wconf 91' lang='lat' dir='ltr'><strong><em>per</em></strong></span> <span class='ocrx_word' id='word_1_23' title='bbox 1274 859 1415 940; x_wconf 90' lang='lat' dir='ltr'><strong><em>peecata</em></strong></span> <span class='ocrx_word' id='word_1_24' title='bbox 1449 857 1620 920; x_wconf 83' lang='lat' dir='ltr'><strong><em>tentemur.</em></strong></span> <span class='ocrx_word' id='word_1_25' title='bbox 1680 846 1750 919; x_wconf 92' lang='lat' dir='ltr'><strong><em>Sed</em></strong></span> <span class='ocrx_word' id='word_1_26' title='bbox 1784 858 1820 920; x_wconf 93' lang='lat' dir='ltr'><strong><em>tu</em></strong></span> 
     </span>
     <span class='ocr_line' id='line_1_4' title="bbox 449 960 1822 1058; baseline 0.001 -25"><span class='ocrx_word' id='word_1_27' title='bbox 449 961 592 1034; x_wconf 82' lang='lat' dir='ltr'><strong>Domine</strong></span> <span class='ocrx_word' id='word_1_28' title='bbox 619 964 712 1035; x_wconf 90' lang='lat' dir='ltr'><strong><em>Deus</em></strong></span> <span class='ocrx_word' id='word_1_29' title='bbox 738 985 800 1058; x_wconf 98' lang='grc' dir='ltr'><strong><em>ρει</em></strong></span> <span class='ocrx_word' id='word_1_30' title='bbox 826 960 1086 1034; x_wconf 90' lang='lat' dir='ltr'><strong><em>misericordiam</em></strong></span> <span class='ocrx_word' id='word_1_31' title='bbox 1113 971 1202 1034; x_wconf 82' lang='lat' dir='ltr'><strong><em>inani</em></strong></span> <span class='ocrx_word' id='word_1_32' title='bbox 1236 973 1392 1058; x_wconf 89' lang='lat' dir='ltr'><strong><em>tanquam</em></strong></span> <span class='ocrx_word' id='word_1_33' title='bbox 1426 965 1526 1036; x_wconf 86' lang='lat' dir='ltr'><strong><em>Peter</em></strong></span> <span class='ocrx_word' id='word_1_34' title='bbox 1562 968 1752 1037; x_wconf 87' lang='lat' dir='ltr'>misericors</span> <span class='ocrx_word' id='word_1_35' title='bbox 1788 973 1822 1036; x_wconf 92' lang='lat' dir='ltr'><strong><em>et</em></strong></span> 
     </span>
     <span class='ocr_line' id='line_1_5' title="bbox 451 1076 1819 1174; baseline 0.001 -25"><span class='ocrx_word' id='word_1_36' title='bbox 451 1078 597 1150; x_wconf 89' lang='lat' dir='ltr'><strong><em>clemens</em></strong></span> <span class='ocrx_word' id='word_1_37' title='bbox 625 1101 791 1152; x_wconf 85' lang='lat' dir='ltr'><strong><em>conserva</em></strong></span> <span class='ocrx_word' id='word_1_38' title='bbox 818 1099 941 1174; x_wconf 88' lang='lat' dir='ltr'><strong><em>corpus</em></strong></span> <span class='ocrx_word' id='word_1_39' title='bbox 969 1103 988 1150; x_wconf 88' lang='lat' dir='ltr'><strong><em>a</em></strong></span> <span class='ocrx_word' id='word_1_40' title='bbox 1016 1076 1187 1150; x_wconf 89' lang='lat' dir='ltr'><strong><em>doloribus</em></strong></span> <span class='ocrx_word' id='word_1_41' title='bbox 1214 1088 1247 1150; x_wconf 91' lang='lat' dir='ltr'><strong><em>et</em></strong></span> <span class='ocrx_word' id='word_1_42' title='bbox 1272 1079 1525 1169; x_wconf 86' lang='lat' dir='ltr'><strong><em>infirmitatibus,</em></strong></span> <span class='ocrx_word' id='word_1_43' title='bbox 1552 1089 1587 1152; x_wconf 90' lang='lat' dir='ltr'><strong><em>et</em></strong></span> <span class='ocrx_word' id='word_1_44' title='bbox 1612 1085 1762 1153; x_wconf 89' lang='lat' dir='ltr'><strong><em>animam</em></strong></span> <span class='ocrx_word' id='word_1_45' title='bbox 1777 1079 1819 1151; x_wconf 91' lang='lat' dir='ltr'><strong><em>ab</em></strong></span> 
     </span>
     <span class='ocr_line' id='line_1_6' title="bbox 451 1193 1821 1291; baseline 0.001 -25"><span class='ocrx_word' id='word_1_46' title='bbox 451 1193 674 1290; x_wconf 85' lang='lat' dir='ltr'><strong><em>iniquitatibus</em></strong></span> <span class='ocrx_word' id='word_1_47' title='bbox 703 1205 736 1267; x_wconf 92' lang='lat' dir='ltr'><strong><em>et</em></strong></span> <span class='ocrx_word' id='word_1_48' title='bbox 762 1199 931 1291; x_wconf 88' lang='lat' dir='ltr'><strong><em>peccatis;</em></strong></span> <span class='ocrx_word' id='word_1_49' title='bbox 959 1205 1057 1289; x_wconf 82' lang='lat' dir='ltr'><strong><em>atque</em></strong></span> <span class='ocrx_word' id='word_1_50' title='bbox 1084 1199 1118 1265; x_wconf 91' lang='lat' dir='ltr'><strong><em>in</em></strong></span> <span class='ocrx_word' id='word_1_51' title='bbox 1144 1193 1230 1265; x_wconf 91' lang='lat' dir='ltr'><strong><em>hune</em></strong></span> <span class='ocrx_word' id='word_1_52' title='bbox 1256 1195 1387 1268; x_wconf 90' lang='lat' dir='ltr'><strong><em>modum</em></strong></span> <span class='ocrx_word' id='word_1_53' title='bbox 1414 1196 1593 1269; x_wconf 82' lang='lat' dir='ltr'>liberemur</span> <span class='ocrx_word' id='word_1_54' title='bbox 1620 1219 1640 1268; x_wconf 92' lang='lat' dir='ltr'><strong><em>a</em></strong></span> <span class='ocrx_word' id='word_1_55' title='bbox 1667 1195 1773 1282; x_wconf 77' lang='lat' dir='ltr'><strong><em>mdo,</em></strong></span> <span class='ocrx_word' id='word_1_56' title='bbox 1801 1220 1821 1267; x_wconf 94' lang='lat' dir='ltr'><strong><em>a</em></strong></span> 
     </span>
     <span class='ocr_line' id='line_1_7' title="bbox 451 1309 1822 1406; baseline -0.002 -24"><span class='ocrx_word' id='word_1_57' title='bbox 451 1310 670 1406; x_wconf 82' lang='lat' dir='ltr'><strong><em>potestatibus</em></strong></span> <span class='ocrx_word' id='word_1_58' title='bbox 704 1321 738 1383; x_wconf 93' lang='lat' dir='ltr'><strong><em>et</em></strong></span> <span class='ocrx_word' id='word_1_59' title='bbox 774 1310 918 1384; x_wconf 86' lang='lat' dir='ltr'><strong><em>artificiis</em></strong></span> <span class='ocrx_word' id='word_1_60' title='bbox 954 1315 1037 1405; x_wconf 90' lang='lat' dir='ltr'><strong><em>ejus.</em></strong></span> <span class='ocrx_word' id='word_1_61' title='bbox 1091 1309 1167 1381; x_wconf 93' lang='lat' dir='ltr'><strong><em>Non</em></strong></span> <span class='ocrx_word' id='word_1_62' title='bbox 1203 1314 1290 1382; x_wconf 93' lang='lat' dir='ltr'><strong><em>enim</em></strong></span> <span class='ocrx_word' id='word_1_63' title='bbox 1325 1321 1377 1384; x_wconf 88' lang='lat' dir='ltr'><strong><em>est</em></strong></span> <span class='ocrx_word' id='word_1_64' title='bbox 1416 1315 1450 1383; x_wconf 91' lang='lat' dir='ltr'><strong><em>in</em></strong></span> <span class='ocrx_word' id='word_1_65' title='bbox 1483 1310 1580 1384; x_wconf 91' lang='lat' dir='ltr'><strong><em>nobis</em></strong></span> <span class='ocrx_word' id='word_1_66' title='bbox 1615 1314 1720 1384; x_wconf 85' lang='lat' dir='ltr'><strong><em>virtus</em></strong></span> <span class='ocrx_word' id='word_1_67' title='bbox 1757 1332 1822 1404; x_wconf 91' lang='lat' dir='ltr'><strong><em>qua</em></strong></span> 
     </span>
     <span class='ocr_line' id='line_1_8' title="bbox 451 1426 1822 1522; baseline -0.001 -25"><span class='ocrx_word' id='word_1_68' title='bbox 451 1449 629 1522; x_wconf 90' lang='lat' dir='ltr'><strong><em>possumus</em></strong></span> <span class='ocrx_word' id='word_1_69' title='bbox 660 1427 806 1520; x_wconf 81' lang='lat' dir='ltr'><strong><em>maligno</em></strong></span> <span class='ocrx_word' id='word_1_70' title='bbox 839 1431 1020 1516; x_wconf 89' lang='lat' dir='ltr'><strong><em>resistere,</em></strong></span> <span class='ocrx_word' id='word_1_71' title='bbox 1059 1430 1088 1498; x_wconf 91' lang='lat' dir='ltr'><strong><em>si</em></strong></span> <span class='ocrx_word' id='word_1_72' title='bbox 1121 1449 1244 1499; x_wconf 92' lang='lat' dir='ltr'><strong><em>nomen</em></strong></span> <span class='ocrx_word' id='word_1_73' title='bbox 1277 1436 1367 1499; x_wconf 90' lang='lat' dir='ltr'><strong><em>tuum</em></strong></span> <span class='ocrx_word' id='word_1_74' title='bbox 1403 1438 1553 1499; x_wconf 87' lang='lat' dir='ltr'><strong><em>sanetum</em></strong></span> <span class='ocrx_word' id='word_1_75' title='bbox 1584 1448 1652 1499; x_wconf 92' lang='lat' dir='ltr'><strong><em>non</em></strong></span> <span class='ocrx_word' id='word_1_76' title='bbox 1686 1426 1822 1519; x_wconf 86' lang='lat' dir='ltr'><strong><em>adjuvat</em></strong></span> 
     </span>
     <span class='ocr_line' id='line_1_9' title="bbox 450 1533 1821 1638; baseline -0.002 -24"><span class='ocrx_word' id='word_1_77' title='bbox 450 1565 529 1616; x_wconf 89' lang='lat' dir='ltr'><strong><em>nos:</em></strong></span> <span class='ocrx_word' id='word_1_78' title='bbox 557 1547 632 1638; x_wconf 88' lang='lat' dir='ltr'><strong><em>quia</em></strong></span> <span class='ocrx_word' id='word_1_79' title='bbox 658 1554 748 1615; x_wconf 85' lang='lat' dir='ltr'><strong><em>tuum</em></strong></span> <span class='ocrx_word' id='word_1_80' title='bbox 776 1555 828 1618; x_wconf 90' lang='lat' dir='ltr'><strong><em>est</em></strong></span> <span class='ocrx_word' id='word_1_81' title='bbox 853 1566 994 1636; x_wconf 85' lang='lat' dir='ltr'><strong><em>regnum</em></strong></span> <span class='ocrx_word' id='word_1_82' title='bbox 1010 1533 1054 1614; x_wconf 89' lang='grc' dir='ltr'><strong><em>ει</em></strong></span> <span class='ocrx_word' id='word_1_83' title='bbox 1079 1552 1242 1638; x_wconf 87' lang='lat' dir='ltr'><strong><em>potestas,</em></strong></span> <span class='ocrx_word' id='word_1_84' title='bbox 1269 1552 1304 1614; x_wconf 89' lang='lat' dir='ltr'><strong><em>et</em></strong></span> <span class='ocrx_word' id='word_1_85' title='bbox 1330 1544 1451 1636; x_wconf 84' lang='lat' dir='ltr'><strong><em>gloria,</em></strong></span> <span class='ocrx_word' id='word_1_86' title='bbox 1478 1543 1640 1638; x_wconf 90' lang='lat' dir='ltr'><strong><em>simulque</em></strong></span> <span class='ocrx_word' id='word_1_87' title='bbox 1659 1542 1821 1635; x_wconf 86' lang='lat' dir='ltr'><strong><em>unigeniti</em></strong></span> 
     </span>
     <span class='ocr_line' id='line_1_10' title="bbox 451 1659 1062 1756; baseline -0.002 -25"><span class='ocrx_word' id='word_1_88' title='bbox 451 1659 527 1732; x_wconf 85' lang='lat' dir='ltr'>Filii</span> <span class='ocrx_word' id='word_1_89' title='bbox 553 1665 619 1748; x_wconf 91' lang='lat' dir='ltr'><strong><em>tui,</em></strong></span> <span class='ocrx_word' id='word_1_90' title='bbox 647 1670 680 1732; x_wconf 92' lang='grc' dir='ltr'><strong><em>ει</em></strong></span> <span class='ocrx_word' id='word_1_91' title='bbox 705 1659 847 1756; x_wconf 75' lang='lat' dir='ltr'>Spiritus</span> <span class='ocrx_word' id='word_1_92' title='bbox 875 1663 920 1731; x_wconf 84' lang='lat' dir='ltr'><strong><em>tui</em></strong></span> <span class='ocrx_word' id='word_1_93' title='bbox 947 1661 1062 1732; x_wconf 90' lang='lat' dir='ltr'><strong><em>sancti.</em></strong></span> 
     </span>
    </p>

    <p class='ocr_par' dir='ltr' id='par_1_3' title="bbox 555 1774 889 1869">
     <span class='ocr_line' id='line_1_11' title="bbox 555 1774 889 1869; baseline 0 -23"><span class='ocrx_word' id='word_1_94' title='bbox 555 1774 716 1869; x_wconf 85' lang='lat' dir='ltr'><strong><em>Populos.</em></strong></span> <span class='ocrx_word' id='word_1_95' title='bbox 768 1777 889 1848; x_wconf 88' lang='lat' dir='ltr'><strong><em>Amen.</em></strong></span> 
     </span>
    </p>

    <p class='ocr_par' dir='ltr' id='par_1_4' title="bbox 554 1891 874 1964">
     <span class='ocr_line' id='line_1_12' title="bbox 554 1891 874 1964; baseline 0.006 -2"><span class='ocrx_word' id='word_1_96' title='bbox 554 1891 738 1963; x_wconf 75' lang='lat' dir='ltr'><strong><em>Sacerdos.</em></strong></span> <span class='ocrx_word' id='word_1_97' title='bbox 791 1891 874 1964; x_wconf 86' lang='lat' dir='ltr'><strong>Pax.</strong></span> 
     </span>
    </p>

    <p class='ocr_par' dir='ltr' id='par_1_5' title="bbox 554 1990 1220 2105">
     <span class='ocr_line' id='line_1_13' title="bbox 554 1990 1220 2105; baseline 0.005 -26"><span class='ocrx_word' id='word_1_98' title='bbox 554 2008 715 2102; x_wconf 76' lang='lat' dir='ltr'><strong><em>Populus.</em></strong></span> <span class='ocrx_word' id='word_1_99' title='bbox 766 2007 810 2102; x_wconf 83' lang='lat' dir='ltr'><strong><em>Et</em></strong></span> <span class='ocrx_word' id='word_1_100' title='bbox 837 2031 912 2080; x_wconf 91' lang='lat' dir='ltr'><strong><em>eum</em></strong></span> <span class='ocrx_word' id='word_1_101' title='bbox 938 2011 1054 2105; x_wconf 85' lang='lat' dir='ltr'><strong><em>spiritu</em></strong></span> <span class='ocrx_word' id='word_1_102' title='bbox 1080 2017 1147 2082; x_wconf 85' lang='lat' dir='ltr'><strong><em>tuo.</em></strong></span> <span class='ocrx_word' id='word_1_103' title='bbox 1213 1990 1220 2006; x_wconf 62' lang='grc'><strong>’</strong></span> 
     </span>
    </p>

    <p class='ocr_par' dir='ltr' id='par_1_6' title="bbox 448 2123 1386 2220">
     <span class='ocr_line' id='line_1_14' title="bbox 448 2123 1386 2220; baseline -0.004 -20"><span class='ocrx_word' id='word_1_104' title='bbox 448 2183 458 2200; x_wconf 91' lang='grc'><em>.</em></span> <span class='ocrx_word' id='word_1_105' title='bbox 553 2126 742 2196; x_wconf 82' lang='lat' dir='ltr'><strong><em>Diaconos.</em></strong></span> <span class='ocrx_word' id='word_1_106' title='bbox 796 2123 913 2220; x_wconf 85' lang='lat' dir='ltr'><strong><em>Capita</em></strong></span> <span class='ocrx_word' id='word_1_107' title='bbox 941 2135 1055 2196; x_wconf 85' lang='lat' dir='ltr'><strong><em>nostra</em></strong></span> <span class='ocrx_word' id='word_1_108' title='bbox 1081 2128 1155 2198; x_wconf 90' lang='lat' dir='ltr'><strong><em>Dea</em></strong></span> <span class='ocrx_word' id='word_1_109' title='bbox 1183 2127 1386 2199; x_wconf 77' lang='lat' dir='ltr'>inclinemus,</span> 
     </span>
    </p>

    <p class='ocr_par' dir='ltr' id='par_1_7' title="bbox 555 2239 964 2334">
     <span class='ocr_line' id='line_1_15' title="bbox 555 2239 964 2334; baseline 0 -22"><span class='ocrx_word' id='word_1_110' title='bbox 555 2241 716 2334; x_wconf 86' lang='lat' dir='ltr'><strong><em>Papulas.</em></strong></span> <span class='ocrx_word' id='word_1_111' title='bbox 770 2241 895 2314; x_wconf 90' lang='lat' dir='ltr'><strong><em>Coram</em></strong></span> <span class='ocrx_word' id='word_1_112' title='bbox 920 2239 964 2312; x_wconf 76' lang='grc' dir='ltr'>ιε’.</span> 
     </span>
    </p>

    <p class='ocr_par' dir='ltr' id='par_1_8' title="bbox 451 2356 1820 3733">
     <span class='ocr_line' id='line_1_16' title="bbox 555 2356 1818 2449; baseline 0 -22"><span class='ocrx_word' id='word_1_113' title='bbox 555 2356 739 2428; x_wconf 80' lang='lat' dir='ltr'><strong><em>Sacerdos.</em></strong></span> <span class='ocrx_word' id='word_1_114' title='bbox 793 2356 917 2430; x_wconf 82' lang='lat' dir='ltr'><strong><em>Coram</em></strong></span> <span class='ocrx_word' id='word_1_115' title='bbox 944 2367 977 2429; x_wconf 93' lang='lat' dir='ltr'><strong><em>te</em></strong></span> <span class='ocrx_word' id='word_1_116' title='bbox 1003 2360 1163 2447; x_wconf 91' lang='lat' dir='ltr'><strong><em>Domine,</em></strong></span> <span class='ocrx_word' id='word_1_117' title='bbox 1188 2359 1268 2430; x_wconf 83' lang='lat' dir='ltr'><strong><em>Rex</em></strong></span> <span class='ocrx_word' id='word_1_118' title='bbox 1299 2358 1432 2449; x_wconf 83' lang='lat' dir='ltr'><strong><em>Regum</em></strong></span> <span class='ocrx_word' id='word_1_119' title='bbox 1468 2367 1502 2429; x_wconf 92' lang='lat' dir='ltr'><strong><em>et</em></strong></span> <span class='ocrx_word' id='word_1_120' title='bbox 1527 2357 1668 2428; x_wconf 89' lang='lat' dir='ltr'><strong><em>Domine</em></strong></span> <span class='ocrx_word' id='word_1_121' title='bbox 1694 2356 1818 2429; x_wconf 89' lang='lat' dir='ltr'><strong><em>Domi-</em></strong></span> 
     </span>
     <span class='ocr_line' id='line_1_17' title="bbox 452 2470 1819 2569; baseline -0.001 -22"><span class='ocrx_word' id='word_1_122' title='bbox 452 2478 617 2563; x_wconf 86' lang='lat' dir='ltr'><strong><em>nantium,</em></strong></span> <span class='ocrx_word' id='word_1_123' title='bbox 644 2482 678 2544; x_wconf 91' lang='lat' dir='ltr'><strong><em>et</em></strong></span> <span class='ocrx_word' id='word_1_124' title='bbox 703 2473 829 2547; x_wconf 88' lang='lat' dir='ltr'><strong><em>iaciens</em></strong></span> <span class='ocrx_word' id='word_1_125' title='bbox 855 2474 1034 2564; x_wconf 88' lang='lat' dir='ltr'><strong><em>mirabilia,</em></strong></span> <span class='ocrx_word' id='word_1_126' title='bbox 1062 2475 1200 2547; x_wconf 86' lang='lat' dir='ltr'><strong><em>excelse</em></strong></span> <span class='ocrx_word' id='word_1_127' title='bbox 1226 2497 1289 2569; x_wconf 92' lang='lat' dir='ltr'><strong><em>per</em></strong></span> <span class='ocrx_word' id='word_1_128' title='bbox 1314 2472 1456 2566; x_wconf 85' lang='lat' dir='ltr'><strong><em>gloriam</em></strong></span> <span class='ocrx_word' id='word_1_129' title='bbox 1470 2483 1569 2561; x_wconf 88' lang='lat' dir='ltr'><strong><em>tuam,</em></strong></span> <span class='ocrx_word' id='word_1_130' title='bbox 1596 2470 1819 2567; x_wconf 81' lang='lat' dir='ltr'><strong><em>praedicande</em></strong></span> 
     </span>
     <span class='ocr_line' id='line_1_18' title="bbox 451 2588 1820 2688; baseline -0.004 -25"><span class='ocrx_word' id='word_1_131' title='bbox 451 2615 513 2688; x_wconf 91' lang='lat' dir='ltr'><strong><em>per</em></strong></span> <span class='ocrx_word' id='word_1_132' title='bbox 538 2594 767 2683; x_wconf 89' lang='lat' dir='ltr'><strong><em>majestatem,</em></strong></span> <span class='ocrx_word' id='word_1_133' title='bbox 794 2590 990 2663; x_wconf 90' lang='lat' dir='ltr'><strong><em>abscondite</em></strong></span> <span class='ocrx_word' id='word_1_134' title='bbox 1023 2592 1205 2663; x_wconf 91' lang='lat' dir='ltr'><strong><em>secundum</em></strong></span> <span class='ocrx_word' id='word_1_135' title='bbox 1238 2592 1434 2678; x_wconf 79' lang='lat' dir='ltr'><strong><em>essentiam,</em></strong></span> <span class='ocrx_word' id='word_1_136' title='bbox 1466 2588 1622 2660; x_wconf 88' lang='lat' dir='ltr'><strong><em>inclinant</em></strong></span> <span class='ocrx_word' id='word_1_137' title='bbox 1648 2591 1748 2660; x_wconf 85' lang='lat' dir='ltr'><strong><em>servi</em></strong></span> <span class='ocrx_word' id='word_1_138' title='bbox 1774 2589 1820 2659; x_wconf 91' lang='lat' dir='ltr'><strong><em>tui</em></strong></span> 
     </span>
     <span class='ocr_line' id='line_1_19' title="bbox 451 2707 1820 2805; baseline -0.005 -24"><span class='ocrx_word' id='word_1_139' title='bbox 451 2711 560 2805; x_wconf 88' lang='lat' dir='ltr'><strong><em>capite</em></strong></span> <span class='ocrx_word' id='word_1_140' title='bbox 587 2729 647 2780; x_wconf 88' lang='lat' dir='ltr'><strong><em>sua</em></strong></span> <span class='ocrx_word' id='word_1_141' title='bbox 672 2707 737 2778; x_wconf 91' lang='lat' dir='ltr'><strong><em>hoe</em></strong></span> <span class='ocrx_word' id='word_1_142' title='bbox 763 2718 934 2802; x_wconf 90' lang='lat' dir='ltr'><strong><em>tempore,</em></strong></span> <span class='ocrx_word' id='word_1_143' title='bbox 962 2717 1179 2803; x_wconf 87' lang='lat' dir='ltr'><strong><em>expectentes</em></strong></span> <span class='ocrx_word' id='word_1_144' title='bbox 1207 2727 1301 2802; x_wconf 88' lang='lat' dir='ltr'><strong><em>spem</em></strong></span> <span class='ocrx_word' id='word_1_145' title='bbox 1326 2709 1570 2802; x_wconf 90' lang='lat' dir='ltr'><strong><em>promissorum</em></strong></span> <span class='ocrx_word' id='word_1_146' title='bbox 1600 2715 1749 2794; x_wconf 85' lang='lat' dir='ltr'><strong><em>tuorum,</em></strong></span> <span class='ocrx_word' id='word_1_147' title='bbox 1786 2714 1820 2775; x_wconf 88' lang='grc' dir='ltr'><strong><em>ει</em></strong></span> 
     </span>
     <span class='ocr_line' id='line_1_20' title="bbox 452 2819 1818 2917; baseline -0.006 -19"><span class='ocrx_word' id='word_1_148' title='bbox 452 2825 659 2898; x_wconf 91' lang='lat' dir='ltr'><strong><em>clementiam</em></strong></span> <span class='ocrx_word' id='word_1_149' title='bbox 693 2833 800 2911; x_wconf 86' lang='lat' dir='ltr'><strong><em>tuam,</em></strong></span> <span class='ocrx_word' id='word_1_150' title='bbox 836 2826 1051 2917; x_wconf 75' lang='lat' dir='ltr'><strong><em>sitientesque</em></strong></span> <span class='ocrx_word' id='word_1_151' title='bbox 1083 2827 1314 2896; x_wconf 84' lang='lat' dir='ltr'><strong><em>miserationes</em></strong></span> <span class='ocrx_word' id='word_1_152' title='bbox 1348 2844 1434 2917; x_wconf 88' lang='lat' dir='ltr'><strong><em>quae</em></strong></span> <span class='ocrx_word' id='word_1_153' title='bbox 1467 2845 1487 2894; x_wconf 91' lang='lat' dir='ltr'><strong><em>a</em></strong></span> <span class='ocrx_word' id='word_1_154' title='bbox 1519 2830 1553 2893; x_wconf 89' lang='lat' dir='ltr'><strong><em>te</em></strong></span> <span class='ocrx_word' id='word_1_155' title='bbox 1584 2819 1818 2893; x_wconf 88' lang='lat' dir='ltr'><strong><em>conceduntur.</em></strong></span> 
     </span>
     <span class='ocr_line' id='line_1_21' title="bbox 451 2937 1819 3036; baseline -0.006 -23"><span class='ocrx_word' id='word_1_156' title='bbox 451 2940 606 3014; x_wconf 85' lang='lat' dir='ltr'><strong><em>Extende</em></strong></span> <span class='ocrx_word' id='word_1_157' title='bbox 636 2941 781 3013; x_wconf 90' lang='lat' dir='ltr'><strong><em>Domine</em></strong></span> <span class='ocrx_word' id='word_1_158' title='bbox 820 2961 951 3011; x_wconf 89' lang='lat' dir='ltr'><strong><em>manum</em></strong></span> <span class='ocrx_word' id='word_1_159' title='bbox 990 2949 1077 3012; x_wconf 86' lang='lat' dir='ltr'><strong><em>tuam</em></strong></span> <span class='ocrx_word' id='word_1_160' title='bbox 1117 2951 1301 3036; x_wconf 88' lang='lat' dir='ltr'><strong><em>potentem,</em></strong></span> <span class='ocrx_word' id='word_1_161' title='bbox 1337 2949 1372 3010; x_wconf 88' lang='lat' dir='ltr'><strong><em>et</em></strong></span> <span class='ocrx_word' id='word_1_162' title='bbox 1406 2938 1558 3011; x_wconf 87' lang='lat' dir='ltr'><strong><em>omnibus</em></strong></span> <span class='ocrx_word' id='word_1_163' title='bbox 1592 2937 1819 3026; x_wconf 73' lang='lat' dir='ltr'><strong><em>sufficientem,</em></strong></span> 
     </span>
     <span class='ocr_line' id='line_1_22' title="bbox 456 3053 1820 3152; baseline -0.007 -21"><span class='ocrx_word' id='word_1_164' title='bbox 456 3057 663 3152; x_wconf 88' lang='lat' dir='ltr'><strong><em>benedicque</em></strong></span> <span class='ocrx_word' id='word_1_165' title='bbox 702 3058 812 3129; x_wconf 84' lang='lat' dir='ltr'><strong><em>servis</em></strong></span> <span class='ocrx_word' id='word_1_166' title='bbox 848 3067 881 3128; x_wconf 92' lang='lat' dir='ltr'><strong><em>et</em></strong></span> <span class='ocrx_word' id='word_1_167' title='bbox 919 3053 1151 3128; x_wconf 78' lang='lat' dir='ltr'><strong><em>adoratoribus</em></strong></span> <span class='ocrx_word' id='word_1_168' title='bbox 1184 3059 1258 3129; x_wconf 89' lang='lat' dir='ltr'><strong><em>tuis.</em></strong></span> <span class='ocrx_word' id='word_1_169' title='bbox 1311 3055 1441 3127; x_wconf 86' lang='lat' dir='ltr'><strong><em>Perfice</em></strong></span> <span class='ocrx_word' id='word_1_170' title='bbox 1472 3053 1567 3144; x_wconf 89' lang='lat' dir='ltr'><strong><em>illos,</em></strong></span> <span class='ocrx_word' id='word_1_171' title='bbox 1600 3056 1645 3125; x_wconf 89' lang='lat' dir='ltr'><strong><em>ita</em></strong></span> <span class='ocrx_word' id='word_1_172' title='bbox 1679 3063 1715 3125; x_wconf 92' lang='lat' dir='ltr'><strong><em>ut</em></strong></span> <span class='ocrx_word' id='word_1_173' title='bbox 1745 3053 1820 3148; x_wconf 92' lang='lat' dir='ltr'><strong><em>puri</em></strong></span> 
     </span>
     <span class='ocr_line' id='line_1_23' title="bbox 453 3169 1819 3267; baseline -0.009 -19"><span class='ocrx_word' id='word_1_174' title='bbox 453 3179 534 3263; x_wconf 87' lang='lat' dir='ltr'><strong><em>sint,</em></strong></span> <span class='ocrx_word' id='word_1_175' title='bbox 562 3185 596 3246; x_wconf 88' lang='lat' dir='ltr'><strong><em>et</em></strong></span> <span class='ocrx_word' id='word_1_176' title='bbox 623 3171 749 3267; x_wconf 91' lang='lat' dir='ltr'><strong><em>absque</em></strong></span> <span class='ocrx_word' id='word_1_177' title='bbox 776 3169 915 3244; x_wconf 85' lang='lat' dir='ltr'><strong><em>macula¹</em></strong></span> <span class='ocrx_word' id='word_1_178' title='bbox 932 3171 1153 3266; x_wconf 88' lang='lat' dir='ltr'><strong><em>sordibusque</em></strong></span> <span class='ocrx_word' id='word_1_179' title='bbox 1166 3173 1307 3266; x_wconf 88' lang='lat' dir='ltr'><strong><em>peceati,</em></strong></span> <span class='ocrx_word' id='word_1_180' title='bbox 1333 3181 1369 3242; x_wconf 85' lang='lat' dir='ltr'><strong><em>ut</em></strong></span> <span class='ocrx_word' id='word_1_181' title='bbox 1382 3169 1471 3262; x_wconf 83' lang='lat' dir='ltr'><strong><em>digni</em></strong></span> <span class='ocrx_word' id='word_1_182' title='bbox 1495 3169 1675 3242; x_wconf 87' lang='lat' dir='ltr'><strong><em>efficiantur</em></strong></span> <span class='ocrx_word' id='word_1_183' title='bbox 1694 3188 1819 3240; x_wconf 86' lang='lat' dir='ltr'><strong><em>susee-</em></strong></span> 
     </span>
     <span class='ocr_line' id='line_1_24' title="bbox 451 3282 1817 3387; baseline -0.007 -23"><span class='ocrx_word' id='word_1_184' title='bbox 451 3295 564 3387; x_wconf 88' lang='lat' dir='ltr'><strong><em>ptione</em></strong></span> <span class='ocrx_word' id='word_1_185' title='bbox 590 3291 823 3385; x_wconf 78' lang='lat' dir='ltr'><strong><em>mysteriorum</em></strong></span> <span class='ocrx_word' id='word_1_186' title='bbox 852 3299 981 3360; x_wconf 89' lang='lat' dir='ltr'><strong><em>tuorum</em></strong></span> <span class='ocrx_word' id='word_1_187' title='bbox 1007 3297 1197 3359; x_wconf 87' lang='lat' dir='ltr'><strong><em>sanctorum</em></strong></span> <span class='ocrx_word' id='word_1_188' title='bbox 1224 3297 1258 3359; x_wconf 92' lang='lat' dir='ltr'><strong><em>et</em></strong></span> <span class='ocrx_word' id='word_1_189' title='bbox 1284 3286 1481 3360; x_wconf 91' lang='lat' dir='ltr'><strong><em>divinorum.</em></strong></span> <span class='ocrx_word' id='word_1_190' title='bbox 1534 3284 1658 3357; x_wconf 88' lang='lat' dir='ltr'><strong><em>Libera</em></strong></span> <span class='ocrx_word' id='word_1_191' title='bbox 1684 3305 1748 3356; x_wconf 89' lang='lat' dir='ltr'><strong><em>nos</em></strong></span> <span class='ocrx_word' id='word_1_192' title='bbox 1774 3282 1817 3355; x_wconf 89' lang='lat' dir='ltr'><strong><em>ab</em></strong></span> 
     </span>
     <span class='ocr_line' id='line_1_25' title="bbox 453 3388 1818 3501; baseline -0.01 -20"><span class='ocrx_word' id='word_1_193' title='bbox 453 3411 540 3481; x_wconf 90' lang='lat' dir='ltr'><strong><em>omni</em></strong></span> <span class='ocrx_word' id='word_1_194' title='bbox 567 3405 738 3501; x_wconf 84' lang='lat' dir='ltr'><strong><em>phantasia</em></strong></span> <span class='ocrx_word' id='word_1_195' title='bbox 765 3388 943 3493; x_wconf 83' lang='lat' dir='ltr'><strong><em>noemma,</em></strong></span> <span class='ocrx_word' id='word_1_196' title='bbox 971 3402 1098 3496; x_wconf 90' lang='lat' dir='ltr'><strong><em>diurna,</em></strong></span> <span class='ocrx_word' id='word_1_197' title='bbox 1124 3403 1304 3475; x_wconf 90' lang='lat' dir='ltr'><strong><em>meridiana</em></strong></span> <span class='ocrx_word' id='word_1_198' title='bbox 1332 3413 1366 3474; x_wconf 89' lang='lat' dir='ltr'><strong><em>et</em></strong></span> <span class='ocrx_word' id='word_1_199' title='bbox 1392 3405 1601 3496; x_wconf 89' lang='lat' dir='ltr'><strong><em>vespertina:</em></strong></span> <span class='ocrx_word' id='word_1_200' title='bbox 1629 3419 1818 3494; x_wconf 87' lang='lat' dir='ltr'><strong><em>corpusque</em></strong></span> 
     </span>
     <span class='ocr_line' id='line_1_26' title="bbox 453 3516 1819 3615; baseline -0.007 -22"><span class='ocrx_word' id='word_1_201' title='bbox 453 3534 485 3594; x_wconf 94' lang='grc' dir='ltr'><strong><em>ει</em></strong></span> <span class='ocrx_word' id='word_1_202' title='bbox 512 3526 648 3615; x_wconf 83' lang='lat' dir='ltr'><strong><em>sanguis</em></strong></span> <span class='ocrx_word' id='word_1_203' title='bbox 676 3523 834 3612; x_wconf 84' lang='lat' dir='ltr'><strong><em>unigeniti</em></strong></span> <span class='ocrx_word' id='word_1_204' title='bbox 859 3519 936 3592; x_wconf 88' lang='lat' dir='ltr'>Filii</span> <span class='ocrx_word' id='word_1_205' title='bbox 961 3523 1008 3592; x_wconf 86' lang='lat' dir='ltr'><strong><em>tui</em></strong></span> <span class='ocrx_word' id='word_1_206' title='bbox 1034 3523 1076 3593; x_wconf 86' lang='lat' dir='ltr'><strong><em>sit</em></strong></span> <span class='ocrx_word' id='word_1_207' title='bbox 1101 3519 1199 3594; x_wconf 92' lang='lat' dir='ltr'><strong><em>nobis</em></strong></span> <span class='ocrx_word' id='word_1_208' title='bbox 1225 3519 1439 3606; x_wconf 86' lang='lat' dir='ltr'><strong><em>fermentum,</em></strong></span> <span class='ocrx_word' id='word_1_209' title='bbox 1466 3528 1500 3590; x_wconf 92' lang='lat' dir='ltr'><strong><em>et</em></strong></span> <span class='ocrx_word' id='word_1_210' title='bbox 1524 3523 1646 3615; x_wconf 85' lang='lat' dir='ltr'><strong><em>pignus</em></strong></span> <span class='ocrx_word' id='word_1_211' title='bbox 1672 3519 1764 3587; x_wconf 85' lang='lat' dir='ltr'><strong><em>vitae</em></strong></span> <span class='ocrx_word' id='word_1_212' title='bbox 1785 3516 1819 3584; x_wconf 91' lang='lat' dir='ltr'><strong><em>in</em></strong></span> 
     </span>
     <span class='ocr_line' id='line_1_27' title="bbox 452 3635 1542 3733; baseline -0.003 -24"><span class='ocrx_word' id='word_1_213' title='bbox 452 3637 505 3709; x_wconf 90' lang='lat' dir='ltr'><strong><em>die</em></strong></span> <span class='ocrx_word' id='word_1_214' title='bbox 527 3639 660 3730; x_wconf 84' lang='lat' dir='ltr'><strong><em>judieii,</em></strong></span> <span class='ocrx_word' id='word_1_215' title='bbox 687 3659 772 3709; x_wconf 92' lang='lat' dir='ltr'><strong><em>nune</em></strong></span> <span class='ocrx_word' id='word_1_216' title='bbox 799 3648 833 3708; x_wconf 93' lang='lat' dir='ltr'><strong><em>et</em></strong></span> <span class='ocrx_word' id='word_1_217' title='bbox 860 3660 1013 3733; x_wconf 88' lang='lat' dir='ltr'><strong><em>semper,</em></strong></span> <span class='ocrx_word' id='word_1_218' title='bbox 1040 3648 1073 3710; x_wconf 88' lang='lat' dir='ltr'><strong><em>et</em></strong></span> <span class='ocrx_word' id='word_1_219' title='bbox 1098 3641 1133 3708; x_wconf 94' lang='lat' dir='ltr'><strong><em>in</em></strong></span> <span class='ocrx_word' id='word_1_220' title='bbox 1159 3636 1293 3709; x_wconf 86' lang='lat' dir='ltr'><strong><em>saecula</em></strong></span> <span class='ocrx_word' id='word_1_221' title='bbox 1321 3635 1542 3708; x_wconf 89' lang='lat' dir='ltr'><strong><em>saeculorum.</em></strong></span> 
     </span>
    </p>

    <p class='ocr_par' dir='ltr' id='par_1_9' title="bbox 554 3752 1415 3849">
     <span class='ocr_line' id='line_1_28' title="bbox 554 3752 1415 3849; baseline -0.003 -23"><span class='ocrx_word' id='word_1_222' title='bbox 554 3755 714 3849; x_wconf 84' lang='lat' dir='ltr'><strong><em>Populus.</em></strong></span> <span class='ocrx_word' id='word_1_223' title='bbox 767 3753 887 3828; x_wconf 85' lang='lat' dir='ltr'><strong><em>Amen.</em></strong></span> <span class='ocrx_word' id='word_1_224' title='bbox 1097 3752 1279 3825; x_wconf 88' lang='lat' dir='ltr'><strong><em>Sacerdos.</em></strong></span> <span class='ocrx_word' id='word_1_225' title='bbox 1331 3752 1415 3824; x_wconf 87' lang='lat' dir='ltr'><strong><em>Pax.</em></strong></span> 
     </span>
    </p>

    <p class='ocr_par' dir='ltr' id='par_1_10' title="bbox 555 3869 1154 3965">
     <span class='ocr_line' id='line_1_29' title="bbox 555 3869 1154 3965; baseline -0.002 -23"><span class='ocrx_word' id='word_1_226' title='bbox 555 3871 716 3965; x_wconf 79' lang='lat' dir='ltr'><strong><em>Populus.</em></strong></span> <span class='ocrx_word' id='word_1_227' title='bbox 768 3870 910 3943; x_wconf 88' lang='lat' dir='ltr'><strong><em>Etcum</em></strong></span> <span class='ocrx_word' id='word_1_228' title='bbox 938 3869 1063 3964; x_wconf 88' lang='lat' dir='ltr'><strong><em>Spiritu</em></strong></span> <span class='ocrx_word' id='word_1_229' title='bbox 1089 3881 1154 3943; x_wconf 91' lang='lat' dir='ltr'><strong><em>tun.</em></strong></span> 
     </span>
    </p>

    <p class='ocr_par' dir='ltr' id='par_1_11' title="bbox 557 3985 1215 4064">
     <span class='ocr_line' id='line_1_30' title="bbox 557 3985 1215 4064; baseline -0.003 -6"><span class='ocrx_word' id='word_1_230' title='bbox 557 3987 740 4060; x_wconf 82' lang='lat' dir='ltr'><strong><em>Sacerdos.</em></strong></span> <span class='ocrx_word' id='word_1_231' title='bbox 792 3985 1046 4060; x_wconf 89' lang='lat' dir='ltr'><strong><em>bliserieordiae</em></strong></span> <span class='ocrx_word' id='word_1_232' title='bbox 1062 3985 1147 4064; x_wconf 85' lang='lat' dir='ltr'><strong><em>Dei.</em></strong></span> <span class='ocrx_word' id='word_1_233' title='bbox 1212 4015 1215 4022; x_wconf 48' lang='lat'><strong>⁴</strong></span> 
     </span>
    </p>

    <p class='ocr_par' dir='ltr' id='par_1_12' title="bbox 470 4101 1261 4314">
     <span class='ocr_line' id='line_1_31' title="bbox 555 4101 1154 4198; baseline -0.003 -23"><span class='ocrx_word' id='word_1_234' title='bbox 555 4104 715 4197; x_wconf 86' lang='lat' dir='ltr'><strong><em>Populos.</em></strong></span> <span class='ocrx_word' id='word_1_235' title='bbox 767 4102 910 4175; x_wconf 85' lang='lat' dir='ltr'><strong><em>Etcum</em></strong></span> <span class='ocrx_word' id='word_1_236' title='bbox 937 4101 1061 4198; x_wconf 88' lang='lat' dir='ltr'><strong><em>Spiritu</em></strong></span> <span class='ocrx_word' id='word_1_237' title='bbox 1087 4113 1154 4175; x_wconf 88' lang='lat' dir='ltr'><strong><em>tuo.</em></strong></span> 
     </span>
     <span class='ocr_line' id='line_1_32' title="bbox 470 4210 1261 4314; baseline -0.005 -22"><span class='ocrx_word' id='word_1_238' title='bbox 470 4210 471 4221; x_wconf 43' lang='lat'>¹</span> <span class='ocrx_word' id='word_1_239' title='bbox 555 4221 742 4292; x_wconf 82' lang='lat' dir='ltr'><strong><em>Diaconos.</em></strong></span> <span class='ocrx_word' id='word_1_240' title='bbox 796 4217 880 4291; x_wconf 82' lang='lat' dir='ltr'><strong><em>Cum</em></strong></span> <span class='ocrx_word' id='word_1_241' title='bbox 906 4221 1025 4291; x_wconf 84' lang='lat' dir='ltr'><strong><em>timere</em></strong></span> <span class='ocrx_word' id='word_1_242' title='bbox 1052 4222 1261 4314; x_wconf 90' lang='lat' dir='ltr'><strong><em>aspiciamus.</em></strong></span> 
     </span>
    </p>

    <p class='ocr_par' dir='ltr' id='par_1_13' title="bbox 555 4334 1076 4410">
     <span class='ocr_line' id='line_1_33' title="bbox 555 4334 1076 4410; baseline -0.008 0"><span class='ocrx_word' id='word_1_243' title='bbox 555 4337 738 4410; x_wconf 82' lang='lat' dir='ltr'><strong><em>Sacerdos.</em></strong></span> <span class='ocrx_word' id='word_1_244' title='bbox 769 4334 915 4406; x_wconf 86' lang='lat' dir='ltr'><strong><em>&#39;Sancta</em></strong></span> <span class='ocrx_word' id='word_1_245' title='bbox 943 4337 1076 4408; x_wconf 86' lang='lat' dir='ltr'><strong><em>sanctis.</em></strong></span> 
     </span>
    </p>

    <p class='ocr_par' dir='ltr' id='par_1_14' title="bbox 555 4450 998 4547">
     <span class='ocr_line' id='line_1_34' title="bbox 555 4450 998 4547; baseline -0.011 -21"><span class='ocrx_word' id='word_1_246' title='bbox 555 4453 717 4547; x_wconf 83' lang='lat' dir='ltr'><strong><em>Populos.</em></strong></span> <span class='ocrx_word' id='word_1_247' title='bbox 769 4450 862 4523; x_wconf 91' lang='lat' dir='ltr'><strong><em>Unus</em></strong></span> <span class='ocrx_word' id='word_1_248' title='bbox 889 4452 998 4522; x_wconf 89' lang='lat' dir='ltr'><strong><em>Pater.</em></strong></span> 
     </span>
    </p>

    <p class='ocr_par' dir='ltr' id='par_1_15' title="bbox 556 4566 1124 4641">
     <span class='ocr_line' id='line_1_35' title="bbox 556 4566 1124 4641; baseline -0.004 0"><span class='ocrx_word' id='word_1_249' title='bbox 556 4571 743 4641; x_wconf 85' lang='lat' dir='ltr'><strong><em>Diaconos.</em></strong></span> <span class='ocrx_word' id='word_1_250' title='bbox 796 4567 930 4641; x_wconf 87' lang='lat' dir='ltr'><strong><em>Stemus</em></strong></span> <span class='ocrx_word' id='word_1_251' title='bbox 958 4566 1124 4639; x_wconf 89' lang='lat' dir='ltr'><strong><em>decenter.</em></strong></span> 
     </span>
    </p>

    <p class='ocr_par' dir='ltr' id='par_1_16' title="bbox 556 4683 1070 4780">
     <span class='ocr_line' id='line_1_36' title="bbox 556 4683 1070 4780; baseline -0.006 -22"><span class='ocrx_word' id='word_1_252' title='bbox 556 4685 717 4780; x_wconf 84' lang='lat' dir='ltr'><strong><em>Papulas.</em></strong></span> <span class='ocrx_word' id='word_1_253' title='bbox 770 4683 903 4756; x_wconf 90' lang='lat' dir='ltr'><strong><em>Gratias</em></strong></span> <span class='ocrx_word' id='word_1_254' title='bbox 931 4686 1070 4775; x_wconf 85' lang='lat' dir='ltr'><strong><em>agimus.</em></strong></span> 
     </span>
    </p>

    <p class='ocr_par' dir='ltr' id='par_1_17' title="bbox 452 4793 1818 5016">
     <span class='ocr_line' id='line_1_37' title="bbox 555 4793 1818 4895; baseline -0.01 -22"><span class='ocrx_word' id='word_1_255' title='bbox 555 4802 739 4875; x_wconf 90' lang='lat' dir='ltr'><strong><em>Sacerdos.</em></strong></span> <span class='ocrx_word' id='word_1_256' title='bbox 792 4800 879 4887; x_wconf 82' lang='lat' dir='ltr'><strong><em>Quid</em></strong></span> <span class='ocrx_word' id='word_1_257' title='bbox 904 4799 1063 4873; x_wconf 90' lang='lat' dir='ltr'><strong><em>babemus</em></strong></span> <span class='ocrx_word' id='word_1_258' title='bbox 1089 4798 1179 4895; x_wconf 92' lang='lat' dir='ltr'><strong><em>quod</em></strong></span> <span class='ocrx_word' id='word_1_259' title='bbox 1203 4797 1421 4870; x_wconf 82' lang='lat' dir='ltr'><strong><em>reubuamus</em></strong></span> <span class='ocrx_word' id='word_1_260' title='bbox 1449 4795 1593 4866; x_wconf 90' lang='lat' dir='ltr'><strong><em>Domino</em></strong></span> <span class='ocrx_word' id='word_1_261' title='bbox 1619 4813 1682 4889; x_wconf 93' lang='lat' dir='ltr'><strong><em>pro</em></strong></span> <span class='ocrx_word' id='word_1_262' title='bbox 1704 4793 1818 4863; x_wconf 92' lang='lat' dir='ltr'><strong><em>omni-</em></strong></span> 
     </span>
     <span class='ocr_line' id='line_1_38' title="bbox 452 4909 1816 5016; baseline -0.011 -24"><span class='ocrx_word' id='word_1_263' title='bbox 452 4919 515 4992; x_wconf 92' lang='lat' dir='ltr'><strong><em>bus</em></strong></span> <span class='ocrx_word' id='word_1_264' title='bbox 542 4943 628 5016; x_wconf 91' lang='lat' dir='ltr'><strong><em>quae</em></strong></span> <span class='ocrx_word' id='word_1_265' title='bbox 654 4917 804 4991; x_wconf 88' lang='lat' dir='ltr'><strong><em>retribuit</em></strong></span> <span class='ocrx_word' id='word_1_266' title='bbox 836 4915 950 5006; x_wconf 89' lang='lat' dir='ltr'><strong><em>nobis;</em></strong></span> <span class='ocrx_word' id='word_1_267' title='bbox 977 4926 1010 4988; x_wconf 91' lang='grc' dir='ltr'><strong><em>ει</em></strong></span> <span class='ocrx_word' id='word_1_268' title='bbox 1035 4939 1096 5012; x_wconf 92' lang='lat' dir='ltr'><strong><em>pro</em></strong></span> <span class='ocrx_word' id='word_1_269' title='bbox 1125 4915 1274 4988; x_wconf 90' lang='lat' dir='ltr'><strong><em>omnibus</em></strong></span> <span class='ocrx_word' id='word_1_270' title='bbox 1303 4913 1410 5001; x_wconf 89' lang='lat' dir='ltr'><strong><em>donis,</em></strong></span> <span class='ocrx_word' id='word_1_271' title='bbox 1436 4909 1619 4999; x_wconf 85' lang='lat' dir='ltr'><strong><em>benefieiis,</em></strong></span> <span class='ocrx_word' id='word_1_272' title='bbox 1646 4917 1679 4980; x_wconf 91' lang='lat' dir='ltr'><strong><em>et</em></strong></span> <span class='ocrx_word' id='word_1_273' title='bbox 1693 4928 1816 4979; x_wconf 88' lang='lat' dir='ltr'><strong><em>mune-</em></strong></span> 
     </span>
    </p>
   </div>
   <div class='ocr_carea' id='block_1_3' title="bbox 452 5020 1818 5219">
    <p class='ocr_par' dir='ltr' id='par_1_18' title="bbox 452 5020 1818 5219">
     <span class='ocr_line' id='line_1_39' title="bbox 452 5020 1818 5129; baseline -0.01 -24"><span class='ocrx_word' id='word_1_274' title='bbox 452 5034 544 5109; x_wconf 91' lang='lat' dir='ltr'><strong><em>ribus</em></strong></span> <span class='ocrx_word' id='word_1_275' title='bbox 572 5038 644 5129; x_wconf 89' lang='lat' dir='ltr'><strong><em>ejns</em></strong></span> <span class='ocrx_word' id='word_1_276' title='bbox 671 5057 754 5127; x_wconf 86' lang='lat' dir='ltr'><strong><em>erga</em></strong></span> <span class='ocrx_word' id='word_1_277' title='bbox 780 5054 861 5106; x_wconf 91' lang='lat' dir='ltr'><strong><em>nos:</em></strong></span> <span class='ocrx_word' id='word_1_278' title='bbox 890 5035 945 5128; x_wconf 93' lang='lat' dir='ltr'><strong><em>qui</em></strong></span> <span class='ocrx_word' id='word_1_279' title='bbox 971 5055 1035 5105; x_wconf 92' lang='lat' dir='ltr'><strong><em>nos</em></strong></span> <span class='ocrx_word' id='word_1_280' title='bbox 1061 5043 1258 5122; x_wconf 84' lang='lat' dir='ltr'><strong><em>terrestres,</em></strong></span> <span class='ocrx_word' id='word_1_281' title='bbox 1292 5029 1411 5122; x_wconf 83' lang='lat' dir='ltr'><strong><em>dignos</em></strong></span> <span class='ocrx_word' id='word_1_282' title='bbox 1445 5026 1524 5100; x_wconf 87' lang='lat' dir='ltr'><strong><em>lecit</em></strong></span> <span class='ocrx_word' id='word_1_283' title='bbox 1558 5020 1818 5098; x_wconf 89' lang='lat' dir='ltr'><strong><em>communicandi</em></strong></span> 
     </span>
     <span class='ocr_line' id='line_1_40' title="bbox 1533 5142 1617 5219; baseline -0.012 0"><span class='ocrx_word' id='word_1_284' title='bbox 1533 5145 1583 5219; x_wconf 86' lang='grc'><strong><em>49</em></strong></span> <span class='ocrx_word' id='word_1_285' title='bbox 1598 5142 1617 5178; x_wconf 76' lang='lat'><strong><em>⁴*</em></strong></span> 
     </span>
    </p>
   </div>
   <div class='ocr_carea' id='block_1_4' title="bbox 0 0 2371 6036">
    <p class='ocr_par' dir='ltr' id='par_1_19' title="bbox 0 0 2371 6036">
     <span class='ocr_line' id='line_1_41' title="bbox 0 0 2371 6036; baseline 0 0"><span class='ocrx_word' id='word_1_286' title='bbox 0 0 2371 6036; x_wconf 95' lang='lat' dir='ltr'><strong><em> </em></strong></span> 
     </span>
    </p>
   </div>
  </div>
 </body>
</html>
