4730 6038
694 605 771 678 328
1000 594 1004 601 ’
1200 598 1560 676 LITURGIA

693 793 737 865 sit
764 787 920 878 difficilis,
948 795 982 859 et
1012 785 1054 859 ab
1084 788 1174 857 omni
1208 787 1420 881 operatione,
1454 793 1489 855 et
1523 782 1781 877 depraedatione
1816 781 1974 874 maligni,
2007 804 2070 877 per

694 905 861 978 Christum
887 903 1003 976 lesum
1028 900 1206 974 Dominum
1232 909 1399 984 nostrum,
1427 921 1502 970 eum
1530 919 1595 992 quo
1623 909 1656 970 te
1684 896 1782 970 decet
1807 896 1926 990 gloria.
1954 906 2017 968 etc.

799 1019 985 1090 Sacerdos.
1012 1017 1097 1089 Pax.

800 1131 963 1224 Populus.
1018 1129 1142 1203 Coram
1169 1138 1212 1201 te.

798 1247 983 1318 Sacerdos.
1035 1246 1129 1317 Deus
1164 1247 1219 1338 qui
1251 1253 1427 1338 tantopere
1461 1241 1608 1316 dilexisti
1633 1265 1719 1334 nos,
1751 1254 1786 1315 et
1818 1242 1937 1316 dedisti
1972 1241 2070 1316 uobis

690 1366 746 1456 jus
774 1362 963 1457 adoptionis
989 1359 1132 1432 liliorum
1158 1363 1203 1434 ita
1229 1367 1265 1430 ut
1291 1357 1347 1429 lilii
1372 1357 1439 1430 Dei
1473 1381 1693 1446 vocaremur,
1726 1369 1761 1430 et
1792 1381 1944 1432 essemus
1979 1359 2070 1432 hae-

693 1477 793 1549 redes
821 1476 954 1571 quidem
980 1477 1035 1560 tui,
1062 1475 1176 1563 Pater,
1203 1471 1411 1544 cohaeredes
1446 1483 1556 1544 autem
1584 1473 1707 1546 Christi
1739 1476 1804 1546 tui:
1837 1475 1958 1546 inclina
1989 1475 2070 1547 Do-

694 1594 782 1662 mine
810 1612 922 1662 aurem
949 1600 1040 1660 tuam
1066 1599 1101 1660 et
1127 1589 1250 1660 exaudi
1276 1609 1352 1675 nos,
1379 1608 1492 1660 eoram
1520 1598 1554 1660 te
1581 1592 1690 1683 capita
1717 1588 1914 1661 inclinantes
1942 1598 1976 1660 et
2000 1611 2070 1684 pu-

694 1706 787 1777 rifica
814 1707 1004 1777 interiorem
1031 1714 1181 1775 nostrum
1208 1703 1389 1789 homiuem,
1426 1706 1511 1774 sicut
1536 1723 1639 1797 purus
1666 1711 1719 1774 est
1749 1707 1939 1795 unigenitus
1966 1703 2070 1775 Filius

696 1831 782 1906 tuus,
810 1842 906 1912 quem
934 1823 1122 1914 suscepturi
1149 1841 1272 1890 sumus.
1325 1816 1469 1908 Fugiunt
1502 1841 1522 1889 a
1554 1818 1654 1891 nobis
1680 1817 1878 1904 fornicatio,
1905 1830 1941 1890 et
1967 1823 2071 1911 cogi-
2146 1913 2149 1920 Ι

694 1939 838 2008 tationes
863 1935 1062 2022 immundae,
1089 1938 1123 2006 iu
1150 1937 1283 2006 nomine
1310 1934 1374 2004 Dei
1402 1937 1456 2028 qni
1478 1944 1571 2004 ortus
1598 1943 1650 2006 est
1676 1937 1884 2026 exvirgine:
1912 1936 2070 2030 superbia

695 2061 818 2138 autem,
846 2060 880 2121 et
907 2048 1007 2122 elatio
1034 2050 1121 2122 mala
1149 2049 1355 2144 depellantur
1382 2073 1401 2120 a
1433 2048 1552 2136 uobis,
1585 2071 1647 2144 per
1679 2050 1769 2121 illum
1803 2053 1859 2143 qui
1890 2073 1929 2122 se
1961 2053 2071 2145 ipsum

694 2164 893 2236 humiliavit:
920 2163 1184 2260 pusillanimitas,
1211 2185 1273 2258 per
1300 2187 1374 2234 eum
1402 2166 1457 2256 qui
1484 2167 1677 2258 passionem
1709 2168 1741 2235 in
1776 2185 1878 2235 carne
1906 2170 2069 2253 sustinuit,

695 2290 729 2351 et
755 2283 887 2370 siguum
913 2282 1080 2351 victoriae
1106 2281 1216 2351 crucis
1243 2281 1361 2348 erexit.
1404 2277 1500 2348 Vana
1527 2278 1636 2370 gloria
1664 2302 1683 2350 a
1709 2276 1808 2352 nobis
1835 2292 2071 2376 compescatur

693 2416 756 2489 per
783 2394 873 2465 illum
900 2397 954 2488 qui
981 2414 1162 2488 percussus
1191 2402 1225 2462 et
1250 2391 1436 2485 flagellatus
1464 2404 1526 2480 est,
1553 2415 1663 2489 neque
1676 2397 1800 2466 avertit
1825 2394 1946 2467 faeiem
1974 2419 2071 2470 suam

696 2533 716 2580 a
744 2519 914 2604 sputorum
942 2509 1141 2603 opprobrio:
1168 2507 1337 2597 invidiam,
1364 2508 1593 2595 homicidium,
1623 2509 1865 2584 dissensionem
1899 2512 2072 2606 etodium

696 2622 826 2694 auferat
851 2645 872 2694 a
897 2622 1007 2715 nobis,
1032 2625 1154 2714 Agnus
1181 2625 1246 2695 Dei
1274 2627 1329 2718 qui
1356 2622 1440 2695 tollit
1464 2635 1639 2718 peceatum
1665 2625 1792 2698 mundi:
1826 2625 1921 2698 luror
1953 2637 1987 2698 et
2021 2633 2071 2699 ira

694 2738 813 2833 procul
845 2762 865 2809 a
897 2739 995 2810 nohis
1028 2739 1122 2826 liant,
1158 2761 1221 2834 per
1254 2739 1341 2810 illum
1377 2743 1432 2834 qui
1464 2738 1630 2813 diabolum
1667 2752 1701 2813 et
1735 2744 1899 2814 inimicum
1926 2743 2074 2814 traduxit

696 2851 914 2925 crucifixione
941 2875 1014 2941 sua,
1041 2864 1077 2925 et
1100 2852 1357 2949 chirographum
1383 2854 1578 2927 delictorum
1604 2867 1755 2930 nostrum
1783 2857 1905 2929 scidit..
1931 2857 2071 2930 Omnem

694 2977 861 3040 terrenam
889 2971 1126 3061 cogitationem
1153 2969 1249 3041 aufer
1276 2992 1296 3041 a
1322 2970 1440 3060 nobis,
1473 2993 1535 3066 per
1561 2971 1652 3045 illum
1686 2977 1741 3066 qui
1766 2995 1830 3046 nos
1866 2995 1981 3046 secum
2009 2995 2072 3046 as·
2109 2987 2127 3018 ·

696 3086 813 3156 sumsit
838 3086 872 3154 iu
898 3082 1041 3173 eoelum,
1068 3094 1105 3155 ut
1130 3107 1214 3180 pure
1229 3089 1510 3158 communicemus
1538 3097 1746 3160 sacramento
1773 3092 1963 3184 purissimo,
1987 3112 2073 3164 sou·
2198 3177 2200 3180 .

696 3198 942 3293 otificemurque
969 3198 1121 3294 perfecte
1147 3202 1180 3271 in
1208 3223 1364 3295 corpore,
1393 3206 1501 3274 anima
1530 3211 1564 3273 et
1590 3205 1718 3297 spiritu,
1746 3214 1780 3275 et
1804 3203 1991 3277 referamus
2014 3203 2075 3276 tibi

696 3312 848 3406 gloriam.
890 3325 953 3385 ete.

804 3426 990 3499 Sacerdos.
1044 3429 1129 3500 Pax.

802 3542 964 3634 Populus.
990 3541 1035 3614 Et
1061 3567 1134 3614 curn
1162 3547 1277 3638 spiritu
1304 3556 1372 3616 tuo.

799 3655 986 3729 Sacerdos.
1039 3657 1232 3730 Benedictio
1259 3660 1323 3731 Dei
1351 3662 1393 3732 sit
1418 3671 1481 3732 etc.

776 3771 989 3842 Diaconos.
1044 3771 1129 3844 Cum
1154 3775 1283 3846 timore.

801 3885 964 3978 Populus.
1021 3885 1146 3959 Coram
1171 3899 1215 3960 te.

801 4000 985 4072 Sacerdos.
1041 4001 1165 4074 Sancta
1193 4005 1327 4074 sanctis.

807 4114 991 4187 Sacerdos.
1046 4117 1154 4202 Quam
1180 4117 1334 4209 gloriam,
1361 4129 1418 4190 ant
1444 4142 1542 4215 quam
1573 4121 1726 4214 laudem,
1759 4133 1816 4196 aut
1842 4147 1940 4219 quam
1968 4131 2075 4199 retri-

697 4229 866 4303 butionem
893 4233 1076 4322 gratiarum
1104 4235 1245 4306 aetionis
1276 4231 1462 4308 referemus
1495 4233 1569 4324 tibi,
1604 4237 1699 4310 Deus
1734 4249 1863 4312 amator
1894 4239 2075 4330 hominum,

699 4347 776 4440 quia
802 4345 898 4418 uronis
927 4349 982 4442 qui
1008 4351 1123 4421 mortis
1150 4351 1210 4435 rei,
1239 4360 1273 4420 et
1299 4349 1419 4422 dudum
1445 4354 1593 4423 immersi
1619 4357 1768 4448 peccatis
1795 4375 1938 4444 eramus,
1965 4355 2075 4428 liber-

698 4471 799 4531 tatem
826 4461 973 4551 donasti,
1006 4472 1041 4534 et
1071 4466 1250 4559 participes
1277 4486 1340 4536 nos
1367 4464 1474 4540 iecisti
1507 4466 1653 4540 alimenti
1687 4471 1783 4541 istius
1817 4472 2011 4545 immortalis
2039 4483 2074 4544 et

700 4574 872 4667 eoelestis,
900 4588 933 4650 et
960 4600 1059 4651 omne
1085 4583 1280 4674 mysterium
1307 4580 1394 4676 quod
1422 4605 1441 4652 a
1469 4584 1612 4655 saeculis
1638 4594 1673 4655 et
1705 4586 1976 4676 generationibus
2004 4597 2079 4657 erat

699 4689 929 4764 absconditum
955 4693 1053 4767 uobis
1081 4692 1261 4782 revelasti,
1288 4705 1324 4766 ut
1350 4694 1429 4766 illud
1455 4707 1570 4769 notum
1596 4698 1691 4770 fieret
1718 4699 1912 4788 Virtutibus,
1939 4703 2076 4773 Princi-

696 4804 828 4901 patibus
855 4816 890 4877 et
915 4803 1139 4880 Potestatibus
1167 4809 1374 4896 coelestium,
1401 4833 1463 4906 per
1489 4812 1688 4884 Ecclesiam.
1728 4813 1899 4911 Sapientia
1926 4826 1983 4887 tua
2011 4838 2075 4887 su-

624 5001 633 5020 ·
697 4929 795 5016 perat
821 4942 920 4992 omne
947 4924 1036 5016 quod
1063 4929 1198 5020 sapiens
1226 4930 1453 5014 existimatur,
1487 4936 1520 4999 et
1552 4950 1653 5025 supra
1685 4950 1817 5002 omnem
1850 4929 2076 5025 eomprehen-

699 5038 829 5106 sionem
855 5036 940 5106 haec
967 5047 1083 5110 nostra
1111 5040 1296 5135 dispensas.
1352 5043 1483 5128 Quanta
1518 5042 1603 5115 haee
1639 5056 1691 5118 est
1719 5049 1826 5119 omnis
1853 5045 1984 5117 dilectio
2011 5070 2077 5118 oa-
