4804 6026
648 506 714 580 XII
1029 504 1572 592 'ulssuutnulo

649 707 684 769 et
709 697 860 783 codicum
885 703 1090 788 testimonio,
1117 700 1163 774 illi
1189 700 1354 773 tribuitur:
1381 711 1416 773 et
1440 701 1519 774 illud
1545 705 1711 799 estquod
1738 705 1839 779 edidit
1864 705 2008 802 Syriaco

649 824 683 885 et
706 814 825 888 Latine
852 813 960 891 Guido
986 815 1159 890 Fabricius
1184 818 1410 908 Boderianus,
1437 817 1498 892 sub
1531 823 1664 892 nominc
1697 821 1819 894 Severi
1849 822 2011 895 Alexan-

649 929 752 1022 drini,
786 935 841 1027 qui
867 955 1032 1028 nunquam
1066 932 1136 1004 init.
1194 933 1295 1006 Dedit
1328 956 1460 1030 quoque
1494 936 1590 1009 simul
1623 936 1843 1029 fragmentum
1876 937 2010 1013 Ordinis

647 1044 790 1138 Missae,
817 1051 892 1122 sive
917 1049 1104 1142 Liturgiae,
1131 1049 1192 1122 sed
1219 1047 1261 1122 ab
1288 1072 1331 1123 eo
1364 1071 1462 1146 quem
1497 1051 1632 1125 codices
1663 1056 1769 1127 nostri
1802 1075 2011 1149 repraesen-

648 1171 718 1235 tant
742 1164 842 1237 valde
870 1166 1057 1257 diversum,
1084 1176 1118 1237 et
1144 1166 1277 1260 dequo
1306 1167 1368 1238 erit
1393 1164 1480 1238 infra
1506 1166 1635 1240 dicendi
1661 1168 1763 1243 locus.

378 1293 444 1355 outa
474 1297 636 1351 vetustarum
749 1281 840 1352 XXI.
893 1278 932 1353 Si
957 1281 1033 1375 quid
1058 1287 1092 1352 in
1117 1303 1157 1354 ro
1183 1281 1419 1355 obscurissima
1453 1283 1634 1374 conjectari
1667 1307 1859 1380 possumus,
1890 1291 2007 1384 paucis

328 1379 613 1450 ‘¹⁰5¹'i'1'¹¹⁶³¹'⁸¹¹⁶¹¹¹¹¹·
646 1395 725 1469 illud
752 1392 999 1493 explicabimus.
1052 1396 1205 1473 celebris
1232 1419 1366 1493 semper
1392 1397 1480 1494 apud
1504 1398 1677 1472 Jacobitas
1692 1400 1920 1476 Antiochense
1933 1403 2006 1497 fuit,

645 1524 681 1585 ut
707 1516 805 1585 etiam
830 1515 864 1584 in
889 1523 957 1585 tota
983 1512 1137 1588 Ecclesia
1163 1515 1282 1608 Ignatii
1297 1512 1457 1612 Martyris
1470 1519 1648 1588 memoria:
1675 1515 1892 1590 celeberrima
1906 1518 2009 1613 longe

645 1633 680 1701 in
713 1650 754 1702 ea
785 1631 859 1723 ipsa
894 1650 991 1723 quam
1023 1632 1123 1704 vivus
1158 1640 1303 1703 rexerat.
1355 1631 1394 1704 In
1426 1630 1616 1705 solennibus
1649 1631 1712 1704 illis
1746 1631 1841 1708 iestis
1873 1648 2007 1732 praeter

646 1766 837 1819 communes
873 1748 1061 1836 orationes,
1096 1751 1130 1818 in
1166 1745 1282 1843 quibus
1309 1746 1352 1818 de
1377 1744 1527 1820 laudibus
1554 1757 1743 1821 sanctorum
1776 1749 2007 1825 inserebantur

644 1863 764 1950 multa,
790 1861 947 1954 Liturgiis
972 1853 1131 1935 nonn'ulla
1157 1862 1255 1954 adjici
1281 1860 1448 1953 solebant,
1477 1861 1542 1935 alio
1570 1872 1681 1936 tamen
1706 1885 1801 1937 more
1829 1890 1926 1962 quam
1949 1870 2004 1963 qui

643 1983 677 2050 in
704 1978 885 2052 Occidente
911 1980 1027 2070 viguit
1079 1974 1311 2052 Vetustissima
1338 1982 1460 2074 quippe
1486 1978 1689 2056 consuetudo
1715 1979 1776 2052 fuit
1800 1985 1835 2052 in
1850 1981 2004 2074 Gothico,

643 2093 872 2184 illosarabico,
898 2097 1007 2168 veteri
1034 2092 1220 2182 Gallicana,
1249 2103 1283 2166 et
1308 2095 1380 2166 aliis
1405 2092 1586 2185 Ecclesiis,
1611 2105 1648 2167 ut
1674 2119 1749 2167 cum
1775 2099 2004 2170 anniversaria

644 2211 715 2286 dics
741 2221 930 2285 sanctorum
957 2208 1204 2300 celebrabatur,
1230 2209 1356 2283 Missae
1382 2212 1537 2305 propriae
1563 2212 1831 2303 assignarentur,
1864 2215 1898 2283 in
1925 2217 2004 2309 qui-

643 2325 706 2399 bus
732 2346 800 2398 uon
825 2327 942 2416 modo,
968 2337 1005 2399 ut
1028 2331 1062 2398 in
1087 2349 1150 2398 usu
1176 2324 1349 2422 hodierno,
1375 2337 1445 2398 tres
1471 2330 1641 2398 orationes
1668 2336 1782 2400 essent
1800 2327 1917 2422 quibus
1943 2334 2002 2402 in-

644 2453 836 2516 sererentur
860 2441 990 2515 illorum
1025 2447 1177 2534 nomina,
1219 2443 1279 2516 sed
1310 2441 1541 2516 Praefationes
1582 2452 1673 2514 totae
1697 2466 1804 2540 prope
1836 2456 1930 2517 erant
1964 2444 2006 2518 de
2112 2432 2116 2441 ’

642 2559 771 2631 illorum
797 2557 968 2648 laudibus,
995 2569 1029 2631 et
1053 2563 1230 2656 praecipua
1257 2559 1386 2632 illorum
1413 2570 1509 2652 gesta
1536 2561 1577 2631 iis
1603 2559 1751 2652 breviter
1778 2551 2004 2656 expoueban-

642 2683 704 2746 tur.
757 2673 847 2747 ldern
873 2678 907 2746 in
934 2673 1070 2748 Oriente
1095 2674 1218 2748 lactum
1243 2675 1363 2764 trisse,
1392 2697 1438 2747 ex
1465 2696 1529 2771 quo
1556 2673 1709 2748 Ecclesia
1735 2699 1796 2772 per
1821 2677 2003 2749 Nestoria-

642 2811 705 2862 nos
733 2799 767 2862 et
790 2791 963 2866 Jacobitas
987 2794 1097 2865 scissa
1124 2799 1195 2880 cst,
1221 2813 1288 2864 non
1314 2789 1529 2864 observatur:
1557 2787 1617 2862 sed
1643 2788 1685 2859 od
1711 2793 1871 2883 maiorem
1904 2792 2002 2864 celc-

642 2907 794 2979 britatem
826 2909 997 3002 Liturgiae
1032 2906 1218 3000 singulares
1249 2906 1512 2995 destinabantur,
1546 2904 1635 3000 quod
1661 2928 1681 2976 a
1709 2905 1918 2980 Nestorianis
1943 2906 2002 2979 l-

643 3033 729 3094 cturn
755 3024 917 3097 uidemus.
970 3023 1020 3096 Illi
1048 3025 1134 3095 enim
1167 3046 1209 3095 eo
1241 3022 1295 3094 die
1327 3045 1392 3117 quo
1418 3017 1782 3108 Patrum‘Graeoqrum
1809 3026 2002 3096 memoriam

642 3149 764 3232 agunt,
789 3148 920 3212 utuntur
945 3138 1096 3233 Liturgia
1123 3161 1219 3234 quarn
1246 3149 1370 3210 vocant
1395 3137 1575 3211 Nestoriiz'
1595 3139 1754 3229 singulari
1788 3138 1934 3229 scilicet,
1968 3149 2002 3212 et

642 3279 728 3351 quae
754 3256 841 3353 apud
866 3257 942 3330 illos
968 3255 1067 3328 talem
1093 3255 1217 3328 titulum
1245 3253 1402 3343 obtinuit,
1437 3252 1525 3348 quod
1549 3253 1679 3326 ultimus
1705 3256 1839 3326 Petrum
1872 3254 2003 3330 illorum

642 3395 775 3446 suorum
808 3370 1014 3446 Graecorum
1046 3370 1134 3445 foret
1159 3371 1344 3444 Nestorius.
1397 3371 1446 3442 lta
1478 3369 1623 3441 lortasse
1648 3393 1770 3443 nomen
1796 3375 1927 3468 occepit
1961 3395 2002 3444 ea

641 3511 739 3584 quam
763 3489 947 3586 Aethiopes
972 3487 1094 3561 habent
1119 3491 1253 3561 nomine
1278 3488 1412 3560 Patrum
1438 3484 1677 3573 Nicaenorum,
1710 3490 1796 3582 quia¹
1812 3491 1846 3558 in
1871 3485 2001 3559 illorum

641 3604 694 3676 die
719 3605 807 3679 lesto
835 3604 1084 3678 celebrabatur:
1109 3627 1187 3677 nam
1212 3603 1287 3677 illos
1313 3603 1495 3696 Liturgiam
1517 3605 1705 3697 scripsisse,
1731 3623 1829 3674 nemo
1855 3625 2000 3698 unquam

640 3724 850 3794 existimavit.
903 3721 1097 3814 Singulares
1132 3724 1233 3813 igitur
1258 3719 1332 3794 illas
1359 3721 1532 3809 Dioscori,
1566 3718 1704 3808 Severi,
1738 3717 1931 3806 Philoxeni,
1966 3726 2001 3789 et

641 3839 791 3910 similium
818 3836 933 3910 diebus
959 3837 1053 3912 lestis
1086 3835 1288 3924 celebratas,
1321 3838 1403 3930 ipsis
1436 3846 1589 3929 tanquam
1621 3832 1789 3906 autoribus
1822 3831 1999 3905 attribuere

641 3955 869 4050 postmodum,
895 3954 1047 4050 proclivo
1071 3952 1133 4025 fuit
1159 3952 1245 4050 apud
1269 3952 1419 4024 homines
1444 3950 1633 4041 illiterat0S,
1661 3958 1695 4019 et
1723 3944 1867 4021 Criticao
1893 3953 1999 4023 omnis
2065 4003 2067 4008 ,

642 4079 809 4164 expertes.
870 4070 988 4168 Neque
1035 4071 1077 4142 de
1116 4070 1181 4142 hoc
1227 4077 1421 4161 argumento
1460 4064 1670 4140 verisimilius
1710 4063 1884 4161 quidquam
1933 4089 2000 4138 och

641 4191 752 4258 currit.
998 4229 1004 4236 a

371 4308 410 4362 ue
427 4309 476 4363 run
495 4325 561 4383 quae
581 4325 626 4364 re-
742 4303 848 4376 XXH.
875 4304 1037 4400 Reliquae
1062 4303 1232 4396 Liturgiae
1253 4309 1388 4372 autores
1403 4296 1524 4369 habent
1539 4297 1655 4393 procul
1673 4295 1793 4388 dubio,
1818 4297 1893 4371 illos
1909 4323 2000 4395 quo·

319 4395 475 4450 cautioribus
495 4396 627 4452 autoribus

319 4481 470 4538 „quum
638 4443 711 4494 rum
735 4421 921 4496 nominibus
948 4420 1170 4514 designantur.
1222 4417 1309 4488 Nam
1333 4413 1496 4487 iacobum
1521 4413 1746 4506 Edessenum,
1773 4413 1909 4486 alterum
1932 4439 1999 4488 co-

638 4542 795 4633 gnomine
821 4536 1068 4631 Serugensem,
1093 4535 1238 4631 Moysen
1264 4528 1453 4625 Barcepha:
1481 4539 1515 4601 et
1541 4529 1624 4602 alios
1639 4533 1843 4604 recentiores
1866 4552 1999 4605 suarum

638 4666 773 4729 autores
799 4654 923 4746 fuisse,
948 4676 1014 4726 non
1043 4662 1094 4726 est
1119 4674 1178 4724 cur
1204 4649 1397 4723 dubitemus.
1450 4645 1656 4720 Jacobiticae
1683 4651 1803 4744 quippe
1825 4647 1999 4721 Ecclesiae

578 4813 580 4816 ·
638 4795 680 4845 ea
708 4770 879 4868 disciplina
904 4770 982 4859 fuit,
1009 4781 1044 4841 ut
1069 4767 1228 4864 Episcopi
1255 4787 1415 4841 summam
1441 4766 1474 4837 in
1502 4768 1607 4840 sacris
1628 4764 1749 4836 Officiis
1776 4764 2000 4861 disponendis,

636 4887 857 4985 precibusque
883 4883 1071 4958 ordinandis
1098 4883 1258 4957 haberent
1284 4883 1508 4972 autoritatem3
1544 4903 1628 4976 quae
1656 4883 1752 4952 etiarn
1780 4883 1865 4952 inter
1890 4878 2000 4976 Syros

637 5006 744 5096 major
771 5005 923 5096 omnino,
949 5025 1045 5098 quarn
1072 5003 1159 5073 inter
1183 5000 1373 5095 Aegyptios
1399 4995 1468 5069 fuit.
1497 4995 1627 5092 Quippe
1652 4995 1899 5072 Alexandrinus
1925 4994 1999 5066 Pa-
