4784 6040
713 508 789 614 3⁷4
1216 507 1577 588 annuncia

681 695 809 782 'ctati,
838 693 986 790 praedae
1002 697 1151 789 expositi
1168 705 1202 766 et
1227 696 1494 789 persecutionem
1522 695 1615 789 passi
1641 713 1753 764 sumus
1779 714 1842 788 pro
1869 695 2004 766 nomine
2031 704 2087 768 tuo

711 821 848 898 sanct03
875 812 929 904 qui
956 807 1105 903 colaphis
1132 812 1225 881 caesi
1251 830 1364 880 sumus
1380 829 1400 879 a
1417 807 1572 900 gentibus
1599 807 1729 896 ahenis,
1754 829 1818 902 pro
1833 808 1899 880 fide
1916 819 1972 884 tua
1991 829 2086 880 vcra.

595 935 599 944 ‘
712 923 986 1019 Quandoquidem
1013 932 1046 994 te
1071 945 1139 997 nou
1166 924 1426 1017 abnegavimus,
1451 945 1496 994 ne
1522 921 1673 1015 abneges
1699 943 1781 996 uos:
1813 927 1868 1020 qui
1902 946 1971 997 nou
1995 945 2087 995 con-

709 1045 904 1137 tempsimus
932 1037 1189 1111 humiliationem
1217 1049 1327 1127 tuam,
1352 1060 1397 1110 ne
1422 1059 1485 1133 per
1511 1047 1711 1112 contemtum
1735 1041 1907 1134 privemm
1925 1042 2087 1112 convivio

709 1166 777 1229 tuo.
830 1157 897 1227 Pro
924 1154 975 1228 his
1003 1165 1036 1226 et
1063 1153 1227 1248 ejusmodi
1253 1153 1355 1227 rebus
1379 1152 1536 1227 Ecclesia
1562 1164 1617 1226 tua
1645 1163 1679 1227 et
1705 1177 1794 1248 grex
1820 1165 1894 1228 tuus
1913 1155 2086 1252 depreca-

709 1280 763 1344 tur
789 1281 823 1343 te
856 1282 890 1342 et
915 1292 978 1364 per
1003 1279 1037 1340 te
1064 1280 1097 1342 et
1124 1278 1233 1342 tecum
1260 1270 1395 1342 Patrem
1421 1280 1528 1354 tuum,
1553 1269 1679 1342 dicens.
1731 1271 1897 1344 Miserere
1915 1274 1993 1361 mei,
2022 1280 2086 1344 eto.

813 1386 999 1458 Sacerdos.
1052 1383 1126 1457 Nos
1153 1407 1296 1480 quoque.
1394 1365 1401 1378 ’
1505 1383 1666 1476 Populus.
1719 1384 1771 1457 Te
1797 1384 2032 1476 glorificamus.

814 1501 1002 1572 Diaconos.
1058 1502 1165 1587 Quam
1193 1500 1336 1572 timenda
1363 1507 1415 1572 est
1440 1496 1525 1570 haec
1551 1497 1643 1572 hora.

742 1791 918 1863 Sacerdos
944 1791 1127 1861 inclinatas
1153 1793 1239 1862 dicit
1266 1789 1464 1862 Orationem
1490 1790 1725 1861 invocationis
1749 1787 1903 1883 Spiritus
1928 1796 2051 1862 sancti.
2115 1796 2124 1808 '

815 1980 960 2052 Domine
995 1980 1098 2051 Pater
1130 1983 1293 2052 miserere
1327 1980 1453 2068 nostri,
1494 1988 1528 2050 et
1559 1981 1652 2050 mitte
1684 1982 1825 2078 gratiam
1862 1979 2004 2076 Spiritus
2040 1984 2085 2052 tui

709 2099 816 2169 sancti
844 2098 898 2189 qui
927 2095 1101 2167 vivificans
1128 2106 1198 2183 est,
1226 2093 1350 2189 tibique
1377 2092 1686 2182 consubstantiahs3
1718 2098 1773 2188 qui
1805 2115 1867 2189 per
1897 2093 2084 2189 Prophetas

708 2211 839 2285 locutus
877 2219 943 2298 est,
985 2214 1040 2304 qui
1072 2208 1248 2304 Apostolis
1280 2212 1493 2305 sapientiam,
1531 2211 1587 2302 qui
1621 2209 1823 2303 martyribus
1860 2209 2083 2282 fortitudinem

708 2328 903 2422 inspiravit,
929 2330 1003 2421 ipse
1029 2329 1145 2396 veniat
1171 2335 1204 2397 et
1230 2327 1420 2419 requiescat
1447 2322 1658 2419 superhaec
1684 2327 1844 2418 mysteria
1871 2337 1905 2397 et
1931 2327 2085 2400 sanctifi-

709 2449 765 2512 cet
790 2440 866 2527 illa,
893 2449 928 2510 et
953 2460 1016 2512 nos
1044 2461 1105 2512 sua
1132 2444 1307 2514 sanctitate
1332 2438 1471 2534 repleat
1523 2437 1656 2510 Exaudi
1683 2460 1753 2528 me,
1780 2452 1843 2512 etc.

815 2554 978 2648 Populus.
1030 2554 1137 2651 liprie
1164 2556 1302 2629 eleison.
1354 2553 1461 2651 llyrie
1487 2554 1625 2628 eleison.
1678 2553 1784 2650 llyrie
1811 2555 1948 2628 eleison.

815 2669 1000 2740 Sacerdos.
1054 2669 1099 2741 Ut
1132 2670 1316 2744 adveniens
1350 2679 1384 2741 et
1416 2673 1651 2764 requiescens,
1684 2669 1803 2742 adiciat
1835 2691 1954 2766 panem
1986 2668 2083 2759 hunc,

707 2789 815 2880 ipsum
843 2806 967 2880 corpus
994 2783 1117 2858 Christi
1142 2785 1208 2857 Dei
1233 2789 1349 2859 nostri.

814 2901 975 2992 Populus.
1027 2901 1148 2973 Amen.

812 3014 998 3087 Sacerdos.
1051 3014 1097 3087 Et
1123 3016 1262 3088 calicem
1288 3014 1391 3103 huna,
1420 3014 1579 3087 exhibeat
1603 3019 1711 3111 ipsum
1738 3017 1934 3107 sauguinem
1962 3015 2086 3091 Christi

709 3131 773 3202 Dei
800 3135 916 3203 nostri.

813 3246 976 3339 Populea.
1030 3248 1150 3319 Amen.

814 3359 999 3433 Sacerdos.
1060 3361 1105 3433 Ut
1139 3365 1312 3434 commista
1353 3371 1387 3432 et
1419 3363 1509 3431 unita
1552 3359 1725 3433 animabus
1758 3369 1793 3431 et
1832 3352 1847 3393 ⁰
1887 3360 2084 3452 corporibus

708 3480 847 3564 nostris,
874 3479 939 3549 sint
963 3475 1062 3551 nohis
1089 3476 1308 3564 adveniam,
1342 3486 1377 3548 et
1406 3497 1473 3548 non
1501 3476 1544 3547 ad
1570 3479 1836 3565 accusationem3
1870 3475 1912 3547 ad
1938 3478 2084 3549 muudu-

709 3594 850 3679 tionem,
884 3600 919 3663 et
944 3613 1010 3664 non
1037 3591 1080 3664 ad
1106 3592 1436 3679 condemnationem,
1473 3591 1514 3662 ad
1545 3591 1697 3663 fiduciam
1728 3589 1934 3666 consistendi
1967 3615 2083 3666 coram

709 3705 830 3778 throno
857 3707 995 3780 terribili
1022 3709 1205 3798 majestatis
1232 3717 1322 3798 tuae,
1348 3719 1382 3780 et
1408 3729 1474 3779 non
1502 3707 1545 3779 ad
1571 3706 1819 3797 confusionem
1855 3713 1922 3782 imo
1950 3708 1994 3782 ad
2019 3731 2083 3780 re-

709 3821 913 3893 velationem
953 3822 1065 3894 vultus
1097 3844 1212 3895 coram
1246 3823 1391 3896 timenda
1423 3827 1601 3916 majestate
1640 3834 1715 3913 tua,
1757 3828 1831 3920 quia
1868 3845 2013 3897 veraces
2050 3833 2083 3895 et

710 3935 825 4009 hdeles
853 3947 929 4009 suut
944 3941 1185 4032 promissiones
1206 3949 1296 4031 tuae,
1313 3939 1427 4032 Pater,
1453 3937 1528 4032 Fili,
1554 3949 1588 4010 ct
1601 3939 1744 4034 Spiritus
1763 3951 1879 4013 sancte
1898 3963 1998 4030 nunc,
2020 3949 2082 4012 etc.
2124 3954 2128 3962 '

813 4052 977 4144 Populus.
1029 4055 1149 4126 Amen.

812 4165 989 4238 Sacerdos
1014 4169 1207 4241 inclinatus.
1258 4169 1335 4242 Hoc
1367 4170 1565 4242 sacrificium
1599 4169 1766 4244 oderimus
1800 4171 1876 4259 tibi,
1910 4193 1973 4267 pru
2006 4173 2084 4242 uni-

710 4302 813 4353 versa
846 4281 1001 4356 Ecclesia
1037 4282 1252 4373 orthodoxa,
1285 4307 1347 4381 pro
1381 4285 1583 4359 Patriarchis
1615 4290 1757 4378 nostris,
1795 4307 1858 4382 pro
1891 4285 2083 4382 Episcopis,

709 4419 771 4492 pru
799 4397 1057 4487 Sacerdotibus,
1093 4423 1156 4496 pro
1183 4400 1360 4490 Diaconis,
1393 4423 1456 4498 pro
1482 4401 1678 4492 Monachis,
1705 4425 1767 4499 pro
1794 4401 1992 4494 Religiosis,
2019 4423 2082 4498 pro

707 4511 879 4585 Fidelibus
906 4517 1010 4603 veris,
1037 4537 1101 4611 pro
1127 4516 1253 4588 vilitate
1278 4519 1345 4590 mei
1370 4521 1581 4613 peccatoris,
1608 4528 1643 4589 et
1669 4540 1731 4615 pro
1759 4515 1997 4590 insanabdibus
2025 4521 2082 4589 in-

707 4626 914 4702 firmitatibus
941 4635 1037 4721 meis,
1064 4641 1099 4704 ut
1125 4653 1224 4704 cures
1251 4655 1311 4706 eas
1337 4655 1400 4730 per
1416 4632 1580 4708 medelam
1596 4645 1687 4706 mam
1714 4632 1977 4724 saluberrimam,
2004 4635 2082 4707 Do-

709 4746 798 4816 mine
824 4749 1028 4834 misericors,
1056 4746 1145 4818 bone
1173 4759 1207 4819 et
1232 4747 1442 4840 longanimis.

812 4861 963 4934 blerana
988 4884 1113 4934 coeam.
1167 4862 1212 4936 Ut
1242 4886 1306 4959 per
1337 4865 1393 4937 illa
1428 4864 1628 4954 extollatur,
1661 4875 1694 4936 ct
1727 4863 1901 4960 triumphet
1926 4864 2082 4938 Ecclesia
2347 4947 2348 4950 Ἴ

707 4971 792 5046 haec
820 4988 935 5050 sancta
972 4989 1006 5050 et
1037 4979 1212 5074 praeclara
1246 4991 1318 5071 tua,
1354 5004 1441 5077 quae
1473 4981 1622 5054 extendit
1657 4983 1798 5054 tenmria
1824 5002 1887 5053 sua
1914 5004 1935 5053 a
1961 4980 2079 5056 linibus
