4804 6026
724 617 773 692 10
1100 615 1277 694 enno
1330 597 1707 694 edunuu1s

823 805 1012 878 Diaconos.
1063 801 1164 877 Abite
1189 805 1224 875 iu
1250 825 1337 898 pace
1368 803 1555 894 auditores,
1591 803 1681 876 abite
1714 803 1882 878 auditores
1917 806 1952 878 in
1985 829 2088 902 pace:

721 921 871 994 accedite
896 923 1057 1017 Baptisati
1086 920 1129 992 ad
1154 941 1293 1014 paeem3
1319 917 1411 992 fores
1438 919 1590 993 claudite.

823 1037 1008 1111 Sacerdos.
1064 1036 1226 1108 Dominus
1260 1039 1418 1127 regnavit
1448 1037 1607 1109 decorem
1641 1033 1766 1108 induit:
1806 1035 1960 1112 Alleluia.
2011 1037 2089 1132 Ego
2169 1127 2171 1131 .

581 1227 585 1238 ,
720 1177 791 1230 sum
818 1157 913 1250 panis
939 1156 1047 1242 vitae,
1074 1153 1153 1224 dicit
1167 1152 1346 1224 -Domiuus
1380 1162 1510 1242 noster,
1544 1155 1600 1248 qui
1633 1174 1679 1223 ex
1710 1151 1777 1224 alto
1811 1155 1845 1224 in
1877 1153 1988 1226 infima
2023 1155 2090 1228 de-

720 1270 855 1358 scendi,
890 1279 926 1340 ut
958 1292 1020 1364 per
1052 1291 1106 1341 me
1132 1266 1272 1340 mundus
1307 1268 1418 1340 vivat:
1458 1270 1547 1340 misit
1582 1290 1635 1338 me
1668 1267 1768 1340 Pater
1797 1267 1948 1341 Verbum
1981 1271 2091 1342 carnis

720 1405 865 1478 expers,
892 1394 926 1456 et
951 1388 1036 1458 sicut
1062 1382 1210 1477 agricola
1238 1386 1416 1455 seminavit
1439 1406 1495 1456 me
1521 1381 1678 1473 Gabriel,
1705 1389 1919 1480 suscepitque
1937 1408 1993 1457 me
2009 1394 2090 1457 ute-

719 1523 777 1572 rus
805 1499 954 1589 Mariae,
981 1499 1074 1574 velut
1098 1511 1188 1572 terra
1214 1497 1326 1587 bona,
1351 1506 1386 1569 et
1411 1521 1493 1570 ecee
1518 1497 1629 1571 ferunt
1653 1522 1708 1570 me
1739 1499 1890 1572 manibus
1923 1504 1992 1574 suis
2018 1501 2091 1574 Sa-

720 1616 876 1689 cerdotes
903 1638 1004 1712 super
1031 1616 1156 1688 altaria.
1208 1614 1361 1690 Alleluia.
1415 1613 1556 1711 Suscipe
1582 1614 1786 1688 oblationem
1811 1627 1970 1688 nostram.

823 1733 1011 1806 Wacoaae.
1062 1733 1169 1806 Induit
1193 1731 1356 1804 Dominus
1383 1729 1608 1803 fortitudinem
1634 1740 1669 1802 et
1695 1734 1883 1827 praecinxit
1902 1753 1941 1804 se
1955 1737 2090 1824 virtute,

721 1859 755 1922 et
780 1850 925 1922 iirmavit
950 1848 1066 1922 orbem
1091 1859 1202 1921 terrae
1227 1859 1356 1921 utnon
1382 1857 1643 1920 commoveatur.
1695 1849 1850 1921 Alleluia.
1890 1847 2008 1922 Filium
2035 1854 2091 1946 qui

719 1965 801 2038 facit
825 1965 997 2038 Ministros
1025 1967 1112 2058 ignis
1140 1975 1174 2037 et
1200 1963 1363 2060 Spiritus,
1390 1966 1446 2058 qui
1463 1963 1617 2035 alimenta
1640 1985 1708 2034 non
1726 1963 1875 2057 indigent
1898 1976 1932 2037 et
1949 1976 2090 2039 mortem

719 2104 788 2154 non
814 2091 968 2173 gustant,
995 2083 1051 2176 qui
1077 2081 1178 2152 edunt
1202 2085 1334 2172 ignem,
1361 2087 1396 2149 et
1421 2078 1587 2152 carbones
1613 2077 1746 2168 bibunt,
1781 2081 1992 2175 Dominoque
2027 2103 2089 2155 suo

718 2201 753 2271 in
778 2201 900 2270 timore
926 2201 1100 2285 serviunt,
1127 2207 1161 2268 et
1186 2195 1327 2269 offerunt
1353 2197 1456 2266 trinas
1490 2195 1772 2269 sanctificationes
1804 2199 1911 2286 trino,
1943 2193 2089 2268 benedi-

720 2335 835 2386 camus
861 2321 895 2385 et
923 2314 1116 2402 adoremus,
1149 2315 1225 2408 quia
1255 2332 1318 2384 nos
1344 2309 1408 2382 illis
1434 2329 1534 2406 pares
1568 2309 1687 2383 effecit.
1738 2310 1895 2385 Alleluia.
1947 2311 2090 2409 Suscipe

720 2429 920 2503 oblationem
947 2439 1107 2502 nostram.

822 2545 1008 2616 Sacerdos.
1059 2544 1204 2617 Domum
1230 2553 1318 2616 mam
1346 2543 1443 2614 decet
1468 2543 1652 2618 sanctitudo
1678 2543 1841 2636 Domine,
1873 2546 1907 2616 in
1938 2544 2089 2638 longitu-

720 2661 828 2734 diuem
855 2661 991 2732 diemm.
1045 2659 1161 2734 Gloria
1186 2660 1279 2732 Patri
1306 2669 1339 2731 et
1364 2659 1470 2748 Filio,
1497 2668 1532 2730 et
1556 2659 1692 2756 Spiritui
1719 2671 1847 2733 sancto.

824 2777 1012 2850 macanos.
1064 2779 1228 2851 Dominus
1253 2778 1417 2870 regnavit.

823 2893 1008 2965 Sacerdos.
1074 2891 1243 2965 Memento
1284 2893 1428 2965 Domine
1467 2890 1718 2980 defunctum,
1759 2901 1794 2962 et
1833 2894 1983 2987 requiem
2025 2895 2089 2968 illis

721 3020 875 3106 praesta,
903 3013 959 3105 qui
983 3019 1017 3081 te
1043 3011 1078 3080 iu
1103 3009 1306 3104 baptismate
1332 3006 1523 3098 induenmt‚
1557 3017 1590 3080 et
1625 3017 1659 3078 te
1685 3030 1732 3078 ex
1758 3007 1854 3080 altari
1880 3019 2089 3104 acceperunt

825 3125 1013 3197 Πὶαοοηασ.
1066 3124 1117 3198 llli
1144 3127 1199 3220 qui
1225 3123 1440 3197 comedemnt
1464 3143 1587 3219 corpus
1613 3133 1703 3195 tuum
1729 3133 1894 3216 sanonum,
1927 3135 1962 3196 et
1986 3125 2090 3199 bibe-

721 3251 798 3314 runt
823 3243 1019 3334 sanguinem
1044 3249 1134 3314 tuum
1146 3293 1158 3330 ‚
1185 3240 1323 3312 calicem
1349 3239 1488 3329 salutis,
1524 3261 1599 3311 eum
1629 3237 1800 3312 Abrabam
1825 3239 2021 3313 recumbant
2047 3242 2091 3315 ad

721 3379 871 3431 mensam
897 3368 1003 3430 mam:
1029 3368 1063 3430 et
1088 3379 1164 3430 cum
1189 3357 1254 3452 piis
1280 3359 1335 3452 qui
1361 3355 1547 3430 dilexerunt
1571 3365 1626 3447 te,
1653 3356 1832 3428 clamemus
1858 3355 1917 3429 tibi
1935 3357 2089 3450 gloriam,

721 3474 875 3546 Domine.
926 3474 1079 3548 Alleluia.
1129 3473 1185 3545 Da
1210 3473 1308 3546 nobis
1335 3483 1370 3545 et
1393 3474 1458 3545 illis
1481 3475 1626 3547 veniam.
1775 3477 1778 3485 '

831 3591 913 3661 Tam
937 3594 1087 3663 recitant
1111 3588 1303 3684 Symbolum
1325 3589 1409 3682 fidei
1435 3594 1664 3662 trecentorum
1698 3589 1814 3659 meon
1839 3593 1875 3658 et
1900 3593 1980 3660 octo
2006 3589 2088 3660 Pa-

723 3714 810 3778 tram
835 3707 1079 3778 Nicaeaoram.
1776 3767 1780 3770 .

828 3822 1003 3895 Credimus
1030 3826 1064 3894 in
1089 3843 1188 3894 unum
1214 3823 1322 3895 Deum
1348 3820 1482 3894 Patrem
1508 3825 1766 3916 omnipotentem
1792 3829 1981 3893 creatorem
2004 3819 2093 3893 coeli

724 3949 759 4012 et
784 3948 907 4027 terrae,
933 3937 1112 4011 visibilium
1139 3941 1283 4011 onmium
1316 3947 1350 4009 et
1381 3937 1602 4010 invisibilium.
1654 3936 1699 4008 Et
1730 3937 1765 4007 in
1789 3957 1890 4008 unum
1915 3937 2093 4009 Dominum

723 4055 839 4127 tesum
865 4051 1044 4143 Christum,
1070 4053 1189 4126 Filium
1215 4055 1281 4126 Dei
1306 4056 1522 4147 unigenitum,
1548 4063 1659 4125 natum
1686 4073 1733 4122 ex
1750 4051 1850 4124 Patre
1877 4062 1953 4124 ante
1982 4053 2092 4124 omnia

725 4168 869 4243 saecula.
895 4169 1024 4243 Lumen
1050 4168 1092 4240 de
1118 4169 1269 4260 Lumine,
1295 4171 1402 4242 Deum
1428 4193 1546 4243 verum
1573 4168 1616 4241 de
1640 4169 1715 4241 Deo
1736 4189 1836 4258 vero,
1861 4171 2008 4260 genitum
2024 4189 2093 4239 non

420 4277 744 4362 *arduennam*
768 4285 910 4373 iactum,
943 4284 1257 4360 consubstantialem
1281 4287 1392 4376 Patri,
1424 4307 1486 4381 per
1512 4307 1609 4382 quem
1636 4286 1748 4356 omnia
1772 4280 1863 4356 facta
1890 4293 1973 4358 sunt
2027 4281 2093 4369 Qui

722 4409 862 4499 propter
887 4424 950 4475 nos
975 4403 1127 4478 homines
1154 4413 1187 4475 et
1212 4412 1349 4499 propter
1373 4413 1522 4476 nostram
1548 4401 1688 4476 salutem
1704 4399 1876 4472 descendit
1898 4397 1941 4470 de
1967 4399 2091 4470 coelis:

724 4528 758 4590 et
784 4522 973 4594 incarnatus
1000 4530 1053 4593 est
1079 4517 1121 4592 de
1147 4519 1271 4615 Spiritu
1297 4529 1434 4610 saneto,
1469 4527 1504 4590 et
1538 4541 1585 4590 ex
1614 4515 1726 4588 Maria
1750 4518 1902 4608 virgine,
1933 4525 1967 4587 et
1991 4513 2091 4585 bomo

722 4631 831 4707 factus
858 4645 920 4724 est,
947 4639 1032 4710 sicut
1056 4659 1130 4710 nos.
1158 4636 1346 4710 Crucifixus
1372 4644 1425 4708 est
1454 4637 1554 4707 etiam
1579 4657 1641 4730 pro
1668 4631 1765 4705 nobis
1792 4631 1853 4704 sub
1881 4631 2001 4703 Pontio
2027 4630 2091 4701 Pi-

722 4747 805 4842 lato,
830 4773 963 4846 passus,
988 4761 1137 4826 mortuus
1163 4760 1198 4823 et
1223 4751 1371 4846 sepultus
1405 4761 1472 4828 est:
1505 4754 1602 4823 tertia
1637 4748 1692 4820 die
1722 4751 1909 4821 resurrexit
1941 4769 1961 4818 a
1992 4767 2090 4819 mor-

722 4869 801 4957 tuis,
828 4871 912 4940 sicut
937 4871 1093 4965 scriptum
1120 4878 1183 4961 est,
1210 4878 1245 4940 et
1270 4867 1418 4941 ascendit
1442 4871 1478 4940 in
1491 4866 1634 4957 coelum,
1660 4864 1821 4961 sedetque
1849 4863 1892 4936 ad
1918 4863 2092 4936 dexteram

723 4981 832 5056 Patris
859 4986 919 5058 sui.
945 4983 990 5056 Et
1015 4987 1132 5058 iterum
1157 4993 1318 5058 venturus
1351 4994 1404 5058 est
1437 4981 1608 5078 ingloria
1634 5003 1714 5073 sua,
1745 4979 1897 5073 iudicare
1929 4981 2030 5053 vivos
2057 4987 2092 5050 et

722 5110 885 5194 mortuos,
911 5103 1005 5194 cujus
1030 5105 1127 5194 regni
1152 5125 1221 5176 non
1246 5111 1299 5178 est
1318 5101 1404 5195 linis,
1430 5104 1524 5176 etin
1549 5122 1648 5173 unum
1664 5098 1823 5198 Spiritum
1847 5105 1996 5175 sanctum
2008 5096 2089 5168 Do-

1627 5361 1640 5398 0
