4712 6032
668 551 746 630 204
1175 550 1534 628 LITURGIA

771 736 947 809 Sacerdos
972 735 1164 807 inclinatae.
1217 735 1361 809 Sanctus
1388 759 1427 810 es
1452 736 1546 809 Deus
1578 739 1680 811 Pater
1707 740 1933 835 omnipotens,
1959 742 2042 836 opi·

666 851 728 923 fex
754 859 789 922 et
815 861 949 926 creator
976 855 1082 924 omnis
1109 859 1284 922 creaturae
1317 850 1511 942 invisibilis,
1543 863 1578 925 et
1602 853 1764 943 vis1bilis,
1794 863 1893 949 atque
1927 858 2042 926 sensi-

666 966 755 1041 bilis.
808 967 952 1040 Sanctus
978 989 1028 1055 es,
1054 966 1147 1039 Deus
1175 969 1362 1059 unigenitus
1389 965 1511 1056 Filius,
1538 971 1644 1040 virtus
1671 979 1706 1039 et
1731 972 1894 1064 sapientia
1920 970 2043 1057 Patris,

667 1083 813 1155 Domine
840 1094 874 1155 et
900 1082 1060 1155 Salvator
1085 1091 1201 1156 noster
1230 1082 1313 1154 tesu
1347 1081 1488 1156 Christe.
1541 1082 1684 1156 Sanctus
1716 1107 1754 1158 es
1781 1086 1875 1158 Deus
1901 1083 2042 1178 Spiritus

669 1207 797 1286 sancte,
822 1197 992 1293 perfector
1019 1208 1052 1269 et
1079 1197 1304 1271 sanctificator
1329 1207 1529 1272 sanctorum.
1571 1198 1718 1272 Trinitas
1746 1211 1862 1272 sancta
1889 1209 1923 1271 et
1948 1199 2042 1272 indi-

667 1316 754 1400 visa,
782 1311 1091 1401 consubstantialis,
1131 1313 1347 1410 aequalisque
1382 1313 1529 1404 gloriae:
1565 1316 1660 1405 cujus
1692 1314 1923 1388 misericordia
1957 1337 2041 1406 erga

669 1451 777 1522 genus
803 1439 952 1501 nostrum
979 1426 1177 1501 effusissima
1204 1438 1265 1501 est.
1308 1428 1360 1499 Tu
1387 1439 1521 1502 sanctus
1549 1451 1587 1503 es
1614 1439 1649 1500 et
1676 1430 1887 1502 sanctificans
1914 1434 2041 1503 omnia:

559 1565 563 1574 ·
669 1546 724 1640 qui
750 1567 818 1616 nou
844 1543 1006 1638 reliquisti
1032 1542 1110 1614 illud
1143 1549 1251 1639 ipsum
1276 1566 1383 1636 genus
1417 1554 1567 1616 nostrum
1593 1547 1628 1615 in
1662 1544 1765 1617 exilio
1800 1568 1846 1616 ex
1871 1546 2042 1640 paradiso,

669 1683 745 1731 cum
771 1665 900 1732 interea
927 1662 1017 1732 omui
1043 1663 1172 1754 peccati
1198 1681 1327 1752 genere
1354 1670 1445 1732 esset
1477 1657 1686 1754 implicitum,
1717 1659 1782 1732 sed
1817 1659 1864 1731 illi
1895 1659 2042 1734 manile-

669 1785 774 1847 status
809 1798 846 1846 es
881 1797 944 1869 per
975 1775 1117 1846 verbum
1149 1773 1238 1870 quod
1271 1797 1386 1847 coram
1422 1774 1545 1846 mundo
1579 1785 1766 1866 egestatem
1800 1798 1937 1871 passum
1976 1787 2043 1850 est:
2078 1823 2080 1830 ›

668 1891 775 1986 ipsum
803 1912 888 1962 vero
916 1891 1043 1981 (genus
1069 1887 1264 1979 humanum)
1301 1894 1431 1987 accepit
1463 1889 1594 1980 (Deus)
1621 1888 1787 1980 Verbum,
1820 1895 1854 1964 in
1890 1890 2043 1965 omnibus

670 2007 737 2101 ipsi
764 2005 975 2094 assimilatus,
1004 2013 1149 2100 excepto
1184 2015 1346 2101 peccato,
1377 2014 1413 2076 ut
1443 2015 1679 2101 praeparatum
1712 2027 1787 2078 eum
1821 2007 1967 2078 efficeret
2002 2007 2044 2078 ad

668 2123 888 2207 sanctitatem,
915 2120 1176 2216 dispositumque
1203 2119 1245 2192 ad
1272 2122 1464 2192 convivium
1489 2119 1551 2190 boc
1578 2119 1757 2192 vivificum.

777 2235 928 2306 Eteonos
961 2256 1087 2307 cocant.
1149 2234 1213 2318 Qui
1248 2244 1448 2330 conceptus,
1490 2234 1653 2307 formatus
1690 2246 1723 2307 et
1764 2235 1989 2328 configuratus
2023 2259 2043 2308 a

669 2348 795 2443 Spiritu
821 2357 960 2436 sancto,
987 2360 1021 2421 et
1047 2371 1094 2420 ex
1127 2351 1290 2439 sanguine
1323 2352 1479 2440 virgineo
1511 2349 1662 2441 Virginis
1694 2360 1833 2421 sanctae
1866 2351 2043 2424 Genitricis

668 2464 734 2536 Dei
760 2464 906 2551 Mariae,
938 2476 1035 2536 natus
1069 2474 1122 2536 ost
1154 2463 1286 2558 quidem
1312 2462 1430 2552 homo,
1465 2487 1511 2534 ex
1538 2486 1683 2558 corpore
1711 2464 1859 2557 ejusdem
1892 2488 1976 2560 puro
2011 2475 2045 2536 et

670 2583 896 2670 sanctissimo,
922 2583 1078 2675 princeps
1105 2582 1209 2668 vitae,
1236 2582 1487 2675 suscipiensque
1514 2578 1717 2651 diuinitatem
1734 2582 1778 2662 jn
1804 2602 1924 2671 carne,
1954 2603 2043 2653 con-

670 2698 817 2766 servatis
848 2703 989 2767 naturae
1021 2695 1100 2786 lege
1133 2705 1167 2765 et
1200 2693 1479 2789 proprietatibus,
1514 2693 1575 2766 sed
1607 2694 1706 2766 modo
1742 2717 1841 2789 supra
1876 2707 2043 2786 naturam3

671 2813 870 2904 agnitusque
897 2819 949 2882 est
975 2812 1066 2883 Deus
1093 2813 1126 2880 ia
1153 2809 1296 2905 Spiritu,
1323 2818 1356 2880 et
1381 2809 1480 2881 bomo
1507 2813 1541 2881 ln
1567 2832 1680 2881 carne.
1732 2812 1845 2904 Atque
1872 2814 1906 2882 in
1932 2834 2043 2907 quam

669 2935 739 2995 tum
765 2934 839 2996 erat
863 2925 1013 3026 Verbum
1040 2937 1117 2998 ante
1151 2925 1303 3010 saecula,
1340 2948 1387 2996 ex
1419 2934 1453 2996 te
1486 2936 1522 2996 ut
1543 2924 1619 2997 Deo
1654 2924 1788 3017 dignum
1826 2938 1916 3018 erat,
1949 2937 2043 2998 uatus

670 3049 734 3127 est,
762 3049 796 3110 et
822 3039 997 3114 virtutibus
1025 3048 1123 3134 atque
1149 3038 1330 3127 miraculis,
1358 3038 1468 3134 qualia
1496 3040 1606 3134 opilici
1628 3043 1770 3112 omnium
1790 3039 2044 3129 conveniebant,

668 3153 772 3224 talem
799 3177 838 3226 se
866 3176 944 3227 esse
979 3165 1117 3228 testatus
1151 3164 1219 3227 est:
1252 3164 1320 3226 tum
1352 3157 1450 3227 etiam
1485 3155 1574 3249 quod
1609 3159 1817 3227 sanationem
1849 3154 2043 3244 absolutam,

671 3267 880 3364 salutemque
907 3269 1092 3365 perfectam
1118 3273 1277 3343 universo
1305 3274 1422 3362 generi
1449 3269 1591 3343 lrumano
1627 3269 1767 3362 largitus
1800 3281 1861 3344 est.
1915 3273 1952 3342 la
1981 3271 2044 3342 line

670 3395 780 3456 autem
808 3394 842 3456 et
868 3389 1153 3458 consummatione
1181 3385 1440 3481 dispensationis
1474 3407 1573 3473 suae,
1609 3395 1747 3480 propter
1782 3407 1865 3475 nos,
1901 3397 1935 3457 et
1968 3396 2043 3459 aute

669 3522 803 3572 crucem
826 3523 919 3572 suam
938 3500 1128 3588 salutarem,
1156 3506 1287 3596 accepit
1308 3522 1428 3595 panem
1449 3504 1480 3570 in
1505 3523 1621 3573 manus
1636 3523 1715 3572 suas
1731 3522 1832 3596 puras
1848 3511 1882 3572 et
1902 3511 2045 3590 sanctaS,

670 3625 705 3686 ot
732 3617 867 3710 aspexit
892 3615 935 3688 ad
962 3626 995 3687 te
1022 3616 1115 3687 Deus
1142 3616 1264 3703 Pater,
1290 3617 1418 3707 gratiae
1445 3636 1552 3707 agens
1579 3623 1600 3698 τ
1626 3615 1819 3705 benedixit,
1846 3624 1868 3700 †
1895 3617 2044 3690 sanctifi-

669 3733 772 3817 cavit,
799 3737 820 3813 †
846 3729 959 3823 fregit,
986 3730 1141 3824 deditque
1168 3730 1339 3826 discipulis
1366 3734 1435 3804 suis
1458 3730 1633 3826 Apostolis
1654 3737 1790 3817 sanctis,
1818 3733 1951 3805 dicens:
1979 3756 2044 3804 ac-

671 3848 772 3942 cipite
798 3855 833 3918 et
858 3845 1056 3918 manducate
1083 3868 1129 3916 ex
1155 3868 1208 3934 eo,
1237 3857 1271 3918 et
1297 3845 1458 3918 credite²
1485 3844 1574 3941 quod
1602 3833 1724 3942 corpus
1750 3871 1859 3919 meum
1887 3859 1949 3937 est,
1968 3847 2044 3919 illud

670 3965 777 4055 ipsum
807 3960 896 4056 quod
922 3983 984 4056 pro
1011 3958 1111 4032 vobis
1139 3971 1173 4032 et
1198 3983 1260 4056 pro
1286 3960 1395 4035 multis
1422 3961 1586 4054 frangitur
1611 3973 1647 4032 et
1672 3963 1779 4051 datur,
1806 3962 1849 4035 ad
1871 3968 2044 4061 expiatio·

670 4096 746 4145 nem
774 4075 980 4163 delictorum,
1007 4079 1238 4148 remissionem
1263 4087 1480 4172 peccatorum
1506 4086 1540 4149 et
1565 4079 1667 4148 vitam
1695 4090 1878 4152 aeternam.

774 4190 939 4283 Populus.
993 4192 1113 4263 Amen.

775 4303 958 4378 Sacerdos.
1012 4306 1142 4379 Eodem
1169 4316 1278 4378 autem
1304 4307 1404 4380 modo
1433 4317 1467 4379 et
1493 4329 1594 4402 super
1620 4307 1758 4380 calicem
1791 4331 1889 4402 mem
1916 4310 2047 4380 miscuit

670 4423 752 4490 vino
780 4430 815 4491 et
841 4443 947 4515 aqua,
982 4425 1110 4514 gratias
1138 4426 1208 4514 egit
1239 4430 1260 4505 †
1292 4419 1482 4512 benedixit,
1515 4431 1536 4506 †
1572 4423 1810 4511 sanctificavit,
1842 4432 1863 4507 †
1895 4434 1929 4495 et
1959 4423 2047 4496 dedit

669 4533 791 4608 iisdem
818 4533 988 4630 discipulis
1016 4539 1086 4610 suis
1123 4548 1159 4626 et
1181 4537 1355 4632 Apostolis
1390 4542 1533 4630 sanctis,
1570 4538 1703 4610 dicens:
1736 4541 1913 4634 Accipite,
1944 4536 2046 4610 bibite

672 4671 718 4719 ex
745 4672 788 4723 eo
815 4671 881 4723 vos
909 4672 1038 4740 omnes,
1067 4661 1100 4724 et
1126 4652 1254 4724 credite
1281 4655 1369 4748 quod
1394 4651 1448 4726 bic
1475 4663 1527 4728 est
1552 4658 1689 4746 sanguis
1714 4639 1816 4728 'meus
1843 4656 2047 4726 Testamenti

671 4763 780 4856 Novi,
808 4769 864 4860 qni
890 4789 952 4861 pro
979 4768 1078 4842 vobis
1106 4779 1140 4839 et
1165 4790 1227 4864 pro
1255 4767 1364 4842 multis
1392 4767 1565 4842 ellanditur
1591 4782 1625 4843 et
1652 4768 1764 4858 datar,
1798 4770 1839 4842 od
1874 4773 2045 4864 expiatio-

671 4899 748 4948 nem
778 4879 985 4970 delictorum,
1012 4887 1245 4958 remissionem
1271 4894 1494 4981 peccatorum,
1523 4897 1557 4958 et
1582 4889 1686 4958 vitam
1714 4897 1892 4960 aeternam.

776 4996 939 5088 Populus.
992 4999 1111 5070 Amen.
