4814 6060
795 527 826 603 S.
852 523 1069 603 DlOSGlllll
1101 525 1332 620 EPlSC'OPl,
1360 541 1410 602 oc.
1721 529 1792 602 501

426 713 608 804 majestatis
640 734 741 801 suae,
775 724 809 787 et
845 717 976 806 agmina
1012 713 1122 786 media
1154 713 1295 786 illustrat
1326 712 1428 786 radiis
1465 713 1671 788 substantiae
1699 739 1797 789 suae:

427 828 562 902 ordines
589 851 722 923 quoque
749 828 926 902 inferiores
953 829 1069 902 ditavit
1094 829 1216 900 lumine
1244 830 1422 902 divinitatis
1441 851 1535 918 suae,
1562 832 1655 922 quus
1683 833 1797 923 maje-

427 947 519 1017 statis
546 944 688 1036 gloriam
714 953 871 1017 enarrant
901 945 988 1017 coeli
1020 945 1209 1032 coelorum,
1244 956 1278 1018 et
1303 946 1414 1018 mundi
1442 948 1649 1044 superiores,
1677 947 1797 1022 divites

427 1059 536 1152 gloria
563 1059 777 1135 absconditae
804 1070 944 1134 naturae
971 1085 1062 1135 suae.
1117 1061 1168 1135 Tu
1193 1062 1338 1135 Domine
1370 1063 1464 1135 Deus
1488 1055 1606 1135 ¹noster
1632 1065 1798 1156 adomnia,

427 1186 460 1247 et
485 1179 656 1273 imperium
684 1175 789 1250 babes
817 1181 1062 1273 superomnia:
1089 1178 1251 1251 timendus
1274 1201 1324 1268 es,
1350 1178 1545 1268 laudandus,
1573 1179 1798 1270 absconditus,

427 1301 461 1364 et
493 1293 857 1389 incomprehensibilis,
889 1295 1049 1383 infinitus,
1090 1295 1339 1384 inenarrabilis;
1373 1294 1529 1368 excelsus
1562 1307 1596 1370 et
1630 1297 1799 1388 sublimis;

427 1406 536 1481 bonus
564 1419 598 1481 et
629 1410 848 1502 longanimis:
883 1432 962 1507 spes
998 1433 1082 1483 vera
1118 1413 1264 1485 omnium
1296 1422 1532 1484 creaturarum.
1585 1411 1712 1485 Placuit
1739 1413 1798 1487 tibi

427 1526 582 1614 Domine,
609 1535 644 1596 ut
671 1529 769 1597 etiam
797 1548 898 1622 super
930 1525 1083 1599 mundum
1118 1527 1256 1600 alterum
1290 1539 1323 1599 ct
1350 1525 1561 1616 sensibilem,
1593 1527 1796 1602 extenderes
1908 1557 1909 1562 ¹

429 1640 644 1738 spiritualiter
670 1641 882 1736 splendorem
910 1653 1019 1733 tuum,
1054 1645 1275 1739 repleresque
1301 1642 1390 1716 illum
1417 1643 1606 1716 muneribus
1642 1649 1706 1717 tuis
1739 1646 1797 1718 di-

426 1761 526 1848 vinis,
551 1761 796 1853 imaginemque
822 1771 910 1831 tuam
939 1770 1128 1856 corruptam
1156 1771 1190 1832 et
1216 1760 1305 1831 nihili
1331 1759 1453 1832 iactam
1474 1764 1667 1850 innovatae,
1694 1769 1728 1832 et
1754 1761 1797 1833 ad

426 1873 534 1945 locum
562 1895 656 1947 suum
682 1877 853 1970 pristinum
878 1874 1072 1965 reduceres,
1099 1884 1249 1948 amariter
1276 1899 1382 1969 agens
1409 1898 1492 1969 erga
1519 1875 1681 1965 homines,
1708 1898 1796 1969 ger-

427 2013 502 2062 men
529 2013 575 2062 ex
601 1993 674 2062 sinu
702 1999 779 2079 tuo,
814 2001 847 2062 et
880 1990 1091 2085 splendorem
1124 2014 1170 2063 ex
1205 1991 1340 2085 fulgore
1372 2002 1448 2084 tuo,
1480 1993 1568 2066 illum
1596 1993 1796 2066 directorem

427 2109 562 2194 misisti,
595 2117 629 2179 et
661 2129 723 2179 nos
759 2130 779 2177 a
815 2110 1028 2202 corruptione
1062 2108 1218 2182 salvasti:
1257 2113 1313 2203 qui
1346 2118 1485 2182 naturae
1518 2121 1654 2183 nosuae
1688 2108 1796 2183 iactus

425 2224 593 2318 particeps
626 2225 660 2294 in
693 2222 864 2312 omnibus,
898 2222 1026 2318 absque
1057 2223 1123 2297 ulla
1160 2224 1257 2320 culpa
1293 2229 1489 2320 permansit,
1533 2229 1623 2298 viam
1656 2235 1795 2300 naturae

425 2343 592 2435 purgavit,
621 2350 654 2413 et
679 2340 872 2412 naturaliter
899 2342 1062 2433 gradatim
1089 2347 1213 2415 erevit:
1250 2354 1408 2438 operatus
1437 2353 1489 2416 est
1514 2345 1655 2416 virtutes
1683 2343 1795 2416 admis

425 2455 566 2546 rabiles3
594 2455 778 2553 doctorque
803 2461 984 2532 universae
1010 2467 1149 2532 naturae
1175 2467 1312 2531 nostrae
1339 2462 1459 2548 extitit,
1487 2459 1601 2532 divino
1629 2470 1664 2531 et
1688 2463 1794 2531 inex'-

424 2572 570 2668 plicabili
596 2572 706 2645 modo.
760 2573 825 2661 Qui
851 2597 913 2669 per
939 2596 1087 2647 amorem
1114 2597 1209 2648 suum
1237 2597 1320 2668 erga
1346 2575 1509 2666 homines,
1535 2574 1705 2648 divinitate
1732 2599 1794 2649 sua

425 2711 488 2761 nos
514 2689 669 2786 replevit,
696 2699 730 2762 et
756 2689 972 2763 absconditae
998 2701 1138 2762 naturae
1165 2714 1247 2764 suae
1273 2689 1354 2764 iecit
1378 2713 1441 2764 nos
1468 2693 1656 2787 participes.
1694 2690 1794 2764 Viam

426 2809 516 2877 vitae
543 2805 783 2879 demonstravit
808 2806 925 2879 nobis:
954 2810 1090 2880 semitas
1123 2832 1142 2880 a
1175 2807 1339 2880 scandalis
1365 2808 1489 2881 bberas
1521 2811 1652 2904 paravit
1684 2805 1795 2898 nobis,
1915 2903 1917 2908 Ι

426 2930 461 2992 et
486 2923 529 2995 ab
557 2932 709 3018 apostata
743 2922 816 3011 illo,
850 2925 906 3018 qui
938 2927 1121 3018 prostravit
1146 2946 1209 2996 nos
1242 2924 1438 3019 aliquando,
1464 2924 1625 3012 salvavit3
1660 2927 1794 2996 oratio-

424 3061 567 3134 nemque
595 3039 639 3112 ad
664 3039 798 3112 Patrem
826 3038 938 3111 docuit
963 3061 1036 3112 nos.
1091 3041 1233 3112 Domine
1259 3059 1433 3132 rogamus,
1460 3049 1495 3110 ut
1522 3038 1693 3132 abstergat
1720 3039 1792 3130 ora,

421 3154 521 3244 labia,
548 3167 677 3228 mentes
704 3166 738 3227 et
764 3177 863 3228 aures
891 3158 1036 3227 omnium
1062 3166 1232 3245 nostmm,
1266 3165 1302 3227 ut
1336 3177 1410 3228 cum
1445 3155 1563 3228 fiducia
1596 3165 1630 3227 et
1654 3159 1794 3228 carimte

424 3295 509 3368 quae
535 3281 569 3344 te
597 3272 693 3344 decet
725 3293 800 3343 cum
834 3271 982 3344 clamore
1008 3271 1155 3345 dicamus
1184 3294 1276 3360 eam,
1304 3271 1542 3366 elevemusque
1569 3274 1697 3344 animos
1723 3293 1792 3342 no-

423 3401 512 3464 stros
534 3388 582 3460 ad
606 3399 638 3461 te
656 3385 916 3484 deprecabundi,
943 3377 1273 3484 respondeambsque
1292 3397 1326 3460 at
1345 3386 1502 3460 dicamus.
1555 3387 1657 3460 Pater
1677 3398 1795 3462 noster

423 3509 479 3602 qui
504 3529 542 3581 es
568 3507 603 3576 in
630 3506 744 3579 coelis.

527 3617 688 3716 Populus.
741 3619 972 3695 Sanctificetur
997 3641 1118 3692 nomen
1145 3628 1246 3709 tuum,
1274 3628 1337 3691 etc.
1399 3691 1402 3702 ,

528 3740 712 3811 Sacerdos.
763 3736 792 3810 0
819 3738 966 3829 benigne
992 3745 1026 3808 ct
1050 3734 1263 3828 longanimis,
1289 3736 1444 3826 Domine,
1470 3736 1571 3808 Pater
1596 3745 1711 3809 noster
1737 3739 1793 3832 qui

425 3880 463 3930 es
491 3861 524 3929 in
543 3855 660 3946 coelis,
688 3865 804 3928 sancte
831 3865 864 3926 et
877 3853 1100 3927 sanctificator
1115 3853 1275 3924 omnium:
1303 3851 1345 3924 da
1371 3853 1469 3926 nobis
1489 3876 1535 3925 ex
1553 3852 1678 3926 Sancto
1696 3852 1791 3924 San-

374 4015 376 4026 1
424 3983 552 4048 ctorem
579 3983 648 4064 tuo,
672 3982 709 4044 ut
734 3969 958 4046 sanctificetur
992 3972 1026 4040 iu
1059 3967 1158 4042 nobis
1184 3991 1306 4042 nomen
1333 3977 1422 4042 tuum
1448 3992 1624 4062 magnum:
1657 3981 1690 4042 et
1723 3969 1791 4042 ad-

421 4094 538 4164 veniat
563 4111 702 4182 regnum
739 4097 829 4160 mum
862 4086 905 4159 ad
938 4085 1095 4158 auxilium
1126 4095 1296 4176 nostrum3
1329 4090 1521 4161 executioni
1551 4086 1724 4160 mandetur
1757 4089 1792 4172 ia

422 4204 521 4279 nobis
548 4205 703 4280 voluntas
730 4215 785 4278 tua
811 4204 914 4294 bona,
940 4205 1025 4276 sicut
1057 4204 1091 4273 in
1123 4201 1227 4275 coelis
1254 4227 1274 4274 a
1300 4201 1476 4278 virtutibus
1504 4206 1656 4300 supernis
1682 4201 1790 4298 perb-
1848 4297 1855 4315 ·

423 4321 586 4396 cientibus
612 4322 816 4396 voluntatem
844 4331 944 4409 tuam,
979 4340 1131 4414 quaeque
1163 4317 1368 4392 sanctificant
1394 4323 1574 4394 essentiam
1605 4329 1713 4411 tuam;
1743 4320 1791 4390 ita

424 4439 548 4511 terreni
574 4448 609 4510 et
635 4435 817 4512 defectibus
844 4433 995 4522 obnoxii,
1023 4436 1176 4530 supernis
1199 4435 1385 4528 agminibus
1412 4435 1536 4510 similes
1562 4435 1652 4524 fiant,
1679 4457 1790 4530 quan-

423 4563 490 4626 tum
516 4554 610 4627 licet:
638 4562 671 4625 et
696 4551 822 4649 perfice
848 4563 948 4648 atque
973 4549 1028 4622 iac
1053 4553 1087 4622 iu
1109 4549 1212 4624 uobis
1238 4545 1442 4625 voluntatem
1469 4561 1568 4624 tuam
1611 4553 1664 4624 Da
1690 4547 1789 4622 uobis

422 4693 544 4767 panem
572 4669 718 4766 quotidie
743 4667 840 4744 nobis
865 4667 1109 4756 necessarium,
1143 4677 1213 4740 toto
1247 4670 1354 4765 spatio
1381 4670 1473 4740 vitae
1498 4675 1635 4743 nostrae
1660 4667 1789 4739 transi-.

422 4789 530 4860 toriae
557 4794 591 4858 et
622 4783 744 4858 lluxae.
804 4786 939 4858 Dimitte
972 4778 1091 4854 delicta
1121 4795 1237 4858 nostra
1269 4793 1303 4856 et
1336 4805 1439 4882 parce
1474 4787 1622 4882 peccatis
1652 4785 1790 4870 nostris,

420 4876 510 4999 quiae
536 4905 635 5000 impie
663 4925 726 4998 per
745 4905 909 4998 nequitias
935 4909 1067 4972 nostras
1100 4902 1334 4990 commisimus,
1361 4905 1447 4973 sicut
1472 4899 1659 4973 dimittimus
1687 4895 1788 4971 debi-

422 5019 551 5094 toribus
577 5021 715 5111 uostriS,
742 5041 828 5113 quae
853 5017 1047 5114 insipienter
1071 5017 1106 5087 in
1131 5015 1194 5091 nos
1213 5013 1428 5109 admiserunt,
1455 5019 1529 5091 sive
1549 5019 1693 5090 scienter
1713 5003 1789 5088 sive

1501 5132 1587 5211 oo*
