4784 6040
618 557 756 664 ‚430
1184 555 1542 635 arnonem

785 747 962 820 Sacerdos
993 744 1186 817 inclinatas.
1243 741 1413 818 Memento
1445 743 1586 817 Domine
1619 747 1719 816 ctiam
1751 741 1881 817 illorum
1915 747 1969 841 qui
2000 765 2047 818 ex

677 860 744 935 boc
771 862 891 936 mundo
920 861 978 935 tibi
1004 860 1216 958 placuerunt,
1242 861 1439 956 praesertim
1460 881 1551 932 vero
1578 868 1715 933 sanctae
1742 869 1776 932 et
1792 859 1962 954 gloriosae
1976 885 2046 954 ge·

677 981 803 1053 nitricis
829 979 893 1050 Dei
919 977 1069 1070 Virginis
1095 975 1241 1064 Mariae,
1269 985 1303 1046 et
1329 977 1473 1048 omnium
1499 985 1688 1051 sanctorum
1703 986 1846 1068 tuorum,
1874 978 1916 1051 ab
1937 977 2045 1052 Adam

677 1099 804 1191 primo,
831 1095 873 1166 ad
899 1093 984 1166 hanc
1009 1115 1116 1188 usque
1142 1093 1239 1164 diem.

783 1211 944 1304 Populus.
997 1209 1104 1306 Kyrie
1131 1207 1269 1282 eleison.

780 1309 955 1399 Sacerdos
987 1327 1124 1398 clevans
1156 1347 1282 1396 coeam.
1335 1322 1401 1395 Per
1434 1324 1605 1396 orationes
1638 1345 1754 1396 eorum
1794 1336 1947 1415 sanctas,
1984 1349 2045 1424 per

678 1441 932 1540 deprecationes
969 1464 1085 1514 eorum
1121 1441 1288 1514 exaudiri.
1308 1439 1446 1532 dignas,
1481 1448 1516 1512 et
1548 1461 1609 1536 per
1643 1437 1894 1514 obsecrationes
1930 1465 2045 1516 eorum

677 1559 916 1656 acceptabiles,
942 1560 1096 1646 Domine,
1123 1560 1285 1654 propitius
1312 1565 1385 1630 esto
1417 1559 1564 1652 peccatis
1590 1559 1736 1648 nostris,
1761 1570 1899 1654 propter
1923 1580 2045 1658 nomen

677 1687 768 1749 tuum
795 1685 962 1762 sanctum,
991 1674 1079 1771 quod
1106 1675 1296 1746 invocatum
1323 1681 1502 1768 estsuper
1537 1693 1617 1762 nos,
1654 1670 1777 1768 tibique
1810 1672 1973 1766 gloriam,
2012 1685 2046 1748 et
2160 1767 2164 1775 .

678 1791 809 1864 laudem
837 1790 1022 1863 referimus.

783 1909 972 1980 Diocooas.
1025 1907 1124 1979 Ante.

781 2025 958 2097 Sacerdos
983 2023 1175 2094 inclinatas.
1228 2021 1397 2095 Memento
1424 2023 1522 2094 ctiam
1548 2017 1691 2093 Domine
1716 2018 1889 2092 beatorum
1910 2021 2045 2096 Petrum

680 2153 890 2232 nostrorum,
923 2143 1108 2236 principum
1143 2149 1177 2211 ct
1208 2139 1391 2211 Doctorum
1427 2136 1602 2210 Ecclesiae
1633 2146 1710 2210 tuae
1745 2147 1897 2229 sanctae,
1930 2161 2045 2213 eorum

679 2261 734 2352 qui
760 2260 983 2330 testimouium
1010 2253 1245 2351 perhibuerunt
1271 2252 1349 2346 tibi,
1384 2265 1419 2327 et
1451 2253 1643 2325 direxerunt
1668 2253 1711 2324 ad
1743 2251 1853 2326 lumen
1887 2259 2045 2329 scientiae

678 2396 818 2467 gregem
845 2385 936 2446 tuum
962 2380 1122 2444 sanctum.

781 2490 932 2562 Elcoens
956 2510 1084 2560 uocem.
1135 2487 1203 2559 Per
1230 2489 1400 2564 orationes
1427 2495 1462 2557 et
1487 2482 1741 2580 deprecationes
1767 2507 1884 2558 eorum
1910 2495 2044 2560 sanctas

678 2604 827 2678 concedo
854 2608 953 2676 etiam
979 2603 1094 2696 nobis,
1121 2611 1157 2674 ut
1181 2605 1346 2676 intuentes
1373 2603 1498 2674 exitum
1525 2602 1791 2674 conversationis
1817 2621 1933 2674 eorum
1952 2606 2045 2676 assi-

678 2720 829 2794 milemur
862 2719 926 2792 illis
962 2719 1143 2792 secundum
1181 2719 1278 2791 iidem
1312 2716 1560 2809 orthodoxam,
1600 2728 1634 2789 et
1667 2739 1729 2814 per
1762 2716 1870 2788 uelum
1902 2720 2044 2814 pietatis.

678 2837 855 2931 Conjunge
882 2839 982 2908 ctiam
1007 2856 1070 2909 nos
1097 2845 1131 2907 et
1157 2857 1273 2908 omnes
1301 2834 1472 2932 dispersos
1497 2832 1631 2908 Israelis
1661 2833 1854 2930 spiritualis,
1881 2835 1914 2906 in
1946 2859 2045 2908 unam

678 2951 912 3040 concordiam,
947 2962 981 3023 et
1016 2951 1164 3023 eamdem
1198 2961 1362 3040 mentem,
1396 2973 1562 3046 unumque
1597 2949 1764 3023 vinculum
1803 2952 1966 3024 caritatis:
2010 2954 2044 3022 iu

643 3089 775 3139 -unam
803 3065 985 3140 doctrinam
1018 3070 1182 3142 sinceram
1214 3066 1389 3140 Ecclesiae
1424 3074 1561 3141 eunome
1595 3064 1789 3139 Catholicae
1822 3077 1856 3138 et
1886 3068 2044 3163 Aposto-

676 3183 779 3272 licae,
807 3187 884 3279 quia
910 3193 945 3255 tu
971 3186 1045 3279 ipse
1072 3205 1110 3257 es
1138 3187 1193 3279 qui
1220 3193 1353 3256 terrem
1380 3181 1582 3256 coelestibus
1618 3184 1837 3277 conjunxisti,
1871 3180 1928 3253 tibi
1961 3183 2045 3276 glo-

677 3303 759 3372 riam
787 3310 821 3371 et
846 3298 978 3372 laudem
1004 3298 1191 3373 referimus

781 3415 941 3509 Populus.
994 3415 1114 3487 Amen.

778 3530 954 3605 Sacerdos
979 3531 1170 3602 inclinatas.
1208 3529 1392 3602 lllemento
1419 3529 1562 3606 Domine
1589 3529 1806 3602 Sacerdotem
1822 3529 2044 3606 Ortbodoxo-

676 3670 765 3736 rum,
792 3645 1033 3738 Diaconorum,
1060 3645 1362 3735 Subdiacouorum,
1388 3645 1582 3735 Lecturam,
1616 3646 1818 3734 Psaltarum,
1853 3648 2044 3722 blonacbo-

678 3787 769 3852 rum,
805 3772 999 3859 perpetuam
1032 3765 1256 3856 virginitatem
1289 3762 1524 3859 profitentium:
1560 3763 1779 3837 saecularium
1813 3768 1868 3858 qui
1900 3767 1978 3839 olim
2009 3768 2044 3837 in

680 3879 812 3954 Christo
839 3881 1029 3971 consignati
1055 3887 1149 3970 suut,
1175 3889 1349 3952 eteorum
1376 3881 1520 3950 omnium
1547 3882 1602 3974 qui
1626 3881 1660 3951 iu
1675 3883 1894 3976 persuasione
1915 3879 2043 3955 Ortho-

679 3994 788 4087 doxa,
816 4019 862 4068 ex
889 3994 953 4068 boc
980 3996 1101 4067 mundo
1129 3997 1261 4089 egressi
1287 4005 1370 4069 suut.
2069 3977 2077 3986 ’

780 4112 957 4184 Sacerdos
983 4110 1119 4183 eleooos
1143 4134 1270 4183 coccos.
1321 4109 1366 4183 Et
1390 4112 1620 4184 remissionem
1652 4123 1864 4208 peecatorum
1895 4112 2043 4186 tribuens

677 4237 817 4300 naturae
843 4238 979 4302 nostrae
1006 4227 1165 4317 Domine,
1191 4229 1295 4300 vitam
1322 4226 1450 4322 absque
1469 4228 1583 4316 senio,
1609 4225 1766 4300 laetitiam
1793 4228 2043 4318 indeficientem,

677 4344 767 4417 bona
793 4343 1003 4416 immutabilia
1030 4343 1180 4416 concede
1215 4343 1376 4432 Domine,
1409 4344 1438 4418 si
1469 4343 1555 4414 enirn
1581 4346 1767 4439 iniquitates
1800 4345 2042 4418 observaveris

677 4460 841 4550 Domine,
868 4462 1012 4533 Domine
1039 4463 1111 4556 quis
1139 4457 1311 4534 sustinebit
1336 4458 1398 4531 tel
1425 4457 1511 4546 Quia
1530 4462 1636 4533 omnis
1659 4463 1784 4553 justitia
1808 4473 1924 4536 nostra
1943 4471 2042 4556 atque

677 4575 840 4673 perfectio
867 4580 1023 4648 virtutum
1048 4586 1246 4665 nostrarum,
1273 4585 1349 4648 sunt
1365 4585 1517 4670 unquam
1535 4597 1664 4671 pannus
1683 4575 1829 4649 mulieris
1849 4589 2042 4651 menstma-

679 4701 751 4779 tae,
779 4695 807 4764 si
835 4700 1068 4788 comparentur
1094 4714 1168 4763 cum
1191 4693 1317 4785 justitia
1342 4701 1416 4780 tua,
1444 4713 1466 4763 o
1494 4701 1623 4766 amator
1648 4691 1823 4766 hominum.
1876 4693 1914 4766 Si
1932 4701 2042 4765 autem

678 4811 711 4878 in
737 4807 879 4901 Angelis
905 4806 1000 4880 fidem
1027 4829 1095 4879 non
1119 4810 1293 4899 invenisti,
1320 4830 1460 4903 quorum
1487 4817 1596 4880 tamen
1623 4807 1751 4881 indoles
1778 4818 1941 4884 etuabua
1956 4833 2041 4882 cor-

678 4946 783 5020 poree
810 4945 877 4995 non
904 4934 974 5014 est,
1009 4933 1131 5019 quanto
1164 4927 1270 5018 magis
1302 4925 1335 4995 iu
1369 4922 1466 4998 nobis
1503 4927 1556 5020 qui
1589 4947 1674 4998 vase
1704 4924 1914 5021 passionibus
1941 4924 2040 5020 pleno

678 5040 782 5111 induti
809 5061 942 5131 sumus,
969 5048 1003 5111 et
1029 5037 1198 5113 aflectibus
1225 5039 1448 5142 materialibus
1476 5044 1634 5139 cooperti.
1687 5040 1780 5114 Unus
1807 5042 1894 5112 enim
1908 5044 2040 5114 omnino
