4814 6060
606 517 681 592 502
1112 515 1472 594 LITURGIA

605 707 822 800 ignoranter3
855 727 965 801 neque
997 702 1134 776 inducas
1167 725 1231 775 nos
1265 705 1299 774 in
1330 704 1563 792 tentationem,
1596 726 1683 800 quae
1716 705 1810 777 vires
1844 712 1976 776 nostras

605 833 743 917 superet
769 831 803 894 et
830 820 991 894 excedat:
1019 819 1081 894 sed
1105 819 1212 892 libera
1238 840 1302 891 nos
1320 842 1341 890 a
1356 819 1457 909 malo,
1484 821 1539 914 qui
1566 841 1773 916 quacumque
1799 817 1882 893 hora
1909 841 1977 891 an-

603 927 694 1009 belat
720 941 898 1033 perniciem
925 947 1089 1032 nostrnm3
1123 939 1201 1032 quia
1226 945 1316 1008 tuum
1344 944 1396 1008 est
1421 957 1561 1028 regnum
1588 945 1623 1006 et
1654 945 1709 1007 tua
1745 943 1797 1008 est
1822 938 1976 1027 victoria,

605 1053 771 1128 adversus
799 1075 939 1146 regnum
966 1050 1054 1146 quod
1080 1054 1208 1145 cogitat
1234 1051 1276 1124 de
1302 1051 1481 1148 perdendis
1507 1051 1582 1124 liliis
1609 1054 1706 1144 regni
1732 1055 1788 1124 tui.
1829 1050 1975 1126 Rursum

601 1171 704 1242 ,etiam
731 1192 752 1240 e
778 1190 884 1261 regno
912 1178 967 1239 tuo
995 1177 1133 1240 contere
1160 1177 1193 1239 et
1226 1167 1382 1265 disperde
1409 1170 1548 1242 virtutes
1576 1170 1724 1244 inimicas
1752 1191 1837 1264 quae
1864 1170 1976 1240 sitiunt

603 1288 800 1376 sangninem
833 1283 1040 1357 adorantium
1074 1295 1124 1356 te:
1162 1307 1223 1380 per
1261 1288 1417 1357 virtutem
1453 1295 1540 1356 tuam
1576 1284 1697 1358 fortem
1733 1307 1791 1372 eas
1824 1287 1912 1376 ejice
1942 1294 1976 1356 et

602 1400 746 1497 dissipa:
772 1411 809 1472 ιιι
835 1401 876 1472 ad
904 1400 1046 1494 gloriam
1073 1412 1161 1473 tuam
1188 1399 1346 1496 hymnum
1371 1424 1499 1496 pmnm,
1526 1412 1651 1474 eastum
1679 1411 1713 1474 et
1739 1404 1904 1474 sincerum
1930 1400 1973 1474 ab

602 1520 694 1590 omni
719 1516 808 1607 labe,
836 1517 1013 1590 offeremus
1040 1515 1110 1606 ribi,
1138 1526 1171 1588 et
1202 1519 1372 1610 unigenito
1406 1516 1491 1590 Filio
1518 1529 1591 1606 tuo,
1624 1529 1658 1590 et
1689 1518 1823 1613 Spiritui
1858 1519 1973 1590 sancto

602 1643 669 1705 tuo.

708 1750 869 1851 Populos.
921 1753 1041 1823 Amen.

707 1865 892 1938 Sacerdos.
944 1868 1029 1939 Pax.

707 1983 895 2056 Diaconos.
947 1985 1046 2058 Ante.

709 2099 871 2194 Populus.
926 2097 1048 2172 Coram
1077 2111 1119 2172 te.

707 2218 893 2290 Sacerdos.
930 2220 1052 2292 Coram
1081 2231 1114 2291 te
1139 2221 1283 2294 Domine
1309 2216 1466 2289 inclinant
1492 2219 1584 2288 servi
1610 2218 1656 2289 tui
1683 2217 1769 2290 colla
1798 2241 1869 2303 sua,
1897 2220 1973 2313 quin

603 2345 786 2431 expectant
812 2334 934 2408 donum
961 2335 1119 2408 coeleste.
1156 2337 1207 2408 Tu
1235 2344 1342 2407 autem
1369 2331 1459 2407 bone
1486 2335 1541 2428 qui
1567 2333 1684 2428 plenus
1712 2355 1750 2404 es
1777 2336 1973 2422 misericor-

603 2450 1068 2546 dra,s01usquehenignus‚
1101 2451 1224 2524 exaudi
1252 2455 1317 2524 cito
1344 2471 1465 2547 preces
1492 2449 1641 2537 illorum,
1675 2458 1709 2521 et
1741 2472 1867 2523 corona
1900 2449 1972 2524 illos
2059 2497 2063 2504 v

539 2545 563 2626 f
604 2591 733 2640 corona
761 2567 891 2659 gloriae
918 2565 1218 2642 immarcescibilis:
1238 2566 1372 2640 ¹illustra
1397 2574 1526 2639 mentes
1548 2576 1582 2638 et
1603 2567 1730 2638 animos
1758 2588 1873 2639 eorum
1899 2566 1972 2640 lnce

603 2687 767 2756 scientiae
793 2693 880 2770 tuae,
908 2694 942 2756 et
968 2683 1010 2757 da
1037 2685 1100 2757 illis
1128 2689 1227 2758 etiam
1252 2697 1288 2757 ιιι
1314 2691 1500 2776 agnoscant
1526 2685 1732 2776 majestatem
1757 2681 1915 2756 latentem
1940 2688 1973 2756 in

602 2797 732 2872 Sancto
759 2798 956 2872 Sanctorum
983 2809 1050 2873 ιιιο.
1114 2800 1168 2874 Ne
1193 2805 1227 2873 in
1252 2800 1335 2873 bora
1361 2801 1574 2872 convenienti
1600 2797 1809 2872 subtrabatur
1841 2799 1883 2873 ab
1910 2800 1972 2874 illis

606 2915 710 3005 salus,
737 2925 771 2988 et
796 2915 963 2989 mundatio
992 2921 1172 2990 animarum
1198 2917 1339 2990 illomm.
1392 2915 1535 3012 Suscipe
1561 2938 1582 2987 a
1608 2913 1705 2990 nobis
1740 2915 1875 2988 infirmis
1906 2917 1972 2988 de-

604 3033 819 3133 precationes
845 3034 926 3106 istas
954 3057 1036 3129 quas
1063 3057 1125 3131 pro
1152 3033 1216 3106 illis
1248 3034 1312 3107 hoc
1339 3041 1489 3127 tempore
1515 3031 1682 3122 offerimus
1709 3031 1777 3104 tibi.
1829 3032 1884 3104 Da
1909 3033 1971 3108 illis

602 3149 705 3219 etiarn
741 3157 776 3220 ιιι
808 3169 891 3244 pure
925 3161 958 3222 et
989 3150 1117 3247 absque
1150 3149 1280 3223 mnouln
1317 3149 1559 3221 communicent
1590 3151 1724 3244 corpori
1757 3160 1791 3221 et
1822 3153 1973 3243 sanguini

603 3263 729 3338 Christi
754 3266 819 3338 Dei
845 3265 1033 3366 salvatoris
1069 3277 1103 3338 et
1128 3267 1346 3340 vivificatoris
1372 3267 1493 3353 nostri,
1529 3263 1617 3358 quod
1643 3274 1791 3337 tenemus
1818 3275 1971 3361 tanquam

605 3383 697 3452 vitae
724 3383 855 3477 pignus,
881 3380 1035 3455 fiduciam
1060 3381 1220 3456 babentes
1253 3382 1340 3480 quod
1374 3380 1460 3454 illins
1492 3383 1741 3476 participatione
1768 3380 1972 3478 depellentur

605 3499 793 3591 iniquitates
827 3509 861 3571 et
898 3501 1106 3596 insipientiae
1137 3509 1291 3573 nostrae:
1326 3497 1481 3594 quodque
1515 3496 1608 3569 velut
1637 3500 1809 3570 materiam
1842 3495 1975 3588 buxam,

607 3612 730 3684 ardore
762 3635 823 3685 suo
860 3635 918 3686 eas
951 3625 1124 3688 consumet
1163 3626 1197 3687 et
1235 3617 1383 3709 rejiciet;
1425 3617 1618 3708 animasque
1656 3625 1807 3704 nostras,
1847 3602 1974 3688 tristitia

603 3727 768 3800 obsessas
793 3725 1009 3803 inflammabit
1034 3754 1149 3805 amore
1188 3734 1330 3804 nominis
1357 3733 1415 3820 tui,
1442 3728 1649 3826 replebitque
1684 3729 1757 3804 illes
1790 3730 1914 3824 gaudio
1942 3741 1976 3803 et

606 3843 823 3917 exultatione.
878 3846 928 3918 Da
960 3844 1059 3919 nobis
1093 3851 1191 3919 etiarn
1223 3869 1311 3919 nunc
1343 3858 1378 3919 ut
1405 3845 1577 3920 oculorum
1609 3849 1716 3919 aciem
1748 3847 1900 3921 levemus
1933 3847 1975 3921 ad

568 4031 571 4042 ,
604 3959 759 4034 sublimia
787 3969 855 4051 ιιιιι,
882 3971 916 4033 et
943 3984 1166 4056 agnoscamus
1193 3986 1340 4036 amorem
1366 3975 1457 4036 tuum
1483 3984 1567 4054 erga
1593 3984 1656 4036 nos
1682 3963 1846 4054 homines,
1872 3967 1975 4036 inex-

487 4067 489 4072 ’
605 4076 808 4173 plicabilem
834 4078 1102 4168 inenarrabilem,
1129 4091 1163 4153 et
1188 4079 1359 4168 infinitum,
1386 4080 1666 4174 omnipotentem,
1700 4079 1742 4152 ad
1769 4082 1879 4152 omnia
1905 4102 1975 4152 ex-

603 4203 754 4267 tensum:
790 4192 1008 4290 omnibusque
1043 4193 1269 4269 sublimiorem
1300 4195 1477 4268 Dominum
1514 4197 1672 4284 omniurn,
1713 4208 1747 4269 et
1780 4205 1975 4289 regnantem

586 4299 709 4404 'super
736 4311 857 4401 omnia,
882 4320 919 4382 ιιι
945 4313 976 4384 ei
1003 4334 1090 4384 nunc
1126 4321 1160 4384 et
1192 4335 1398 4408 quacumque
1433 4310 1516 4385 bora
1546 4315 1673 4404 gratias
1709 4335 1870 4406 agamus,
1905 4311 1975 4407 by-

604 4447 769 4520 rnnosque
795 4425 1022 4502 indesinenter
1047 4429 1225 4504 olleramus
1252 4427 1323 4517 riti,
1348 4430 1441 4501 Deus
1468 4427 1578 4517 Pater,
1606 4433 1774 4523 unigenito
1793 4429 1878 4503 Filio
1906 4438 1975 4520 tuo,
2089 4529 2095 4536 .

605 4551 642 4612 et
668 4541 805 4639 Spiritui
831 4551 948 4617 sancto
975 4554 1043 4617 tuo.

710 4658 872 4754 Populos.
924 4661 1044 4734 Amen.

603 4827 608 4854 .
712 4772 900 4847 sacerdos
950 4777 1035 4848 Pax,

603 4931 610 4939 -
712 4889 875 4982 Populus.
928 4890 1069 4964 Etcum
1095 4894 1211 4988 spiritu
1236 4903 1304 4967 ιιιο.

602 5033 610 5070 ··.
705 5003 897 5078 ,Sacerdos
949 5005 1204 5082 Misericordiae
1229 5009 1295 5080 Dei
1320 5010 1394 5088 sint
1463 5101 1468 5108 Ι
