4728 6028
646 570 700 646 IN
732 567 1031 656 LITURGIAS
1067 565 1344 658 stillans
1621 563 1676 640 75'

311 751 420 814 Sancta
449 749 574 814 Sanctis.
625 751 688 816 Hae
721 770 797 816 vero
824 759 855 814 et
884 769 960 833 quae
992 735 1159 834 sequuntdr
1186 753 1355 831 orationes,
1384 747 1549 816 recitantur
1578 765 1673 834 super

310 849 468 931 populum,
497 851 577 914 unde
600 851 688 914 etiarn
709 859 865 915 vocantur.
907 851 1110 931 impositionis
1131 869 1288 928 mannaan,
1317 853 1390 932 qnia
1416 859 1574 932 nnteqaurn
1592 851 1675 931 pro-'

309 951 503 1026 mactentur,
524 949 681 1013 Dicemus
702 952 795 1014 dicit:
816 945 959 1014 Inclinato
983 951 1080 1032 capita
1101 957 1203 1014 vestra
1226 966 1327 1013 coram
1351 951 1484 1012 Domino.
1527 948 1592 1012 Nec
1614 949 1673 1009 de-

311 1047 380 1110 hent
398 1048 548 1110 οἱίσεαινε
572 1067 672 1128 penno
694 1047 830 1127 νεοτενο,
858 1067 919 1110 non
946 1050 1027 1130 qnod
1042 1051 1278 1129 prostrationem
1305 1067 1383 1130 quoe
1411 1065 1517 1110 corum
1545 1047 1674 1110 Domino

307 1148 350 1226 fit,
371 1144 591 1226 imponeres:
619 1148 675 1210 sed
694 1149 766 1228 qaia
788 1149 971 1228 εσονίῥοίνοε
992 1149 1050 1212 noc
1077 1149 1193 1228 εἰρονοι
1214 1155 1260 1208 est
1280 1149 1513 1210 rensrrectionis
1533 1152 1674 1210 nostroe:

309 1255 342 1308 at
358 1247 529 1326 prostratio
550 1247 657 1308 rainae
674 1265 733 1326 per
751 1255 908 1327 peccatran
934 1255 1066 1311 nonnae.
1110 1247 1206 1308 Porro
1228 1244 1387 1308 Orationes
1417 1263 1493 1327 quas
1522 1245 1674 1326 designat,

310 1350 373 1405 tres
396 1351 475 1406 suut.
519 1345 614 1406 Prima
637 1352 685 1408 est
706 1343 810 1408 θεοισν·
832 1345 935 1426 pacis:
966 1345 1119 1423 Secunda,
1148 1345 1350 1424 impositionis
1375 1363 1532 1407 mancam:
1561 1341 1674 1420 Tertia,

309 1441 494 1504 Deiectionis
513 1443 789 1510 sacramentorum.
834 1444 876 1506 lta
898 1443 1029 1507 Jacohus
1051 1444 1242 1507 Edessenus..
1281 1443 1354 1506 ires
1375 1451 1446 1524 post
1466 1442 1600 1525 Synhali
1619 1459 1675 1502 re-

309 1539 482 1603 cunamen
500 1543 575 1622 fiatri
595 1540 758 1606 Orationes
764 1565 778 1617 ,·
799 1543 903 1622 Pacis,
926 1543 1127 1623 Impositionis
1148 1561 1299 1617 munaum,
1322 1551 1352 1604 et
1372 1543 1566 1605 revelationis
1587 1537 1676 1602 Aao-

305 1637 446 1716 phoroe,
469 1658 522 1702 sea
542 1641 616 1718 neti,
640 1659 700 1723 quo
722 1643 823 1706 discus
846 1651 876 1705 et
898 1642 979 1705 calix
1004 1650 1160 1726 teguntur:
1195 1649 1226 1704 et
1252 1659 1330 1724 quae
1356 1643 1397 1703 itu
1425 1640 1593 1722 appellatur
1620 1655 1675 1700 se-

310 1735 437 1800 cundnm
465 1738 675 1817 Barsalihiam‚
706 1742 776 1822 qnia
804 1743 834 1804 in
863 1743 928 1822 ejus
959 1742 1017 1805 fine
1045 1741 1192 1806 Sacerdos
1220 1740 1319 1804 velum
1348 1739 1421 1802 illud
1450 1739 1563 1818 arden,
1593 1737 1675 1819 quod

310 1833 478 1916 anaphora
500 1836 640 1919 syriace,
662 1839 771 1921 Nuafir
797 1840 928 1904 Arabiae
945 1843 1069 1917 uocari,
1091 1841 1201 1903 dictum
1224 1848 1272 1903 est
1292 1841 1443 1920 superius.

395 1935 490 1998 Prima
506 1936 610 2000 Oratio
623 1956 703 2020 quac
717 1939 829 2020 incipit,
850 1940 978 2002 Domine
996 1940 1078 2002 naa
1093 1947 1197 2002 nonar
1214 1957 1271 2001 nos
1290 1941 1427 2019 qaomois
1447 1937 1597 2016 animoa,
1617 1941 1673 1998 etc.

310 2049 458 2111 expressa
480 2041 526 2098 est
549 2037 669 2100 exista
692 2037 818 2102 Graeca.
860 2027 894 2100 ‘0
922 2032 1052 2100 πάντων
1076 2027 1159 2112 Θεός
1185 2032 1242 2100 καὶ
1269 2024 1430 2120 δεσπότης
1452 2023 1567 2114 οἷξίους
1588 2024 1675 2120 ἡμᾶς

310 2124 514 2216 τατέργασαι,
530 2131 590 2220 τῆς
601 2123 691 2220 ὥρας
705 2124 833 2221 ταύτης,
847 2126 925 2210 τούς
936 2124 1099 2216 dangione,
1113 2128 1342 2222 φιλύνθρωπε,
1359 2127 1414 2200 ἵνα
1433 2121 1674 2221 καθαρεύοντες

309 2219 431 2303 παντὸς
457 2219 554 2296 δόλου
579 2231 635 2298 καὶ
663 2224 772 2320 πάσης
794 2225 997 2321 ὑποκρίσεως
1017 2231 1193 2316 ἑνωθιῦμεν
1215 2223 1372 2321 ἀλλήλοις
1391 2233 1438 2317 τῷ
1458 2231 1517 2319 τῆς
1538 2219 1672 2320 εἰρήνης,

310 2323 365 2389 καὶ
392 2328 451 2412 τῆς
479 2319 610 2418 cipriano
639 2333 814 2418 συνδεσμιῐ,
838 2343 896 2398 ειο.
940 2336 1081 2419 Ejusdem
1109 2337 1274 2400 sententiae
1303 2343 1374 2399 sunt
1402 2334 1538 2415 reliquae
1568 2349 1672 2396 omnes

309 2425 455 2492 formulae
478 2431 638 2513 Syriacae,
660 2435 762 2499 similis
785 2437 938 2501 orationis.
1435 2437 1443 2449 ''

655 2694 853 2770 Diaconos:
877 2697 1010 2768 Stemus
1035 2697 1207 2785 decenter,
1235 2702 1298 2769 etc.
1735 2715 1773 2768 n.

409 2901 440 2980 F
442 2931 560 2978 onnuaa
589 2916 792 2999 antiquissima
820 2925 851 2982 et
878 2917 989 3000 ubique
1016 2925 1141 3001 recepta
1165 2918 1197 2980 in
1219 2917 1330 2981 Olllciis
1351 2917 1511 3000 liturgicis
1539 2913 1671 2995 Σσῶμεν
1717 2920 1825 2978 Discum
1839 2920 1996 2990 primior-

309 3011 423 3095 nands,
445 3017 572 3096 στῶμεν
593 3007 756 3100 citanda,
778 3016 905 3099 στῶμεν
925 3009 1010 3100 aad
1033 3007 1139 3108 φόβου
1161 3015 1246 3084 θεοῦ
1266 3016 1323 3084 καὶ
1343 3005 1556 3098 κατανύξεως.
1600 3019 1671 3082 Ste-
1684 3009 1747 3060 ‘⁸²⁵⁰
1773 3007 1806 3059 ¹¹⁶
1828 3005 1947 3061 ΜΨ
1968 3013 1995 3058 ⁰⁸

309 3134 376 3177 mut
393 3118 517 3196 pulcre,
539 3119 604 3182 sive
626 3122 784 3197 decmter,
807 3129 918 3183 stenar
935 3123 1003 3202 pie,
1029 3128 1140 3183 sternas
1162 3139 1230 3183 cam
1255 3123 1363 3183 timore
1383 3120 1444 3182 Dei
1471 3129 1502 3183 et
1527 3139 1674 3200 compran-
1686 3093 1817 3147 cundum.

310 3217 416 3280 ctione.
443 3213 486 3278 lta
508 3217 637 3282 hahetur
658 3220 688 3281 in
712 3220 836 3282 Graecis
859 3219 1014 3282 omnihus:
1044 3229 1074 3283 et
1095 3221 1126 3282 in
1149 3218 1283 3301 Copticis
1307 3218 1424 3282 Graece
1446 3219 1674 3300 pronunciatur,

309 3313 390 3399 quod
413 3315 492 3395 apud
515 3316 609 3398 Syros
631 3335 751 3399 quoque
773 3319 965 3382 observatum
986 3319 1058 3397 tuit,
1087 3337 1128 3382 ex
1159 3318 1341 3399 antiquitatis
1372 3319 1555 3382 reverentia.
1599 3317 1675 3380 Nam

310 3413 341 3474 in
362 3413 471 3478 ilituali
494 3416 575 3497 quod
598 3417 785 3480 Boderianus
808 3417 916 3497 edidit,
939 3419 970 3481 in
992 3417 1106 3499 aliquot
1126 3417 1286 3498 Litargiis,
1313 3417 1344 3478 in
1367 3415 1476 3480 Olllciis
1500 3416 1675 3480 Ordinatio-

311 3529 391 3592 nmn,
415 3521 446 3577 et
470 3515 551 3595 apud
572 3515 719 3580 Barsalihi
742 3517 875 3580 occurrit
896 3518 954 3580 ista
976 3516 1103 3580 formala
1127 3515 1251 3579 Graecis
1272 3515 1392 3593 verbis,
1414 3513 1510 3578 literis
1533 3516 1674 3597 Syriacis,

309 3629 396 3694 qnam
425 3615 576 3696 interpres
602 3633 664 3680 non
694 3615 855 3680 intellexit:
893 3616 1029 3680 similiter
1057 3617 1178 3697 saepius
1212 3615 1364 3697 reperitur
1393 3615 1424 3676 in
1452 3613 1674 3678 Pontilicalibus

309 3711 441 3793 Syriacis
470 3712 685 3779 Jacobitarum.
736 3715 833 3778 Habet
865 3723 963 3779 antem
993 3717 1245 3798 significationem
1276 3713 1439 3796 simplicem
1469 3722 1499 3776 et
1526 3714 1674 3778 literalem

309 3811 473 3874 secandum
495 3812 710 3894 Barsalihium,
734 3815 820 3896 cujus
844 3816 938 3879 verba
961 3817 1102 3897 superius
1124 3815 1219 3878 relata
1242 3821 1320 3877 sunt.
1350 3812 1543 3877 Consuetudo
1561 3813 1674 3894 quippe

310 3911 512 3974 vetustissima
541 3919 606 3990 est,
640 3921 673 3976 ut
706 3913 744 3976 ad
770 3914 933 3996 Litargiam
962 3923 992 3978 et
1024 3915 1122 3978 omnia
1151 3933 1238 3978 sacra
1269 3913 1370 3977 Ollloia
1398 3912 1559 3976 Christiani
1581 3921 1671 3976 stent.

310 4007 481 4091 Aliquando
504 4011 629 4090 sedent,
652 4014 779 4076 maxime
802 4013 833 4074 in
855 4013 991 4079 Ecclesia
1019 4015 1242 4094 Alexandrina,
1270 4014 1349 4078 unde
1376 4013 1407 4076 lit
1436 4021 1468 4074 ut
1499 4011 1675 4094 frequenter

310 4109 341 4172 in
354 4109 488 4190 Copticis
500 4109 609 4174 Olllciis
625 4118 766 4175 occurrat
786 4112 861 4176 haec
882 4112 1020 4195 formula,
1043 4133 1132 4197 qnae,
1153 4122 1186 4177 nt
1203 4115 1279 4178 aliae
1298 4131 1395 4196 prope
1418 4130 1532 4190 omnes,
1556 4112 1673 4176 Graece

310 4207 436 4286 dicitur,
462 4203 503 4274 Oi
524 4207 705 4295 καθημέναν
727 4199 896 4296 ἀνάστητε.
941 4214 1002 4290 Oai
1021 4217 1132 4277 sedens
1153 4215 1277 4294 surpite.
1321 4212 1353 4274 ln
1378 4210 1553 4294 quibusdam
1574 4219 1675 4275 tamen

309 4307 455 4373 Ecclesiis
477 4327 626 4390 nunqnam
649 4311 783 4390 sedetur,
806 4312 862 4374 sed
884 4314 935 4394 qui
956 4313 1069 4378 Officiis
1092 4315 1187 4378 sacris
1210 4314 1368 4390 intersunt,
1391 4311 1543 4392 scipiones
1562 4309 1675 4373 hahent

311 4410 417 4490 quous
439 4409 617 4489 innituntur,
642 4429 709 4474 cum
730 4411 850 4474 manium
874 4413 980 4476 stando
1002 4413 1156 4498 defatigati
1180 4421 1266 4490 sunt,
1297 4411 1375 4492 quod
1398 4411 1553 4474 Maronitis
1581 4410 1675 4474 iami-

310 4507 385 4572 liare
406 4516 468 4572 est:
491 4509 529 4571 ad
551 4509 626 4573 alios
648 4513 878 4592 adpertinent,
901 4515 1083 4596 ignoramus.
1128 4510 1282 4574 Praelatus
1305 4527 1398 4592 porro
1422 4509 1539 4572 Graece
1559 4507 1675 4572 Diaco-

310 4627 366 4672 nus
388 4603 521 4686 Στῶμεν
542 4604 658 4684 καλῶς,
676 4611 830 4695 subjungit
851 4613 927 4676 hanc
949 4613 1197 4690 exhortationem,
1223 4629 1310 4692 quam
1325 4617 1358 4672 ut
1373 4607 1537 4672 lectoribus
1556 4610 1674 4690 integra

315 4714 471 4772 constaret
492 4706 590 4770 Officii
612 4709 708 4790 ratic,
732 4729 771 4774 ex
793 4710 870 4774 lihro
893 4711 1050 4775 Ministerii
1078 4709 1231 4774 Diacoulci
1258 4709 1470 4773 transtulimus.
1518 4708 1571 4771 illa
1597 4725 1674 4771 vero

311 4807 416 4872 laudes
432 4806 490 4870 Dei
512 4805 550 4870 oh
573 4807 720 4872 beneficia
742 4811 808 4893 ejus
831 4829 906 4895 erga
928 4812 1085 4874 humanum
1107 4828 1205 4893 genus
1220 4809 1439 4892 complectitur,
1462 4817 1492 4875 et
1511 4807 1674 4895 gratiana

310 4908 456 4971 actionem
478 4907 516 4971 dc
539 4905 712 4972 hindatione
734 4910 891 4974 Ecclesiae
912 4929 968 4993 per
991 4909 1156 4974 Christum:
1178 4927 1299 4991 unoque
1321 4917 1430 4973 tenore
1452 4909 1674 4974 contessionem

309 5007 380 5071 tidei
401 5006 439 5071 de
462 5007 592 5070 veritate
615 5011 753 5090 corporis
776 5018 807 5091 et
829 5012 983 5093 sanguinis
1007 5012 1073 5094 ejus
1095 5011 1125 5072 in
1147 5009 1351 5088 Eucharistia,
1374 5007 1485 5090 ubique
1507 5008 1601 5072 terme
1622 5015 1673 5071 te·

333 5145 456 5194 raanan
1419 5126 1465 5200 13
