4814 6060
347 1127 396 1220 IN
436 1123 697 1219 LITURGIAM
740 1121 960 1219 nlosooltt
992 1122 1208 1217 EPISCOPI
1250 1124 1593 1220 oonullooltttn

884 1331 1059 1416 notul.

590 1616 623 1687 1.
657 1616 823 1687 Dioscori
848 1615 1015 1708 Episcopi
1041 1614 1179 1686 Incolae
1206 1614 1354 1687 cardon.

377 1812 431 1890 Da
454 1830 561 1886 autore
583 1821 669 1884 istius
692 1819 846 1902 liturgiae
869 1819 942 1882 nihil
964 1825 1088 1901 praeter
1110 1837 1221 1883 nomen
1250 1819 1379 1884 scimus:
1410 1820 1466 1884 sed
1490 1820 1657 1886 Jacohitam

286 1928 383 1992 luisse
412 1931 532 1988 constat
561 1943 602 1986 ex
631 1941 669 1986 eo
694 1921 912 2005 Diptychomm
941 1921 1025 2000 loeo,
1056 1922 1107 1984 uhi
1136 1923 1281 1986 memoria
1302 1922 1334 1986 lit
1356 1925 1446 1986 oium
1467 1923 1658 2006 Sprsodomm
1752 1957 1755 1970 ·

287 2027 564 2102 oecumenicorum,
594 2023 711 2086 scilicet
740 2021 864 2086 exclusa
893 2019 1147 2098 Calchedoncnsi,
1177 2023 1225 2084 cui
1241 2021 1533 2105 nlonophysinrum
1555 2029 1658 2088 sectae

287 2127 402 2202 variae,
426 2122 582 2186 anathema
604 2120 756 2200 dixerunt,
781 2139 839 2202 qua
862 2121 892 2183 in
915 2121 1080 2202 pertinacia
1096 2120 1252 2184 Jacobitae
1276 2130 1484 2201 perseverant

378 2223 462 2297 Quae
485 2221 524 2285 sit
546 2221 646 2284 lnsula
669 2228 720 2283 aut
741 2218 900 2284 Peninsula
929 2221 1073 2296 lior-dou,
1101 2238 1197 2300 aeque
1220 2221 1383 2284 obscurum
1406 2228 1462 2284 est.
1497 2221 1566 2285 Vox
1589 2223 1660 2304 qul-

290 2323 358 2386 dem
369 2323 498 2384 Eordoo
520 2341 537 2385 a
561 2321 657 2403 Syris,
680 2327 711 2384 et
732 2319 893 2401 aliquando
915 2319 952 2383 ah
974 2317 1126 2382 Arahihus
1147 2328 1293 2402 usurpata
1316 2329 1364 2384 est
1378 2321 1416 2384 ad
1433 2321 1660 2404 significandam

289 2423 460 2486 Montanum
475 2420 554 2484 illam
570 2422 728 2504 regionem
743 2419 904 2482 Armmiao
926 2421 1007 2482 circa
1029 2427 1159 2484 montem
1181 2419 1302 2498 Ararat‚
1324 2421 1376 2484 uhi
1398 2419 1478 2484 Arca
1501 2421 1568 2486 Noe
1590 2431 1661 2505 post

290 2522 431 2585 diluvirrm
453 2521 642 2602 requievisse
666 2519 778 2603 legitur
800 2518 956 2582 Geneseos
978 2536 1005 2583 e.
1028 2519 1059 2582 8.
1080 2538 1112 2582 a.
1135 2519 1166 2581 l.
1210 2519 1258 2582 Eo
1284 2519 1354 2584 loco
1384 2519 1518 2585 Onkelos
1541 2530 1659 2587 montes

288 2621 418 2700 Ararat,
448 2622 556 2699 vertit,
585 2627 702 2682 nwntes
730 2619 878 2694 Eosdem
907 2635 983 2699 quos
1010 2618 1095 2681 multi
1123 2618 1182 2680 viri
1205 2619 1286 2681 docti
1307 2619 1484 2704 Gordyaeos
1505 2621 1660 2703 interpre-

290 2727 405 2785 tantur:
428 2728 459 2784 et
475 2719 653 2782 Cordochos
664 2718 702 2782 de
717 2718 825 2799 quihus
846 2726 969 2780 veteres
981 2716 1155 2802 Geographi
1175 2719 1374 2799 scripserunt,
1398 2727 1429 2782 et
1451 2737 1528 2799 quos
1551 2718 1666 2784 Gurdis'

290 2820 439 2904 originem
462 2818 582 2881 dedisse
605 2817 767 2880 verisimile
791 2811 854 2896 est,
883 2816 1022 2899 plerique
1043 2817 1094 2880 illa
1116 2819 1146 2880 in
1168 2818 1297 2899 regione
1320 2817 1478 2881 collocant.
1517 2817 1660 2892 Quamvis

291 2928 388 2982 autem
410 2936 519 3001 magna
541 2919 690 2980 nominum
712 2918 835 2980 mutatio
858 2915 951 3000 longo
974 2917 1164 2980 saeculorum
1187 2916 1332 2996 decursu,
1356 2918 1463 2980 limites
1485 2917 1660 2999 Armeniae,

291 3027 322 3081 et
343 3018 508 3080 vicinarum
530 3017 752 3098 provinciarum
773 3014 861 3080 valde
884 3015 1063 3093 confuderit,
1086 3015 1341 3099 qualitercumque
1353 3017 1522 3100 appellatae
1537 3017 1659 3098 luerint,

292 3119 529 3182 Christianorum
559 3116 663 3198 plenas
693 3117 763 3180 olim
794 3115 888 3178 luisse
916 3114 983 3178 illas
1011 3116 1208 3178 certissimum
1236 3124 1297 3180 est:
1328 3123 1358 3178 et
1381 3117 1418 3179 ad
1441 3115 1660 3182 Antiochenam

290 3218 396 3281 sedem
418 3217 617 3298 pertinuisse,
647 3235 708 3281 nou
729 3214 818 3280 modo
840 3215 971 3280 Notitiae
992 3222 1134 3294 veteres,
1156 3215 1211 3278 sed
1232 3215 1311 3278 Acta
1332 3213 1547 3279 Ecclesiastico
1567 3216 1660 3280 multa

291 3317 504 3380 demonstrant.
547 3315 577 3380 A
609 3314 893 3378 hluhamedanarum
922 3332 1023 3378 rerum
1052 3316 1161 3393 initiis,
1195 3332 1263 3376 cum
1292 3314 1380 3395 pauci
1410 3313 1471 3377 illic
1501 3314 1660 3380 admodum

292 3415 461 3482 Orthodoxi
483 3415 591 3478 Graeci
613 3423 821 3497 superessent,
844 3415 913 3496 Syri
934 3414 1089 3477 lacobitae
1112 3416 1143 3476 in
1166 3433 1218 3476 eas
1241 3413 1338 3492 effusi,
1361 3412 1508 3477 Catholici
1526 3413 1660 3497 dignita-

290 3523 361 3592 tem,
385 3533 463 3596 quae
486 3513 542 3577 sub
566 3513 732 3577 iustiniano
754 3512 875 3576 videtur
897 3513 1041 3590 instituta,
1064 3513 1093 3574 in
1116 3531 1206 3576 uuum
1229 3531 1268 3574 ex
1290 3511 1451 3594 Episcopis
1469 3513 1659 3580 Antiocheno

290 3615 480 3676 Patriarchae
496 3613 639 3696 subjectis
655 3613 855 3692 contulerunt,
872 3631 959 3694 quem
973 3611 1125 3692 Mosa-iano
1141 3611 1380 3694 appellaverunt,
1404 3615 1532 3694 eJusque
1555 3613 1660 3678 sedem

293 3715 323 3777 in
346 3713 421 3776 urhe
445 3711 548 3775 Takrit
570 3715 643 3776 satis
673 3712 803 3790 celebri,
833 3713 1060 3776 constituerunt.
1105 3713 1185 3774 'lulis
1208 3713 1287 3775 inter
1309 3730 1382 3776 suos
1403 3712 1459 3775 luit
1481 3711 1658 3797 Gregorius,

292 3813 471 3896 cognomine
488 3811 715 3894 Abuliaragius:
739 3813 778 3875 de
798 3830 860 3893 quo
882 3811 968 3892 plura
991 3811 1070 3874 dicta
1092 3820 1161 3874 suunt
1182 3813 1213 3874 in
1236 3811 1497 3878 observationibus
1520 3813 1557 3877 ad
1579 3811 1658 3876 illius

290 3912 465 3995 liturgiam.
511 3911 544 3974 ln
566 3920 687 3975 vetusto
709 3911 876 3992 exemplari
897 3911 1007 3974 dicitur
1028 3909 1121 3974 fuisse
1141 3913 1259 3991 primos
1279 3913 1312 3974 in
1332 3911 1477 3976 Montano
1497 3911 1659 3976 Arnim

291 4017 322 4074 et
344 4013 375 4074 in
396 4012 453 4076 ista
474 4010 618 4074 llioecesi
639 4010 694 4074 luit
716 4019 856 4093 quantum
879 4011 988 4092 conjici
1008 4017 1110 4091 potest
1121 4009 1321 4092 Episcopatus
1343 4010 1394 4075 ille
1407 4010 1541 4074 Gordos.
1564 4011 1659 4086 Quis-

291 4111 358 4193 quis
381 4109 500 4174 tandem
523 4109 573 4172 illc
594 4109 695 4189 luerit,
718 4109 843 4194 agnosci
865 4111 894 4171 in
917 4110 974 4171 hac
996 4109 1061 4190 ejus
1084 4108 1219 4193 Liturgia
1241 4119 1353 4192 potest,
1376 4110 1497 4194 linguae
1515 4109 1658 4193 Syriacae

291 4228 399 4294 magna
428 4212 551 4292 peritia,
583 4217 613 4272 et
635 4208 822 4293 Theologiao
842 4207 968 4271 facultas
997 4226 1058 4271 non
1091 4208 1265 4272 mediocris:
1300 4218 1361 4272 tum
1392 4211 1560 4274 testimonia
1589 4209 1658 4272 fidei

290 4309 493 4373 Jacobitarum
516 4309 555 4371 de
576 4327 651 4372 vera
673 4309 812 4390 corporis
835 4315 865 4371 et
888 4308 1042 4390 sanguinis
1067 4307 1177 4372 Christi
1204 4311 1235 4370 in
1258 4307 1454 4373 Sacramenta
1475 4309 1657 4390 praesentia,

290 4415 350 4470 mm
381 4409 544 4490 perspicua
574 4415 750 4486 occurrunt,
784 4414 817 4470 ut
852 4407 962 4472 nullam
984 4407 1212 4471 Protestantium
1233 4401 1472 4497 παρερμηνείαν
1493 4409 1658 4473 admittant.

290 4507 381 4570 Extat
402 4506 452 4570 illa
475 4509 505 4570 in
527 4506 626 4570 multis
649 4516 680 4570 et
698 4506 1012 4598 antiquiscmieibus,
1034 4505 1075 4569 ita
1098 4515 1131 4570 ut
1152 4506 1190 4570 de
1205 4507 1271 4589 ejus
1295 4508 1375 4590 apud
1389 4507 1543 4586 Jaoohitas
1566 4513 1658 4570 auto-

291 4607 379 4670 ritate
402 4606 546 4672 dubitatio
569 4625 641 4672 esse
662 4607 743 4672 nulla
765 4609 871 4690 possit.

437 4831 455 4894 '.
485 4869 520 4941 2.
563 4869 606 4941 In
632 4893 677 4941 co
701 4873 802 4941 nocte
828 4891 897 4965 qno
917 4875 1064 4963 parolus
1090 4873 1168 4940 erut
1193 4867 1240 4939 od
1261 4868 1467 4962 poliertdona

389 5061 481 5156 Quen
504 5072 613 5138 Graeci
635 5081 666 5137 et
687 5075 784 5138 Latini
804 5075 857 5137 vix
879 5083 910 5138 et
931 5074 1084 5138 rarissime
1106 5070 1261 5152 iecerunt,
1283 5073 1315 5136 in
1336 5073 1428 5136 variis
1451 5091 1527 5156 quas
1548 5072 1658 5138 edide-

292 5186 362 5240 runt
383 5177 542 5262 liturgiis,
572 5185 605 5241 ut
630 5176 724 5240 verba
745 5177 931 5261 Euangeliou
953 5175 991 5240 ad
1011 5173 1218 5243 Eucharistiae
1240 5177 1456 5242 iustitutionem
1477 5177 1656 5260 spectantia,
1722 5263 1724 5268 ,
