4782 6068
629 559 688 635 DE
713 556 1109 638 NESTOthllORllll
1139 555 1378 636 lllURGllS.
1612 558 1689 634 567,

318 769 392 820 cum
414 745 580 818 multoties
602 768 675 818 cum
696 745 836 820 Graecis
856 745 1036 820 concordia
1058 747 1137 817 inita
1158 743 1269 835 fuerit,
1292 753 1349 817 aut
1370 743 1558 820 Orientales
1583 741 1707 820 (ilari-v

291 853 415 938 *stiani
442 860 485 933 ad
510 863 667 934 ιιιίιιιθιιι
694 865 833 958 recepti,
860 863 1108 936 accusationem
1131 859 1254 934 hullarn
1281 865 1503 952 sustinuerint,
1531 866 1627 958 quasi
1652 867 1687 936 ia

317 981 511 1052 necessaria
538 975 718 1050 verborum
744 979 1009 1052 consecrationis
1035 975 1161 1064 iorma,
1186 986 1375 1072 peccarent.
1430 978 1555 1053 Omnes
1581 1002 1685 1076 porro

318 1095 472 1169 Graecae
506 1093 677 1186 Litargiae
709 1093 797 1166 illam
829 1093 952 1166 habent
986 1116 1085 1188 quarn
1110 1090 1351 1186 Evangelistae
1384 1094 1551 1184 referunt,
1586 1097 1685 1167 etiam

317 1211 461 1283 diversis
489 1209 665 1304 aliquando
698 1203 813 1283 verbis
850 1211 1053 1307 expositam:
1085 1210 1129 1280 ita
1155 1208 1320 1305 Syriacae
1351 1219 1419 1282 ιιιιι
1445 1209 1685 1300 blelchitarum,

317 1349 414 1424 mam
442 1325 680 1415 Jacobitarum,
707 1325 883 1422 Copticae,
909 1325 1127 1413 Armenicae,
1156 1347 1272 1398 omues
1299 1324 1448 1399 tandem:
1482 1327 1578 1400 solae
1604 1329 1686 1401 bla-

316 1447 477 1516 roniticae
515 1440 661 1515 llissalis
700 1441 830 1514 Romae
869 1440 947 1534 editi
985 1441 1085 1514 talem
1119 1441 1407 1537 interpolationem
1441 1466 1565 1541 passae
1600 1443 1686 1533 suut,

315 1559 427 1647 nulla,
459 1561 564 1650 cujus¹
578 1559 759 1631 Decretum
785 1567 895 1649 extet,
922 1561 1098 1632 autoritate
1124 1557 1308 1632 Pontificio:
1335 1559 1438 1633 multo
1464 1563 1571 1634 miuus
1597 1584 1686 1658 pro-

316 1680 442 1773 scripta
482 1677 647 1771 reperitur
685 1671 865 1747 verborum
902 1673 1025 1746 Christi
1064 1675 1351 1746 sacramentalium
1385 1675 1547 1764 formula,
1587 1699 1686 1772 pram

317 1789 471 1864 Graecae
496 1789 672 1862 Ecclesiae
698 1813 719 1861 a
745 1789 853 1862 multis
880 1789 1024 1862 saecubs
1057 1811 1119 1862 usu
1155 1791 1345 1884 quotidiano
1378 1791 1685 1888 hequentnvcruut,

317 1906 443 2002 absque
469 1906 536 1979 ulla
560 1905 753 1992 Romanae,
789 1929 875 2001 quae
902 1927 977 1977 cum
1002 1903 1066 1977 illis
1093 1907 1377 2020 communicabat,
1412 1909 1685 2005 reprehensione.

316 2024 436 2120 Neque
463 2045 544 2096 sane
571 2030 644 2094 erat
669 2024 850 2118 suspicioni
876 2022 984 2112 locus,
1011 2045 1085 2094 cum
1113 1999 1264 2107 Gothico
1290 2022 1515 2115 Mosarabica,
1542 2033 1575 2097 et
1594 2027 1685 2101 Arn-

316 2139 475 2214 brosiana
510 2139 683 2232 Litargiae
720 2137 839 2212 eodem
872 2138 971 2212 modo
999 2138 1106 2212 verba
1133 2136 1255 2212 Christi
1281 2139 1443 2230 referant,
1472 2153 1508 2214 ut
1534 2164 1554 2212 a
1581 2143 1685 2217 tribus

316 2256 544 2349 Evangelistis
571 2264 606 2327 ct
630 2254 797 2351 Apostolo
824 2253 927 2328 Paulo
954 2258 1162 2350 praescripta
1189 2265 1274 2328 sunt

419 2371 461 2443 Χ.
488 2371 567 2442 Pari
593 2374 722 2442 ratione
748 2370 867 2443 multas
894 2369 1046 2467 Syriacis
1072 2369 1243 2463 Litargiis
1266 2375 1495 2446 caeremonias
1527 2373 1685 2448 addidere
1733 2397 1915 2457 casamenta
1932 2404 2007 2458 ιιιι-

317 2488 487 2561 Censores
515 2487 675 2573 Lusitani,
703 2509 769 2581 quo
783 2485 943 2560 Romanis
969 2509 1032 2584 per
1058 2490 1168 2560 omnia
1196 2487 1321 2561 similes
1349 2498 1472 2579 essent,
1498 2502 1534 2563 ut
1560 2492 1684 2565 eleva·
1698 2487 1760 2542 ‘¹⁰¹⁰
1775 2487 1972 2544 0¹¹¹¹¹¹¹¹¹¹¹¹¹¹
1964 2507 2008 2544 ¹¹¹·

315 2609 439 2677 tionem
464 2601 713 2691 Eucharistiae,
747 2606 855 2676 statim
890 2613 967 2702 post
1000 2607 1307 2699 pronunciationem
1341 2603 1522 2678 verborum
1550 2581 1763 2698 Christum*

317 2743 402 2817 quae
429 2718 671 2792 consuetudo
660 2742 694 2792 ιιι
722 2719 858 2792 Oriente
883 2718 994 2794 locum
1021 2718 1233 2810 nonhabet,
1260 2720 1346 2793 adeo
1373 2723 1445 2793 ut
1435 2744 1468 2794 ιιι
1493 2719 1684 2796 Maronita-

315 2859 386 2908 rum
413 2835 543 2909 lllissali
570 2833 702 2928 adjecta
728 2857 795 2909 nou
821 2835 930 2908 uerte
984 2835 1160 2909 'limabant
1186 2836 1315 2910 scilicet
1339 2834 1419 2909 boui
1451 2837 1496 2909 illi
1528 2841 1610 2928 viri,
1640 2863 1685 2913 ne

317 2952 468 3024 adoratio
501 2950 732 3025 Eucharistiae
766 2950 888 3024 deesse
922 2951 1104 3024 videretur.
1162 2954 1210 3025 At
1243 2955 1331 3025 scire
1367 2954 1561 3028 debuissent
1594 2956 1684 3030 illam

317 3068 444 3140 elevari
471 3067 584 3140 solere
609 3072 642 3139 in
671 3066 822 3154 Oriente,
850 3089 924 3138 cum
950 3065 1164 3156 inclamatur,
1198 3067 1333 3139 Sancta
1364 3073 1509 3159 acuetis,
1543 3082 1577 3143 et
1608 3083 1685 3145 tunc

316 3183 466 3256 exhiberi
493 3185 617 3280 populo
644 3182 862 3257 adorandam:
890 3183 979 3278 quod
1005 3205 1051 3254 ex
1070 3181 1231 3279 Copticis,
1257 3182 1517 3282 Jacobilicisque
1544 3188 1683 3261 etblel-

314 3299 441 3373 chiticis
468 3301 631 3397 Syrorum
658 3297 842 3372 Ritualibus
870 3298 1000 3372 abunde
1026 3301 1246 3372 confirmatur.
1298 3301 1347 3373 lta
1377 3323 1439 3398 per
1464 3305 1684 3398 importunam

315 3415 586 3490 reformationem
615 3414 710 3488 datur
736 3417 870 3489 occasio
899 3415 1102 3488 adversariis
1116 3415 1292 3490 Ecclesiae
1312 3416 1572 3513 limpidissimum
1589 3419 1683 3493 Tra-

315 3533 446 3606 ditiouis
471 3531 596 3606 fontem
624 3531 853 3622 conturbandi,
881 3535 976 3628 quasi
1003 3531 1146 3622 damnet,
1174 3533 1263 3629 quod
1289 3532 1332 3606 ad
1357 3536 1451 3606 initio
1475 3517 1708 3610 Christianae

314 3649 485 3742 religionis
517 3649 639 3744 ubique
672 3659 859 3744 receptum,
893 3651 967 3746 ipsa
1003 3671 1065 3745 per
1098 3652 1375 3723 communionem*
1397 3649 1505 3724 multis
1538 3650 1682 3725 saeculis

314 3789 388 3838 cum
415 3764 637 3839 Orientalibus
662 3765 825 3838 Ecclesiis
852 3767 1074 3839 continuatam
1107 3764 1316 3862 approbavit.

416 3883 474 3954 Xl.
526 3882 603 3955 Alia
639 3905 724 3978 quae
757 3883 904 3955 similiter
938 3879 1108 3954 Censores
1143 3881 1293 3956 Lusitani
1327 3882 1586 3958 emendaverunt
1612 3888 1681 3959 suis
1734 3913 1868 3972 avocato
1895 3919 2003 3990 spiritua

311 3997 397 4070 locis
424 3997 710 4082 examinabuntur,
737 4020 837 4070 unum
862 3996 961 4071 modo
989 4001 1198 4090 attingemus
1244 3999 1282 4071 ln
1308 3999 1459 4073 omuibus
1486 4003 1681 4094 cujuscum-
1694 4003 1781 4054 ¹¹¹¹¹¹

314 4136 380 4208 que
405 4115 539 4207 linguae
564 4114 723 4208 Litargiis
752 4114 988 4202 Orientalibus,
1021 4115 1193 4188 luvocatio
1227 4118 1333 4188 sancti
1360 4117 1544 4213 Spiritus
1533 4141 1567 4190 m
1594 4117 1681 4190 doua

313 4234 504 4326 proposita,
540 4240 574 4302 et
605 4229 721 4303 verbis
746 4230 963 4324 Evangelicis
996 4241 1214 4320 consecrata,
1249 4235 1359 4306 statim
1385 4243 1485 4329 atque
1510 4233 1566 4306 illa
1592 4256 1681 4328 pro-

312 4349 467 4418 nunciata
500 4355 589 4434 sunt,
623 4346 803 4441 subjicitur.
861 4348 899 4419 ln
924 4346 1042 4420 Latina
1073 4352 1233 4422 versione
1262 4349 1380 4422 iisdem
1406 4352 1622 4446 praeponitur
1647 4361 1682 4422 et

313 4465 354 4535 iis
382 4463 513 4556 quidem
539 4461 654 4536 verbis
682 4486 769 4558 quae
794 4462 910 4536 formis
930 4464 1075 4538 'abarum
1100 4464 1325 4557 Litargiarum
1351 4488 1418 4538 non
1450 4468 1583 4539 omuino
1616 4488 1680 4538 rc-

314 4578 496 4674 spondeat,
529 4579 647 4652 desunt
680 4583 768 4652 enim
798 4582 878 4653 ista:
912 4588 950 4652 ιιι
981 4583 1166 4654 Maeuiam
1197 4580 1349 4675 Spiritum
1380 4588 1518 4653 cunctus
1549 4584 1681 4675 efficiat

310 4717 435 4787 panem
461 4695 594 4789 quidem
619 4699 716 4768 ictum
750 4719 874 4790 corpus
900 4697 1042 4787 Christi,
1074 4703 1110 4770 et
1142 4697 1284 4769 culicem
1318 4702 1515 4794 sanquinem
1541 4695 1679 4784 Christi,

313 4816 378 4882 etc.
405 4821 441 4883 ut
465 4809 627 4883 babenurr
652 4815 803 4907 inipso,
840 4813 881 4886 de
908 4836 974 4909 qrro
1002 4818 1149 4906 agimus,
1182 4812 1384 4887 Nestoriauo
1410 4817 1475 4887 ritu
1499 4815 1533 4886 in
1560 4812 1679 4886 Theo-

314 4925 386 4998 dori
414 4936 448 4998 et
473 4925 622 5001 Nestorii
646 4927 815 5022 Liturgiis.
868 4928 987 5003 Statim
1014 4932 1159 5004 occurrit
1189 4933 1299 5003 animo
1327 4929 1552 5005 diversitatem
1588 4929 1677 5002 illam

313 5038 355 5113 ab
392 5040 509 5114 eadem
543 5042 727 5117 Causarum
762 5067 861 5118 mauu
896 5069 975 5122 esso
1009 5045 1210 5144 prolectam,
1257 5049 1311 5144 qui
1343 5049 1470 5123 veteris
1506 5047 1677 5124 doctrinae
