4730 6038
674 508 750 584 ata
993 513 1169 590 sirmam
1195 512 1397 591 ruinosum
1422 498 1720 594 mmoroninm.

673 700 851 792 spiciamur
876 699 973 772 liberi
999 722 1019 770 a
1045 702 1193 796 pcccatis
1220 710 1254 773 et
1279 700 1407 775 delictis
1434 704 1518 790 suis,
1545 703 1806 801 splendeantqne
1826 708 1912 779 sicut
1925 704 1977 780 sol
2002 709 2038 779 iu

671 834 778 905 reguo
806 825 863 887 tuo
889 815 1048 906 coelesti,
1075 819 1151 911 quia
1177 827 1212 888 tu
1238 839 1276 890 es
1301 815 1430 910 bouus,
1458 831 1492 892 et
1516 819 1638 893 multae
1663 821 1931 894 misericordiae:
1962 843 2039 894 cnm

670 933 840 1022 unigenito
866 930 935 1004 tilio
962 941 1019 1004 tuo
1046 942 1080 1004 et
1104 931 1230 1027 Spiritu
1255 943 1312 1006 tuo
1339 945 1476 1026 sancto,
1502 945 1565 1009 etc.

773 1057 934 1150 Papulas.
986 1061 1105 1132 Amen.

773 1187 957 1260 Sacerdos.
1010 1188 1095 1261 Pax.

775 1314 937 1411 Populos.
989 1316 1134 1390 Etcum
1161 1321 1277 1414 spiritu
1304 1328 1373 1392 tuo.

772 1446 957 1519 Sacerdos.
1010 1447 1262 1526 Misericordiae
1287 1449 1351 1522 Dei
1366 1441 1452 1522 'sint

775 1576 936 1670 Papulas.
990 1575 1074 1648 Cum
1104 1579 1219 1673 spiritu
1245 1590 1313 1651 tuo.

772 1704 961 1777 Diaconos.
1015 1706 1099 1778 Cum
1126 1708 1254 1779 timore.

772 1833 934 1927 Populos.
986 1836 1081 1908 Unus
1108 1836 1209 1906 Pater
1235 1845 1381 1908 sanetius.

772 1961 960 2038 Diaconos.
1013 1964 1148 2037 Stemus
1175 1963 1344 2037 decenter.

772 2095 933 2188 Popatos.
988 2093 1122 2167 Gratias
1149 2095 1288 2184 agimus.

772 2222 948 2296 Sacerdos
974 2224 1059 2295 dicu
1085 2225 1275 2293 orationem
1307 2225 1497 2314 gratiorem
1523 2227 1679 2296 actionis.
1734 2222 1867 2297 Gratias
1903 2226 2034 2318 agimus

669 2338 728 2411 tibi
753 2339 898 2412 Domine
923 2340 1017 2411 Deus
1042 2348 1169 2428 noster,
1196 2359 1258 2434 pro
1286 2337 1437 2412 omnibus
1463 2343 1528 2412 tuis
1543 2361 1627 2433 erga
1643 2363 1706 2415 nos
1731 2336 1917 2414 beneficiis:
1945 2336 2034 2432 quot

668 2455 819 2528 liberasti
844 2477 908 2527 nos
944 2479 964 2527 a
997 2463 1155 2550 peccato,
1191 2463 1225 2524 et
1256 2457 1466 2548 praeparasti
1501 2455 1543 2527 ad
1573 2478 1713 2549 regnum
1745 2467 1833 2527 tunm
1869 2453 2034 2529 coeleste:

668 2572 757 2667 quod
784 2572 929 2645 eduxisti
955 2593 1018 2643 nos
1045 2593 1091 2642 ex
1117 2591 1178 2642 ore
1205 2567 1359 2642 draconis
1386 2572 1575 2665 spiritualis,
1602 2581 1636 2644 et
1660 2570 1810 2644 habitare
1836 2570 1945 2642 fecisti
1971 2592 2034 2643 nos

668 2690 700 2759 in
727 2681 881 2760 Ecclesia
909 2699 964 2759 tua
991 2696 1124 2760 sancta:
1153 2686 1242 2780 quod
1268 2669 1399 2758 v'ocasti
1425 2708 1488 2759 nos
1514 2687 1605 2761 filios·
1625 2699 1702 2763 tuos
1728 2690 1973 2784 pergratiam,
2000 2696 2034 2759 et

667 2804 830 2876 tradidisti
856 2802 952 2876 nobis
980 2802 1261 2899 dispensationem
1280 2805 1513 2898 mysteriorum
1526 2815 1655 2877 mamm
1669 2815 1859 2878 sanctorum
1885 2813 1920 2875 et
1944 2823 2033 2875 coe-

667 2921 816 2994 lestium:
844 2909 931 3015 quod
958 2941 1032 2992 cum
1066 2918 1166 2991 alieni
1193 2939 1363 3008 essemus,
1392 2918 1594 2994 domesticos
1630 2930 1705 2994 tuos
1738 2919 1847 2993 iecisti
1879 2941 1942 2991 uos
1972 2942 2034 3015 per

668 3041 872 3129 unigenitum
899 3036 999 3108 filium
1027 3045 1133 3106 tuum:
1161 3037 1217 3130 qui
1242 3038 1451 3107 commiscuit
1470 3058 1593 3132 corpus
1619 3059 1713 3110 suum
1740 3035 1937 3132 corporibus
1963 3056 2033 3107 uo-

667 3157 745 3227 stris
773 3165 807 3225 et
832 3156 1027 3245 sanguinem
1054 3173 1149 3224 suum
1175 3153 1306 3224 miscuit
1330 3151 1486 3224 membris
1512 3157 1654 3226 nosuts:
1686 3155 1903 3249 promisitque
1934 3151 2032 3226 nobis

665 3293 807 3362 regnum
834 3268 923 3366 quod
949 3291 1016 3342 uon
1041 3271 1143 3363 perit:
1170 3267 1260 3340 bona
1286 3289 1372 3363 quae
1397 3289 1465 3339 non
1486 3277 1669 3358 transeunt,
1695 3268 1932 3364 etvoluptates
1946 3290 2032 3363 quae

664 3367 763 3459 finen't
790 3408 857 3459 non
890 3385 1021 3458 habent
1074 3383 1264 3480 Eapropter
1297 3382 1413 3456 laudes
1448 3406 1548 3479 puras
1581 3385 1764 3459 referemus
1797 3382 1856 3457 tibi
1889 3383 2031 3477 gloriam

665 3516 699 3577 et
725 3505 905 3598 gratiarum
932 3504 1109 3590 actionem,
1135 3511 1199 3572 eto.
1308 3595 1311 3603 .
1463 3501 1467 3504 ’

768 3632 928 3726 Populos.
980 3632 1099 3704 Amen.

766 3761 950 3833 Sacerdos.
1003 3761 1088 3831 Pax.
1185 3809 1193 3820 .

768 3889 928 3983 Popatus.
980 3887 1125 3960 Etcum
1152 3890 1362 3984 spiritutno.

767 4021 954 4090 Diaconos.
1008 4019 1100 4090 Post.

767 4148 928 4241 Popcdas.
982 4146 1106 4219 Coram
1132 4159 1176 4220 te.

767 4276 952 4349 Sacerdos.
1005 4275 1135 4349 Christe
1161 4277 1255 4349 Deus
1280 4285 1407 4364 noster,
1433 4274 1580 4346 clemens
1607 4283 1641 4346 et
1667 4277 1876 4364 misericors,
1909 4280 1964 4371 qui
1989 4300 2030 4351 es

661 4397 864 4490 propitiatio,
891 4403 925 4466 et
949 4392 1117 4465 mundatio
1145 4393 1288 4467 omniurn
1315 4400 1541 4488 peccatorum,
1568 4393 1701 4487 suscipe
1723 4389 1909 4464 oblationes
1935 4396 2027 4482 istas,

574 4589 578 4598 ,
664 4533 749 4606 qnae
777 4533 796 4582 a
824 4510 921 4583 nobis
947 4510 1006 4583 tibi
1034 4508 1167 4582 oblatae
1193 4519 1279 4600 sunt,
1306 4512 1392 4583 sicut
1418 4506 1605 4581 oblationes
1632 4509 1769 4603 piorum·
1788 4511 1931 4580 omnium
1959 4531 2026 4582 an-

662 4630 838 4720 tiquorum,
867 4628 921 4723 qui
934 4635 1218 4722 exspectaverunt
1236 4648 1332 4721 spem
1356 4637 1456 4714 tuam,
1483 4635 1519 4696 ut
1545 4626 1675 4714 attenti,
1700 4646 1810 4718 neque
1836 4622 1967 4720 spoliati
1993 4628 2027 4698 in

647 4729 726 4814 'illis
753 4765 1028 4840 perseveremus:
1055 4751 1089 4814 ct
1116 4741 1241 4816 deliciis
1268 4763 1406 4816 mensae
1432 4749 1509 4812 tuae
1528 4739 1704 4836 spiritualis
1721 4737 1813 4832 digni
1840 4739 2028 4828 efficiamur,

663 4861 826 4956 simulque
851 4859 971 4932 fiducia
998 4880 1112 4932 coram
1138 4858 1258 4931 throno
1285 4859 1468 4950 majestatis
1494 4865 1584 4946 tuae,
1609 4859 1644 4926 in
1669 4854 1742 4944 ilio,
1769 4877 1836 4952 quo
1863 4858 2028 4930 exorieris

662 4977 715 5050 die
742 4978 872 5070 gaudii,
907 4974 1053 5049 laetitiae
1088 4986 1122 5049 et
1156 4976 1369 5049 extdtationis
1400 4997 1475 5046 cmn
1510 4976 1633 5048 sanctis
1667 4972 1731 5045 tuis
1764 4972 1798 5042 in
1830 4994 1937 5066 regno
1972 4981 2029 5044 tuo
