4728 6028
746 545 819 620 106
1114 546 1731 630 onsutvnrtont's

629 785 633 794 .
738 731 913 806 nitentibus,
936 730 1143 794 multominus
1164 749 1222 812 pro
1245 731 1415 796 infidelibus
1437 737 1574 814 mortuis,
1595 753 1724 816 unquam
1747 737 1845 800 oravit
1858 737 2006 819 Ecclesia,
2029 741 2110 822 qdod

739 839 841 894 tamen
854 831 962 894 Graeci
985 832 1172 893 recentiores
1194 831 1261 894 lieri
1284 849 1375 912 posse
1398 833 1577 914 concedunt,
1600 833 1691 914 idque
1713 843 1746 897 ut
1762 836 1938 901 confirment
1948 848 2109 903 recurrunt

625 957 632 968 ·
740 929 778 990 ad
800 929 917 992 tabulas
939 930 1122 993 Falconillae
1146 938 1176 992 et
1202 930 1333 1012 Trajani.
1373 932 1438 1005 Qua
1460 951 1534 996 vero
1557 935 1691 1013 rationo,
1716 936 1874 1014 quandove
1896 935 2012 1000 fructus
2035 957 2109 1003 ora-

738 1029 852 1091 tionum
882 1036 914 1091 et
940 1029 1087 1092 bonorum
1116 1045 1244 1110 operum
1273 1029 1310 1092 ad
1333 1030 1439 1094 lideles
1463 1031 1621 1096 defunctos
1643 1035 1836 1115 perveniret,
1860 1037 1979 1100 divinae
2002 1041 2110 1118 provi-

740 1128 860 1190 dentiae
882 1128 1021 1190 relictum
1044 1135 1099 1190 est.
1144 1128 1270 1210 Purgari
1297 1146 1392 1210 porro
1420 1138 1547 1210 peccata
1569 1131 1664 1210 levia,
1695 1141 1744 1194 aut
1766 1134 1942 1214 graviorum
1965 1136 2108 1217 reliquias

738 1228 933 1308 perignem,
955 1229 1143 1309 Augustinus
1167 1227 1277 1290 dudum
1300 1228 1462 1307 docuerat,
1487 1239 1519 1293 ut
1541 1231 1629 1294 etiam
1653 1231 1827 1310 Caesarius,
1850 1252 1927 1315 quos
1951 1235 2034 1299 multi
2056 1237 2108 1300 alii

739 1326 841 1389 imitati
863 1334 933 1388 sunt
953 1328 1033 1388 inter
1054 1327 1186 1390 Latinos.
1231 1326 1280 1388 Ex
1302 1326 1426 1391 Graecis
1449 1347 1523 1392 vero
1546 1331 1684 1394 Patribus
1707 1350 1782 1412 prae
1799 1333 1928 1394 caeteris
1941 1333 2107 1416 Gregorius

738 1425 912 1505 Nyssenus,
937 1427 1022 1507 cujus
1044 1425 1154 1501 verba,
1183 1443 1250 1488 cum
1273 1428 1460 1490 recentiores
1484 1429 1522 1490 ad
1544 1447 1628 1491 suam
1650 1432 1827 1493 sententiam
1850 1430 1970 1493 trabere
1993 1431 2108 1514 despe-

737 1531 857 1599 rarent,
884 1524 982 1600 iilum,
1010 1532 1044 1587 ut
1066 1524 1207 1607 Origenis
1232 1525 1386 1588 erroribus
1410 1526 1539 1607 allincm,
1572 1548 1612 1591 ex
1634 1531 1754 1592 testium
1777 1548 1902 1592 numero
1925 1531 2107 1612 rejecerunt.

739 1623 864 1696 Quantis
888 1642 961 1686 vero
985 1623 1207 1687 difficultatibus
1229 1623 1347 1688 laboret
1369 1624 1518 1690 hominurn
1549 1629 1673 1691 istorum
1697 1627 1862 1710 Theologia
1885 1637 2025 1694 accurate
2049 1651 2108 1694 ex-

483 1711 585 1765 neser.
607 1713 726 1768 ΒΜ·
738 1725 840 1804 posuit
862 1723 982 1785 ultimus
1005 1741 1131 1804 operum
1155 1725 1186 1786 S.
1209 1723 1334 1786 loannis
1356 1724 1534 1788 Damasceni
1564 1726 1662 1789 editor
1691 1727 1725 1790 li.
1757 1728 1788 1790 Ρ.
1816 1727 1944 1790 blicbael
1971 1729 2107 1810 Lequien

448 1796 659 1868 LXV11.useq.
739 1822 860 1885 Ordinis
877 1821 1121 1885 Praedicatorum
1142 1822 1335 1886 doctissimus
1351 1823 1536 1906 Theologus,
1560 1833 1590 1887 et
1611 1843 1668 1888 nos
1692 1835 1832 1907 quantum
1854 1828 1927 1890 satis
1950 1837 2044 1909 esset,
2068 1829 2106 1893 de

739 1921 846 1984 codem
869 1928 1046 2001 argumento
1070 1920 1139 1984 loco
1163 1923 1253 1984 citato
1277 1920 1413 1984 diximus.

448 2017 569 2075 Novium
596 2039 641 2075 ιιι
678 2041 724 2078 ιιι-
809 2020 927 2086 ‚Omnis
949 2041 1042 2106 porro
1065 2023 1215 2086 inauditae
1238 2022 1317 2086 illius
1333 2022 1521 2108 'l'beologiae
1545 2023 1747 2087 Graecanicae
1769 2025 1858 2100 ratio,
1881 2026 1946 2088 sola
1969 2045 2024 2088 sua
2046 2045 2107 2090 no-

413 2114 500 2174 specta
518 2117 564 2160 cst.

737 2121 830 2184 vitate
853 2131 995 2203 suspecta
1017 2141 1087 2185 esse
1110 2123 1217 2200 debet,
1247 2123 1331 2203 cujus
1354 2131 1477 2204 praeter
1499 2124 1566 2201 alia,
1590 2141 1650 2186 non
1672 2123 1740 2187 leve
1763 2124 1900 2187 indicium
1924 2126 2043 2188 ducitur
2066 2146 2106 2190 ex

737 2219 930 2284 Orientalium
960 2222 1099 2300 silentio,
1136 2224 1186 2302 qui
1216 2221 1296 2284 illam
1323 2241 1450 2303 prorsus
1479 2225 1629 2305 ignorant.
1674 2224 1715 2284 At
1746 2224 1923 2305 quicumque
1958 2224 2105 2305 ejusmodi
2147 2203 2152 2222 ’

736 2321 909 2400 opinionum
932 2321 1124 2402 praejudiciis
1147 2321 1234 2384 liberi
1257 2329 1337 2397 suut,
1360 2331 1391 2384 et
1414 2325 1597 2399 orationem,
1628 2322 1855 2404 Liturgiamque
1876 2341 1932 2404 pro
1956 2322 2105 2386 defunctis

736 2418 900 2483 observant
922 2440 962 2483 ex
984 2427 1101 2483 vetusta
1125 2420 1295 2498 traditione,
1318 2427 1429 2484 animas
1453 2441 1576 2497 eorum,
1605 2422 1630 2484 si
1652 2421 1802 2502 Martyres
1826 2430 1857 2484 et
1879 2423 1955 2507 alios
1978 2423 2105 2484 eximiae

734 2520 899 2582 sanctitatis
912 2521 1088 2602 excipimus,
1112 2521 1292 2602 purgatione
1315 2519 1463 2604 indigere,
1486 2519 1572 2582 simul
1596 2529 1773 2603 agnoscunt.
1804 2521 1871 2584 Non
1883 2523 1975 2603 igitur
1990 2530 2104 2584 temere

734 2635 752 2678 a
780 2616 960 2682 doctissimis
991 2618 1154 2701 Theologis
1183 2619 1292 2682 dictum
1319 2619 1391 2698 luit,
1434 2622 1601 2682 orationem
1630 2637 1686 2701 pro
1714 2624 1839 2685 mortuis
1871 2640 1939 2684 cum
1968 2621 2103 2685 doctrina

733 2716 903 2799 Purgatorii
924 2722 965 2782 ita
987 2739 1057 2784 esse
1080 2705 1278 2800 conjunctam,
1302 2728 1335 2782 ut
1356 2737 1416 2782 una
1438 2720 1504 2782 sine
1527 2719 1623 2782 altera
1645 2728 1727 2788 stare
1750 2739 1811 2783 non
1835 2723 1941 2802 possit.
1964 2721 2028 2784 Nec
2041 2737 2102 2800 op-

733 2820 805 2898 poni
836 2817 925 2882 debet
955 2819 1103 2882 obstinata
1130 2816 1315 2882 Graecorum
1344 2819 1546 2881 recentiorum
1569 2818 1783 2896 contradictio,
1811 2819 1889 2882 illam
1916 2819 1987 2884 licet
2009 2819 2103 2882 disci-

732 2918 1044 2999 plinamconservent.
1069 2919 1187 3000 Quippe
1205 2917 1345 2999 quamdiu
1366 2919 1396 2980 iu
1419 2917 1546 2998 simplici
1567 2918 1646 2981 illius
1671 2918 1883 2982 observatione
1894 2920 2101 2996 constiterunt,

733 3018 816 3081 nulla
847 3020 925 3080 inter
957 3036 1012 3080 eos
1045 3025 1076 3080 et
1106 3018 1229 3080 Latinos
1260 3018 1468 3081 controversia
1497 3018 1680 3082 intercessit.
1725 3019 1837 3082 Verum
1867 3038 1934 3082 cum
1964 3037 2101 3100 eaquae

732 3119 881 3182 subtiliter
903 3119 999 3199 magis
1021 3135 1109 3198 quam
1131 3136 1223 3193 vere,
1245 3135 1263 3178 a
1285 3115 1435 3178 nonnullis
1454 3117 1661 3198 jactabantur,
1689 3119 1866 3200 impugnare
1894 3120 1994 3180 conati
2016 3127 2100 3182 sunt:

731 3215 822 3278 multa
845 3235 901 3298 per
922 3235 1063 3280 summam
1086 3216 1261 3280 calumniam
1282 3215 1394 3278 Latinis
1418 3217 1654 3297 imputaverunt,
1685 3235 1762 3299 quae
1793 3234 1943 3298 nunquam
1971 3221 2099 3281 univer-

732 3319 786 3380 sali
797 3318 954 3381 Ecclesiae
968 3336 1120 3381 consensu
1136 3326 1260 3398 recepta
1280 3317 1408 3395 lucrant,
1432 3324 1483 3378 aut
1504 3316 1642 3380 fidelibus
1666 3316 1703 3377 ad
1725 3317 1908 3379 credendum
1930 3319 2100 3399 proposita:

732 3416 790 3496 ipsi
813 3420 842 3481 in
865 3423 1062 3504 gravissimos
1086 3440 1208 3484 errores
1232 3421 1365 3502 prolapsi
1387 3428 1468 3498 suut,
1492 3416 1600 3499 quibus
1623 3423 1727 3478 carent
1750 3415 1928 3480 orientales.
1975 3419 2054 3482 Sane
2071 3419 2101 3480 iu

731 3519 868 3582 omnibus
889 3521 1033 3603 liturgiis
1056 3539 1111 3602 pro
1134 3521 1191 3584 illis
1215 3520 1418 3582 tantummodo
1442 3515 1631 3593 Christianis,
1655 3516 1706 3595 qui
1729 3516 1759 3577 in
1782 3514 1839 3577 lide
1863 3516 2099 3595 obdormierunt,
2190 3535 2193 3543 ·

730 3633 840 3697 preces
863 3618 1049 3694 offeruntur,
1077 3638 1138 3683 non
1166 3638 1222 3701 pro
1245 3618 1431 3693 infidelibus,
1462 3619 1520 3680 nisi
1548 3634 1605 3698 pro
1635 3614 1692 3677 illis
1721 3615 1772 3694 qui
1802 3613 1898 3678 adbuc
1920 3617 1951 3678 in
1973 3618 2098 3680 saeculo

731 3719 882 3780 constituti
895 3719 931 3780 ad
942 3719 1038 3781 Deum
1053 3721 1201 3795 converti,
1223 3727 1253 3782 et
1275 3719 1490 3800 poenitentiam
1514 3733 1607 3800 agere
1629 3722 1766 3794 possunt,
1789 3711 1828 3775 de
1851 3732 1978 3794 quorum
2002 3716 2099 3779 salute

731 3833 792 3878 nou
815 3817 1050 3898 desperandum,
1081 3827 1111 3880 et
1133 3818 1248 3881 idcirco
1270 3836 1326 3898 pro
1353 3818 1411 3880 illis
1440 3817 1603 3892 orandum,
1635 3812 1745 3876 docent
1765 3813 1898 3876 lacobus
1922 3814 2097 3880 Edessenus

731 3922 761 3976 et
783 3915 947 3997 Dionysius
976 3917 1141 3997 Barsalibi‚
1170 3918 1250 3998 quod
1278 3917 1513 3980 Ecclesiasticus
1543 3914 1672 3978 omnium
1702 3913 1894 3976 saeculorum
1923 3913 2098 3995 disciplinae

731 4018 887 4081 conlorme
915 4025 969 4081 cst.
1016 4018 1090 4081 Cum
1119 4025 1223 4080 oratur
1251 4017 1352 4095 Deus,
1386 4025 1419 4079 ut
1446 4017 1558 4079 animas
1587 4031 1691 4076 eorum
1720 4013 1822 4094 quiin
1846 4011 2015 4076 Christiana
2038 4014 2096 4077 fide

730 4119 880 4191 vixerunt,
903 4119 990 4180 etiam
1013 4115 1212 4195 laudabiliter,
1237 4117 1345 4178 liberet
1367 4134 1383 4177 a
1405 4116 1513 4197 poenis
1536 4113 1653 4190 inlerni,
1678 4130 1694 4175 a
1717 4111 1873 4174 doloribus
1896 4113 2097 4193 sempiternis,

732 4216 769 4279 ab
792 4217 863 4299 igue
886 4215 1121 4300 inextinguibili,
1151 4233 1211 4278 non
1242 4217 1283 4278 ita
1312 4215 1387 4277 baec
1410 4213 1595 4294 intelligunt,
1622 4211 1794 4274 utiliorum
1825 4211 1952 4289 animas,
1990 4211 2097 4274 talibus

732 4316 890 4398 subjacere
923 4315 1078 4397 suppliciis
1111 4317 1291 4379 existiment.
1343 4316 1456 4376 Verum
1488 4313 1586 4375 statim
1622 4311 1767 4374 rationem
1797 4309 1998 4392 subjungunt,
2029 4313 2098 4391 quia

730 4414 830 4478 nullus
849 4415 998 4478 hominum
1013 4415 1138 4478 mundus
1161 4434 1176 4476 a
1200 4423 1328 4495 peccato
1352 4420 1408 4491 cst,
1431 4413 1668 4494 praeterlesum
1681 4409 1845 4472 Christum:
1870 4409 1967 4472 nullus
1991 4411 2096 4472 timere

730 4532 791 4576 non
821 4514 910 4576 debet
937 4517 962 4578 si
992 4515 1075 4576 Deus
1105 4513 1260 4576 nobiscum
1288 4532 1349 4577 nou
1379 4521 1449 4596 agat
1470 4511 1634 4575 secundum
1656 4509 1888 4572 miscricordiam
1912 4527 2013 4588 suum,
2042 4509 2096 4572 sed

731 4614 897 4676 secundum
919 4621 1044 4694 peccata
1068 4619 1182 4675 nostra.
1226 4612 1294 4676 Non
1318 4615 1411 4696 igitur
1433 4613 1528 4693 magis
1550 4611 1674 4693 impingi
1696 4608 1869 4671 illissimilis
1883 4627 1970 4670 error
1984 4617 2098 4690 potest,

731 4732 819 4794 quam
832 4713 1129 4788 LatinaeEcclesiae,
1141 4731 1219 4793 quae
1235 4714 1425 4795 rogatDcum
1442 4721 1473 4774 ut
1489 4711 1596 4774 liberet
1610 4713 1729 4772 animus
1740 4705 2097 4788 fideliumdesunctomm,

730 4815 768 4874 de
786 4816 894 4893 poeuis
915 4812 1027 4892 infensi
1048 4814 1136 4874 etde
1153 4813 1308 4892 profundo
1331 4813 1415 4888 luen,
1438 4811 1476 4872 dc
1497 4829 1550 4872 ore
1572 4810 1676 4884 benis,
1697 4829 1736 4870 nc
1757 4807 1920 4870 obsorbeat
1941 4825 1995 4867 cos
2017 4806 2098 4867 Tur-

728 4921 815 4976 tures
844 4920 875 4974 ct
900 4919 933 4974 ut
962 4891 1119 4975 transeunt
1146 4913 1185 4973 de
1213 4919 1307 4973 morte
1332 4911 1375 4972 cd
1403 4911 1505 4972 eitum.
1552 4909 1626 4972 Cum
1649 4911 1735 4970 etiam
1757 4914 1864 4989 petunt
1886 4905 2055 4968 Orientales
2079 4925 2096 4968 a

728 5011 812 5092 Deo,
841 5019 874 5074 ut
896 5012 1015 5073 animos
1033 5011 1164 5090 fidelium
1186 5011 1311 5073 obducet
1331 5011 1410 5072 inter
1430 5009 1539 5071 odoros
1560 5007 1754 5088 Sanctorum,
1784 5009 1816 5068 in
1843 5007 1923 5078 iocis
1948 5007 2095 5084 amaena,
