4782 6068
640 557 716 632 636
1182 555 1411 633 NOTAE

582 769 585 784 ι
639 742 768 806 omnium
798 739 918 804 tandem
945 759 1023 822 quae
1051 757 1068 803 a
1092 739 1161 804 ‘ileo
1189 739 1322 823 legitime
1349 742 1413 822 peti
1434 749 1572 823 possunt.
1618 740 1650 804 ln
1673 760 1710 806 ca
1731 760 1825 824 porro
1848 743 2006 827 disciplina

638 842 718 903 inter
738 841 947 919 Nestorionos,
970 840 1122 904 Jacobitas
1144 847 1175 903 et
1197 839 1391 903 orthodoxos
1414 841 1628 923 cujuscumque
1649 840 1782 925 linguae,
1802 842 2005 924 discrepantia

639 940 720 1002 nulla
743 947 799 1018 est,
822 939 898 1004 adeo
919 948 952 1002 ut
975 941 1026 1021 qui
1040 937 1119 1002 iilam
1137 939 1323 1002 sustrderunt
1336 937 1573 1020 Reformatores,
1595 941 1746 1004 traditioni
1769 958 1826 1023 per
1846 943 2005 1006 universas

639 1039 793 1103 Ecclesias
817 1039 886 1102 dum
907 1057 998 1102 unum
1020 1039 1101 1103 ovile
1124 1047 1217 1116 esset,
1239 1046 1403 1120 receptae,
1416 1046 1447 1102 et
1465 1039 1525 1102 huo
1539 1057 1635 1121 usque
1650 1040 1827 1121 perductae,
1849 1031 2006 1106 manifeste

640 1137 857 1203 contradicant.

848 1417 883 1486 5.
917 1414 1106 1486 Diaconos.
1159 1412 1407 1484 Recordcmioi
1433 1412 1707 1506 dispensationis,
1734 1379 1813 1485 etc..

736 1607 874 1687 Pnornrn
898 1625 946 1681 cst
962 1617 1150 1682 Nestorianis
1172 1615 1248 1680 haec
1269 1616 1395 1682 Diacoui
1416 1613 1594 1694 adhortatio,
1616 1617 1665 1697 pio
1688 1633 1816 1696 prorsus
1838 1625 1871 1680 et
1892 1634 2005 1682 secun-

640 1725 708 1788 dum
731 1723 926 1786 intehtionem
948 1721 1116 1796 Ecclesiae,
1139 1738 1246 1801 nempe
1268 1727 1302 1782 ut
1323 1720 1392 1784 dum
1414 1737 1502 1782 sacra
1523 1718 1667 1799 mysteria
1689 1718 1891 1799 celebrantur,
1915 1719 2007 1784 chria

640 1824 728 1888 stiani
751 1825 780 1884 in
803 1828 903 1884 mente
925 1820 1055 1882 habeant
1077 1820 1239 1882 salutarem
1262 1819 1373 1882 Christi
1395 1817 1514 1881 Domini
1535 1817 1801 1900 dispensationem,
1824 1835 1902 1898 quae
1916 1819 2006 1882 insti-

638 1925 753 1987 tutione
775 1920 997 1998 Eucharistiae,
1026 1927 1058 1981 ct
1080 1919 1223 1982 Passione
1252 1917 1401 1999 completa
1423 1923 1479 1980 est.
1525 1917 1630 1981 'iotam
1652 1916 1730 1978 enim
1753 1915 1831 1977 iliam
1854 1907 2005 2004 ε”νσαρκον

640 2014 832 2099 οἰκονομίαν,
855 2017 990 2102 Liturgia
1011 2017 1235 2099 repraesentari
1257 2016 1404 2079 communi
1425 2033 1577 2078 consensu
1601 2015 1710 2078 docent
1733 2013 2007 2098 TheologiOricn-

640 2122 727 2200 tales,
751 2129 781 2184 et
794 2118 1002 2183 caeremoniae
1012 2134 1115 2180 omnes
1130 2115 1309 2198 significant.
1337 2113 1420 2176 Unde
1445 2113 1581 2176 nonnulli
1591 2113 1827 2176 incarnationem
1849 2114 2007 2197 quamdam

310 2214 314 2220 ’
354 2207 424 2259 hom.
444 2207 474 2260 ὼ
492 2205 557 2260 cce.
640 2220 706 2283 heri
727 2222 758 2283 in
781 2217 867 2282 altari
889 2217 1040 2292 dixerunt,
1063 2233 1100 2278 eo
1124 2213 1204 2295 quod
1228 2211 1355 2293 Spiritus
1377 2218 1510 2284 sanctus,
1532 2218 1565 2274 ut
1587 2213 1616 2274 in
1637 2220 1726 2278 utero
1748 2213 1861 2278 hieriae
1875 2215 2007 2298 Virginis

352 2293 427 2357 Anat
450 2293 497 2348 ¹¹⁷·
521 2297 628 2349 sevam
642 2337 754 2401 corpus
776 2318 926 2396 formavit,
949 2318 980 2380 in
1002 2334 1063 2397 quo
1078 2314 1170 2378 Filius
1181 2312 1239 2376 Dei
1252 2331 1373 2376 carnem
1395 2312 1547 2387 assumsit,
1569 2312 1610 2374 ita
1631 2311 1758 2376 illabens
1781 2331 1875 2394 super
1896 2314 2007 2395 oblatu,

356 2380 387 2432 ὼ
403 2381 474 2450 Αφω
491 2380 582 2434 pss„
641 2418 752 2482 format
777 2419 808 2480 in
837 2417 894 2480 iliis
925 2423 957 2479 ct
978 2434 1018 2478 ex
1039 2414 1114 2493 illis,
1143 2413 1261 2495 Corpus
1284 2411 1395 2475 Christi
1417 2417 1449 2473 et
1471 2409 1662 2492 Sanguinem.
1706 2411 1782 2476 ilinc
1804 2413 1892 2476 etiarn
1913 2412 2008 2476 altare

641 2527 672 2582 et
686 2518 799 2582 discum
821 2516 963 2598 praesepi
976 2511 1223 2578 bethlehemitico
1245 2528 1422 2592 comparare
1443 2509 1553 2586 solent,
1575 2517 1607 2574 ut
1628 2512 1717 2574 etiam
1739 2513 1897 2594 sepulcro:
1920 2530 2007 2576 sacra
2098 2497 2103 2514 '

641 2618 828 2696 linteamina,
857 2615 917 2677 illis
947 2613 1056 2696 quibus
1085 2611 1204 2693 Corpus
1234 2609 1346 2674 Christi
1373 2608 1538 2674 involutum
1565 2616 1628 2690 est,
1657 2616 1688 2674 et
1716 2611 1834 2694 reliquo
1862 2610 2007 2677 sindiiter.

641 2717 807 2780 illationem
838 2715 984 2778 donorum
1016 2709 1308 2786 consecrandorum,
1338 2708 1483 2772 oblationi
1511 2706 1622 2772 Christi
1643 2710 1672 2772 in
1695 2710 1824 2791 templo:
1854 2711 2009 2774 chemtmn

641 2817 707 2878 sico
729 2815 959 2897 processionem
989 2829 1066 2892 quae
1096 2810 1129 2885 ht
1155 2829 1221 2872 cum
1250 2808 1384 2872 defertur
1412 2807 1626 2890 Evangelium,
1656 2809 1874 2890 praedicationi
1897 2809 2007 2874 Christi

642 2915 711 2976 dum
732 2915 762 2976 in
786 2915 875 2977 terris
899 2919 1021 2994 ageret,
1050 2917 1081 2973 et
1102 2909 1320 2992 Apostolorum
1341 2906 1393 2988 qui
1415 2925 1456 2970 ex
1478 2909 1543 2990 ejus
1565 2915 1729 2990 praecepto
1752 2907 1825 2971 illud
1847 2909 2007 2990 praediea-

640 3019 748 3077 verunt
770 3013 890 3094 ubique.
934 3011 1042 3074 Onmia
1070 3027 1147 3091 quae
1173 3009 1211 3071 ad
1240 3007 1499 3070 consecrationem
1527 3015 1679 3088 spectant,
1708 3005 1861 3086 referunt,
1891 3016 1922 3072 et
1950 3011 2006 3073 suh

640 3112 735 3176 oculis
763 3119 877 3194 ponunt
906 3129 983 3192 quac
1013 3110 1079 3190 ipse
1108 3109 1139 3170 in
1169 3106 1270 3169 ultima
1299 3124 1395 3171 coena
1425 3103 1505 3169 lecit.
1550 3107 1670 3171 Erectio
1697 3106 1832 3186 hostiae,
1862 3106 2007 3189 Corporis

639 3211 750 3276 Christi
772 3211 984 3274 lacerationem
1006 3211 1037 3272 in
1060 3205 1166 3272 Crucis
1196 3199 1357 3288 supplicio:
1387 3206 1459 3268 unio
1487 3207 1655 3287 specierum
1686 3207 1820 3287 duarum,
1852 3210 2006 3292 sanguinis

574 3357 576 3360 -
638 3311 832 3380 eliusionem:
860 3310 1008 3387 elevatio,
1040 3306 1185 3370 sublatum
1208 3308 1239 3368 in
1261 3323 1383 3368 crucem
1405 3304 1518 3368 Christi
1541 3306 1678 3388 Corpus,
1709 3313 1741 3369 et
1762 3307 1827 3390 ejus
1850 3307 1880 3370 in
1902 3308 2006 3374 coelos

640 3411 865 3476 ascensionem:
889 3411 986 3473 omnia
1008 3407 1129 3471 taudem
1150 3407 1224 3487 ipsis
1244 3406 1440 3470 caeremoniis
1462 3414 1739 3487 repraesentantur,
1761 3414 1794 3468 ut
1815 3406 1881 3469 illas
1904 3406 2007 3486 expli-

638 3520 708 3574 cant
734 3511 854 3574 ilituum
881 3508 1080 3589 Expositores
1109 3515 1141 3570 et
1169 3504 1327 3588 Theologi.
1372 3505 1515 3586 Sequitur
1542 3505 1662 3569 tandem
1690 3507 1721 3568 in
1751 3505 1856 3570 eadem
1881 3504 2007 3568 Diaconi

639 3610 849 3674 exhortatione
882 3607 1043 3671 insinuatio
1073 3605 1233 3690 agnitionis
1259 3604 1409 3685 mysterii,
1439 3621 1500 3684 quo
1522 3605 1598 3667 salvi
1620 3605 1690 3668 iacti
1717 3623 1818 3669 sumus
1848 3624 1906 3686 per
1926 3605 2005 3668 illam

594 3688 600 3704 ⁸
639 3709 800 3772 salutarem
823 3700 1008 3786 οἰκονομίαν
1029 3724 1137 3787 nempe
1159 3703 1241 3786 quod
1268 3703 1406 3766 Christus
1436 3703 1572 3783 abstulit,
1602 3712 1653 3768 aut
1681 3706 1759 3768 sicut
1786 3705 1866 3768 verti
1892 3711 2005 3786 potest,

638 3809 706 3872 trdit
728 3809 892 3891 languores
914 3814 1054 3883 nostros,
1084 3813 1117 3868 ut
1138 3806 1167 3867 in
1191 3793 1313 3888 uulgata
1342 3802 1484 3865 versione
1511 3801 1639 3886 iegitur,
1669 3811 1700 3867 et
1727 3803 1859 3884 expiavit
1880 3811 2007 3885 peecata

640 3915 744 3972 nostra
765 3925 823 3990 per
845 3907 1050 3986 aspersionem
1073 3905 1228 3987 sanguinis
1258 3903 1305 3966 sui
1332 3902 1365 3966 in
1393 3901 1533 3966 cordibus
1556 3904 1684 3967 nostrisa
1715 3909 1748 3964 ut
1775 3903 1818 3965 ita
1846 3899 2007 3967 Christiani

639 4013 806 4090 agnoscant
820 4004 951 4068 divinum
966 4004 1113 4068 humanae
1128 4001 1343 4084 redemptionis
1364 4017 1442 4082 opus
1465 4008 1559 4064 totum
1581 4003 1785 4066 celebratione
1798 4000 2005 4066 Eucharistiae

639 4103 881 4188 repraesentari:
905 4112 1035 4187 tuncque
1059 4103 1368 4168 commemorationem
1390 4118 1479 4181 quam
1501 4100 1638 4164 Christus
1658 4101 1815 4183 Apostolis
1838 4103 2004 4183 praecepit,

641 4204 699 4266 rite
722 4203 840 4288 peragi,
864 4202 984 4284 quando
1007 4202 1083 4266 haec
1105 4203 1203 4267 omnia
1225 4219 1293 4264 cum
1314 4200 1373 4264 lide
1395 4199 1426 4262 in
1448 4200 1620 4264 memoriam
1642 4207 1833 4265 revocantur.

880 4549 914 4622 6.
951 4549 1104 4643 Spiritus
1128 4555 1277 4637 sanctos,
1304 4551 1361 4644 qci
1387 4572 1411 4619 c
1437 4553 1471 4619 te
1491 4549 1662 4641 procedit,
1690 4555 1754 4620 elo.

737 4740 768 4819 F
770 4771 883 4817 nusrnn
915 4759 1065 4816 vexantur
1094 4750 1312 4842 Orientalesa
1346 4751 1499 4834 plerisque
1528 4754 1640 4816 nostris
1670 4752 1851 4836 Theologis,
1886 4750 1938 4832 qui
1967 4750 2005 4814 de

640 4855 834 4920 Orientalium
855 4856 1044 4938 dogmatibus
1067 4856 1231 4937 scripsere,
1254 4857 1340 4936 qnasi
1352 4854 1538 4921 Graecorum
1559 4857 1762 4919 recentiorum
1783 4855 1925 4937 opinione
1946 4854 2005 4917 irn-

639 4955 743 5037 piiciti,
767 4954 806 5017 de
827 4957 1027 5037 processione
1051 4953 1178 5036 Spiritus
1202 4956 1298 5018 sancti
1319 4970 1380 5017 non
1401 4965 1485 5019 recte
1508 4955 1665 5022 sentirent.
1710 4954 1770 5018 Sed
1792 4972 1849 5018 uec
1870 4953 1923 5033 iili,
1946 4971 2005 5016 neo

638 5053 809 5131 Jacobitac,
841 5053 879 5116 de
907 5053 958 5116 illa
988 5053 1195 5118 controversia
1223 5053 1383 5138 quidquam
1410 5055 1583 5137 auderunt,
1614 5055 1778 5137 simplicem
1808 5061 1839 5118 et
1866 5051 2004 5136 symbolo
