4730 6038
704 595 744 671 lli
769 593 975 670 tumulltu
1001 589 1140 670 sluuu
1167 589 1320 667 CYllllll.
1625 587 1701 662 285

334 780 377 844 ita
399 781 475 842 baec
497 779 599 842 versio
621 777 721 840 Laicis
745 785 795 841 aut
815 779 889 860 ipsis
912 777 1121 840 sacerdotibus
1144 784 1175 854 et
1196 775 1337 838 Diaconis
1359 782 1465 856 parata
1487 782 1545 852 est,
1568 782 1601 836 ut
1622 793 1700 855 quae

337 879 461 961 Syriaca
483 879 596 960 lingua,
620 877 715 939 ductis
744 859 818 939 solis
849 885 930 956 nota,
954 885 1100 938 canuntur
1130 883 1160 938 et
1186 877 1362 952 recitantur,
1389 874 1567 958 intelligant.
1618 872 1700 936 lllarn

337 978 507 1040 versionem
549 975 648 1038 nullus
683 975 782 1037 codex
811 984 915 1055 vetus,
948 978 1027 1038 inter
1054 975 1163 1037 multos
1192 992 1268 1056 quos
1298 973 1443 1052 vidimus,
1472 980 1702 1054 repraesentat:

336 1072 416 1136 unde
439 1075 676 1138 recentissimam
698 1093 767 1137 esse
785 1075 921 1156 judicare
944 1092 1115 1155 possumus.
1166 1073 1198 1135 ln
1221 1072 1354 1135 Romana
1377 1072 1509 1136 editione
1531 1075 1629 1135 varias
1652 1074 1702 1133 in-

337 1173 555 1253 terpolationes
578 1175 718 1236 sustinuit
741 1175 770 1235 in
793 1173 888 1235 torma
911 1173 1080 1235 Verborum
1110 1173 1229 1250 Christi,
1253 1179 1283 1234 et
1303 1157 1337 1234 'in
1358 1171 1551 1234 invocatione
1575 1171 1703 1253 Spiritus

337 1275 442 1353 sancti,
466 1281 498 1337 ut
521 1291 625 1336 omnes
655 1271 750 1335 ferme
781 1273 868 1338 aliae.
920 1274 1098 1336 versionem
1128 1272 1166 1334 ad
1195 1273 1325 1352 optimae
1354 1279 1443 1333 notae
1472 1270 1601 1334 Codices
1631 1269 1702 1331 Mss.

339 1373 507 1455 exegimus.
553 1372 641 1447 Quod
663 1371 830 1434 Maronitae
851 1372 930 1434 illam
952 1372 1116 1455 Liturgiam
1147 1371 1234 1452 quasi
1262 1371 1418 1434 Ecclesiae
1449 1388 1522 1433 suae
1550 1369 1703 1450 propriam

337 1469 394 1533 sibi
412 1471 563 1534 vindicant
587 1479 617 1533 ut
640 1469 811 1550 complures
833 1471 919 1547 alias,
941 1470 1052 1532 frustm
1069 1477 1152 1534 sunt:
1175 1488 1242 1532 nam
1257 1468 1430 1532 Jacobitieis
1454 1469 1703 1550 aliisconjuncta

338 1577 395 1648 est,
419 1577 449 1632 et
471 1572 624 1651 reperitur
646 1571 676 1631 in
700 1565 860 1631 Codicibus
883 1569 1085 1632 Jacobitarum
1116 1570 1254 1650 sinceris,
1277 1568 1471 1647 Colbertinis,
1496 1568 1701 1651 Seguierianis

340 1676 371 1730 et
393 1667 466 1731 aliis.

603 1947 637 2018 2.
677 1947 856 2020 Diaconum
882 1947 967 2018 dicit
993 1930 1163 2018 Cononem
1186 1951 1341 2040 primum,
1372 1953 1435 2018 ete.

426 2138 502 2216 Vox
526 2149 631 2214 Cuneo
652 2150 711 2214 hoc
733 2151 802 2214 loco
825 2151 1006 2233 Diptycbum
1027 2152 1185 2234 significat,
1208 2159 1240 2214 ut
1263 2153 1351 2216 docet
1373 2151 1536 2233 Dionysius
1559 2149 1705 2214 Barsalibi

338 2253 559 2318 Commentario
587 2253 624 2315 ad
651 2253 729 2317 bunc
766 2255 796 2318 S.
826 2254 930 2317 Jacobi
960 2255 1114 2337 liturgiae
1147 2253 1258 2330 locum,
1294 2255 1359 2316 sine
1392 2271 1452 2335 quo
1483 2254 1593 2315 trustra
1624 2253 1703 2316 illius

337 2353 515 2436 significatio
543 2352 620 2434 apud
650 2353 897 2436 Lexicograpbos
926 2363 1132 2434 quaereretur.
1178 2353 1329 2417 Observat
1351 2369 1443 2434 porro
1474 2351 1525 2415 ille
1554 2352 1704 2435 Diptycba

338 2455 439 2516 esuis
463 2453 548 2534 Syris
570 2453 664 2535 vulgo
680 2451 819 2514 Oenones
841 2451 1001 2533 appellari:
1025 2473 1141 2535 sexque
1165 2472 1251 2530 esse3
1274 2471 1381 2532 nempe
1405 2451 1526 2514 totidem
1549 2454 1704 2516 orationes

338 2571 393 2615 seu
416 2553 726 2630 commemorationes,
749 2569 874 2633 querum
898 2559 961 2616 tres
984 2554 1223 2634 proviventibus
1245 2561 1330 2616 sunt:
1356 2558 1417 2614 tres
1441 2551 1516 2614 aliae
1540 2571 1596 2632 pro
1619 2571 1703 2613 mor-

338 2652 407 2715 tuis.
453 2649 537 2723 Quae
559 2669 634 2714 vero
657 2651 797 2715 dicuntur
825 2652 1010 2732 aDiaccno,
1034 2661 1065 2715 et
1092 2653 1197 2716 Cenon
1226 2653 1274 2716 bie
1303 2651 1503 2734 appellantur,
1525 2653 1649 2733 primus,
1673 2657 1705 2713 et

338 2748 488 2812 secundus
510 2767 606 2830 usque
630 2749 667 2812 ad
690 2760 818 2828 sextum,
842 2751 1086 2816 denunciationes
1110 2753 1230 2815 suntad
1249 2752 1393 2816 orandum
1415 2769 1471 2831 pro
1494 2751 1612 2814 iisdem:
1636 2769 1705 2813 nam

340 2850 425 2931 ipsae
450 2851 603 2913 orationes
627 2869 644 2911 0
667 2848 832 2913 Sacerdote
846 2852 1021 2928 recitantur,
1044 2871 1104 2914 non
1123 2851 1301 2915 aDiacono:
1324 2851 1412 2932 plebs
1435 2851 1507 2913 nibil
1530 2851 1609 2913 aliud
1633 2850 1705 2914 dicit

338 2949 396 3011 nisi
417 2948 510 3030 Kyrie
532 2946 657 3028 eleison,
682 2947 808 3029 Graece,
832 2958 882 3012 aut
903 2950 1031 3012 Domine
1060 2954 1204 3013 mamere
1226 2951 1359 3032 Syriaco.
1405 2948 1531 3029 Reliqua
1553 2948 1625 3011 nibil
1647 2948 1706 3009 ba·
1825 2991 1835 3006 .

338 3047 410 3111 bent
433 3047 634 3112 obscuritatis.

578 3779 1044 3897 nituittt1l1⁸
1102 3777 1488 3898 00000000

686 4017 1004 4096 Pluulluuulu
1045 4018 1363 4095 utulluuluut

735 4273 887 4344 Primum
915 4275 1036 4346 Oratio
1063 4279 1144 4344 uate
1169 4274 1307 4345 Pacem,

406 4471 523 4574 Deus
557 4495 633 4569 lons
668 4496 907 4593 tranquillitatis
942 4505 976 4568 et
1012 4497 1155 4593 pelagus
1191 4497 1364 4584 bonitatis,
1405 4501 1459 4592 qui
1503 4519 1540 4570 es
1582 4500 1705 4575 caritas

338 4635 424 4687 vera
458 4637 557 4710 quae¹
577 4636 644 4686 non
678 4613 875 4686 aemulatur:
911 4625 1045 4711 praesta
1080 4612 1177 4687 nobis
1212 4612 1445 4709 peccatoribus
1479 4617 1587 4686 servis
1621 4616 1706 4707 tuis,

340 4740 375 4801 ut
399 4733 534 4826 purgati
560 4728 602 4802 ab
629 4734 719 4801 omni
744 4733 915 4826 iniquitate
942 4739 976 4801 et
1000 4729 1129 4803 macula
1162 4732 1308 4825 peceati,
1344 4729 1580 4825 amplectamur
1612 4733 1706 4802 iuvi-

340 4867 413 4917 eem
440 4851 473 4919 in
500 4848 656 4936 caritate,
683 4858 717 4919 et
742 4868 827 4942 pace
854 4856 910 4917 tua
935 4845 1142 4920 indivisibili:
1177 4854 1282 4939 utque*
1310 4866 1408 4916 omne
1443 4845 1552 4918 odium
1587 4855 1621 4916 et
1653 4847 1706 4916 si-

339 4962 506 5035 multatem
536 4987 555 5035 a
582 4962 678 5035 nubis
714 4963 928 5055 abjicientes,
961 4967 995 5033 in
1030 4985 1095 5034 uno
1131 4961 1265 5034 vinerdo
1293 4963 1444 5033 cantatis
1471 4959 1706 5034 indissolubilis

342 5081 626 5171 constringamur,
655 5089 753 5175 atque
780 5090 815 5150 ut
841 5101 907 5151 uno
935 5088 969 5149 et
995 5077 1125 5174 aequali
1152 5079 1268 5176 spiritu
1281 5076 1437 5150 lideinon
1453 5081 1581 5173 pigrae,
1609 5072 1705 5146 rele-

1428 5194 1503 5270 39*
