4804 6026
900 575 1314 654 titutottn.
1593 509 1597 518 ι
1759 575 1785 651 5

523 758 706 832 Sacerdos.
758 762 908 854 Dignare
919 763 1062 835 Domine
1087 772 1125 836 ut
1149 785 1282 859 semper
1293 761 1516 856 ingrediamur
1532 763 1664 836 domum
1684 775 1784 855 marn,

421 885 455 949 et
479 876 649 973 pulsemus
676 875 879 950 confidenter
905 881 1024 951 ostium
1051 889 1156 966 mum,
1184 878 1426 974 adoremusque
1453 881 1582 952 sincere
1607 882 1641 950 in
1661 881 1784 978 templo

419 1003 487 1066 nro.
539 991 672 1066 Exaudi
699 1015 831 1089 quoque
855 1016 919 1067 nos
937 995 1081 1088 benigne
1108 1005 1141 1066 et
1166 995 1316 1068 concede
1330 994 1428 1069 nohis
1442 997 1620 1091 petitiones
1637 1006 1783 1087 nostras,

418 1107 593 1205 praeclare
619 1119 655 1181 et
679 1109 938 1182 misericorditer
963 1134 1009 1182 ex
1034 1110 1190 1184 thesauro
1216 1119 1288 1199 tuo,
1329 1121 1363 1184 et
1386 1111 1571 1184 referemus
1609 1112 1668 1186 tibi
1700 1113 1784 1204 glo-

418 1227 502 1296 riam
527 1247 602 1296 cnm
630 1225 769 1318 gaudio,
795 1225 910 1314 Pater,
937 1225 1001 1298 Fili
1027 1237 1061 1299 et
1086 1226 1227 1324 Spiritus
1254 1203 1386 1315 sancte,
1418 1248 1505 1298 nunc
1531 1236 1565 1300 et
1591 1249 1723 1324 semper
1749 1237 1784 1300 et

419 1342 453 1412 in
478 1340 612 1414 saecrda
639 1342 866 1430 saeculorum,
893 1343 1011 1414 Arnen.

522 1457 570 1527 Et
596 1457 713 1528 dicant
738 1479 851 1528 omoec
875 1457 992 1528 ιὶιιιιιὶι
1018 1455 1132 1530 Gloria
1159 1459 1193 1528 in
1220 1456 1366 1532 excelsis
1383 1456 1470 1546 Deo,
1497 1468 1531 1530 et
1549 1461 1684 1532 interra
1702 1483 1784 1557 pax,

420 1577 454 1642 et
479 1593 557 1667 spes
584 1569 673 1644 bona
698 1571 901 1661 hominibus,
929 1582 992 1645 etc.
1046 1572 1160 1644 Gloria
1186 1572 1276 1644 Patri
1303 1581 1337 1644 et
1361 1569 1456 1644 Filio.

521 1689 665 1761 Domine
690 1687 777 1761 labia
803 1710 878 1761 mea
910 1692 1003 1784 aperi
1037 1699 1069 1760 et
1104 1711 1144 1760 os
1175 1710 1284 1760 meum
1320 1691 1495 1761 annunciet
1520 1687 1650 1762 laudem
1685 1701 1784 1765 tuam

419 1802 514 1877 Pone
538 1805 682 1876 Domine
709 1805 890 1876 custodiam
918 1807 968 1876 ori
982 1826 1077 1892 meo,
1104 1813 1139 1876 et
1153 1807 1272 1878 ostium
1286 1806 1550 1878 circumstantiae
1565 1804 1661 1882 labiis
1688 1813 1782 1898 meis,

419 1929 454 1990 ut
479 1941 546 1992 non
573 1919 715 1992 declinet
740 1940 800 1993 cor
825 1943 934 1993 meum
961 1920 1003 1991 ad
1030 1920 1170 1993 verbum
1196 1920 1333 2010 malum,
1358 1943 1421 1991 nec
1438 1942 1559 2016 operer
1586 1945 1689 2019 opero
1712 1929 1782 1996 ini-

421 2037 559 2130 quitatis.
612 2035 780 2108 Memento
806 2037 950 2108 Dominc
982 2035 1281 2109 misericordiannn
1315 2045 1444 2108 tuarum
1474 2061 1560 2133 quae
1594 2063 1614 2110 a
1647 2039 1782 2112 saeculo

420 2163 512 2240 sunt,
539 2155 785 2247 gratiarumque
811 2161 958 2224 tuamm:
986 2162 1020 2224 et
1046 2175 1132 2247 quae
1156 2155 1348 2247 insipienter
1374 2155 1447 2244 egi,
1472 2174 1515 2224 ne
1541 2163 1675 2248 reputes
1692 2155 1783 2244 milri,

420 2266 480 2338 sed
514 2266 693 2340 secundum
727 2267 963 2340 multitudinem
996 2267 1296 2340 misericordiarum
1330 2275 1475 2356 tuarum,
1507 2279 1672 2342 memento
1707 2273 1782 2341 mei.

419 2381 560 2454 Domine
587 2383 689 2456 dilexi
714 2386 928 2456 ministerium
956 2383 1072 2456 domus
1099 2393 1192 2472 urae,
1219 2394 1253 2455 et
1277 2383 1387 2455 locum
1412 2382 1620 2456 habitationis
1653 2384 1782 2475 gloriae

419 2508 511 2571 tuae:
539 2498 672 2573 domurn
697 2509 786 2572 tuam
813 2498 910 2571 decet
935 2498 1145 2590 sanctitudo,
1179 2502 1213 2571 in
1245 2499 1481 2592 longitudinem
1509 2499 1644 2572 dierum
1683 2498 1782 2572 Lau-

419 2612 494 2687 dato
520 2615 695 2688 Dominum
722 2635 837 2688 omnes
863 2626 1002 2708 gentes,
1028 2614 1160 2687 laudate
1187 2637 1262 2687 eum
1294 2638 1409 2688 omnes
1442 2614 1563 2710 populi.
1617 2615 1781 2702 Quoniam

417 2730 608 2804 confirmata
644 2741 697 2806 est
730 2753 831 2828 super
865 2753 927 2804 nos
954 2731 1183 2805 misericordia
1211 2733 1308 2823 ejus,
1343 2739 1377 2804 et
1408 2752 1492 2804 vere
1517 2732 1678 2802 Dominus
1707 2732 1781 2825 ipse

417 2855 468 2919 est
493 2850 528 2918 in
554 2847 732 2920 saeculum.
786 2846 899 2919 Gloria
924 2849 1036 2938 Patri,
1063 2856 1097 2919 et
1123 2867 1223 2942 super
1250 2855 1373 2919 terram
1398 2869 1486 2942 pax,
1526 2856 1560 2918 et
1585 2867 1664 2942 spes
1690 2845 1780 2919 bona

416 2961 612 3038 hominibus.

518 3079 735 3151 Prooemium
760 3079 806 3149 od
830 3077 1021 3173 Dciporom
1048 3079 1104 3152 ael
1129 3079 1223 3150 aliod
1256 3079 1436 3151 secondom
1467 3081 1586 3151 corios
1618 3079 1781 3153 colemni-

418 3201 514 3267 tates.

519 3309 669 3383 Laudem
696 3319 729 3381 et
755 3308 1019 3399 consessionem,
1051 3310 1214 3403 gloriam,
1255 3308 1498 3400 laudationem,
1533 3311 1781 3400 exaltationem,

418 3438 451 3499 et
475 3425 776 3520 magnificentiam,
801 3424 931 3498 reieme
957 3425 1115 3500 dehemus
1141 3425 1188 3498 illi
1217 3425 1338 3498 fructui
1369 3424 1524 3518 amabili,
1565 3429 1620 3522 qui
1652 3448 1674 3496 e
1706 3430 1780 3498 sinu

416 3546 557 3636 virginis
583 3540 722 3639 prodiit,
750 3553 784 3613 et
808 3545 1001 3614 memoriam
1027 3545 1197 3634 genitricis
1223 3564 1306 3615 suae
1331 3540 1538 3639 praeclaram
1565 3551 1599 3614 et
1619 3539 1779 3614 illustrem

415 3657 578 3731 reddidit:
604 3657 651 3728 illi
676 3659 819 3731 Domino
848 3658 1033 3748 adorando,
1059 3662 1113 3754 qui
1138 3657 1335 3731 festivitates
1362 3667 1552 3731 sanctorum
1578 3679 1723 3749 suorum,
1746 3668 1780 3729 et

415 3772 571 3846 laetitiam
597 3771 762 3846 felicitatis
789 3795 903 3848 eornm
930 3777 1015 3846 inter
1041 3785 1210 3848 creaturas
1236 3775 1454 3866 glorificavit,
1480 3771 1527 3844 illi
1551 3776 1635 3847 vivo
1662 3782 1696 3844 et
1717 3775 1778 3845 vi-

415 3888 531 3977 vifico,
559 3891 614 3983 qui
639 3911 728 3962 voce
753 3893 850 3964 suavi
876 3893 974 3964 etiam
1000 3901 1150 3965 mortuos
1177 3893 1318 3988 excitat,
1345 3899 1380 3962 et
1404 3888 1561 3987 populum
1580 3910 1674 3962 suum
1694 3887 1777 3981 glo-

414 4005 596 4078 rificatione
622 4009 811 4098 gratissima
837 4006 1009 4097 laetificat,
1036 4029 1135 4102 quem
1160 4007 1258 4079 decet
1282 4003 1406 4100 gloria,
1433 4015 1495 4078 eto.

518 4119 641 4192 Scdro.
692 4121 883 4197 Adoramus
910 4132 943 4194 te
970 4133 1003 4194 et
1029 4127 1155 4215 gratias
1182 4126 1310 4214 agmins
1343 4124 1421 4212 tibi,
1452 4130 1585 4194 creator
1618 4122 1777 4196 saeculo-

415 4259 504 4327 rum,
538 4246 572 4308 et
603 4235 757 4311 conditor
790 4249 1034 4328 creaturarum,
1067 4260 1207 4331 germen
1238 4238 1446 4311 benedictum
1486 4237 1573 4333 quod
1609 4259 1629 4308 e
1657 4235 1777 4328 illaria,

416 4361 506 4425 terra
537 4356 686 4446 sitiente,
716 4354 856 4449 prodiit,
888 4354 1084 4450 repletaque
1122 4365 1175 4428 est
1208 4364 1297 4426 tarra
1330 4356 1436 4426 omnis
1468 4351 1574 4425 odore
1606 4354 1778 4426 suavitatis

417 4471 490 4562 ejus
525 4471 692 4560 eximiae,
729 4469 956 4565 factoremque
986 4478 1103 4542 tenum
1135 4473 1311 4566 impietatis
1344 4468 1469 4564 expulit
1502 4490 1565 4564 per
1595 4467 1778 4540 doctrinam

417 4607 511 4659 suam
537 4584 753 4680 praeclaram.
806 4584 980 4660 Oiierimus
1006 4583 1064 4657 tilri
1089 4589 1260 4658 incensum
1284 4583 1371 4657 istrrd
1396 4587 1499 4656 instar
1511 4584 1629 4659 Aaron
1646 4582 1777 4655 Sacer-

417 4701 521 4792 dotis,
549 4701 603 4795 qui
630 4699 746 4774 obtulit
771 4699 829 4774 titt
855 4700 928 4774 thus
953 4723 1089 4798 purum,
1116 4712 1150 4774 et
1159 4699 1325 4798 prohibuit
1340 4701 1476 4773 exitium
1489 4721 1509 4770 a
1524 4698 1647 4795 populo
1662 4696 1778 4772 lsrael.

414 4818 560 4890 Petimus
587 4839 669 4891 ecee
697 4841 717 4890 a
743 4827 777 4890 te
801 4817 960 4909 Domine,
991 4827 1029 4891 ut
1058 4820 1219 4914 suscipias
1250 4815 1336 4888 hune
1363 4814 1501 4888 odorem
1526 4813 1652 4906 thuris,
1689 4813 1778 4909 quod

416 4933 511 5004 oilert
535 4931 593 5005 titi
625 4938 766 5006 tenuitas
800 4943 936 5024 nostra,
967 4956 1029 5030 pro
1063 4935 1212 5031 peccatis
1249 4943 1283 5006 et
1313 4933 1506 5028 insipientiis
1538 4933 1680 5004 nostris:
1712 4951 1775 5026 pro

416 5027 571 5124 divitibus
599 5058 633 5122 et
658 5052 795 5145 egenis;
821 5072 884 5148 pro
910 5050 1040 5148 pupillis
1066 5060 1101 5122 et
1124 5049 1254 5142 viduis;
1280 5071 1342 5146 pro
1370 5045 1498 5122 afflictis
1524 5049 1775 5199 et*quiperse-

1524 5164 1550 5238 4
