4730 6038
675 487 1370 615 Jrconrnrnnnrni.
1629 531 1704 607 sss

288 813 291 822 .
341 722 465 800 osculis
491 725 628 812 sanctis,
655 745 742 818 quae
767 731 801 796 te
828 703 969 796 deceant
994 733 1028 795 at
1053 725 1257 815 unigenitum
1281 719 1399 794 Filium
1426 729 1515 793 tunm
1528 717 1705 794 Dominum

339 838 447 914 Deum
475 849 509 912 et
534 837 745 912 salvatorem
771 848 918 912 nostrum
937 839 1051 914 Josum
1072 835 1257 929 Christum3
1282 848 1318 910 et
1341 859 1403 934 per
1428 858 1517 926 eum,
1543 834 1705 932 simulque

340 979 415 1030 cum
442 979 505 1047 ao,
532 967 566 1028 te
593 954 690 1030 decet
728 954 837 1050 gloria
874 965 907 1028 et
937 955 1045 1030 honor
1072 977 1147 1028 eum
1172 954 1295 1052 Spiritu
1327 964 1384 1026 tuo
1416 962 1531 1026 sancto
1557 973 1645 1025 nunc
1671 961 1706 1024 et

341 1095 496 1170 semper,
522 1082 586 1146 etc.

365 1243 368 1252 ,
443 1189 605 1284 Populus.
657 1189 778 1262 Amen.

442 1305 627 1378 Sacerdos.
679 1305 764 1376 Pax.

444 1421 607 1515 Populus.
659 1412 803 1494 Etcum
830 1419 945 1516 spiritu
971 1428 1038 1490 tuo.

444 1537 633 1608 Diaconos.
686 1538 811 1609 Demus
838 1555 966 1632 pacem.

444 1652 606 1746 Populos.
662 1652 785 1726 Coram
811 1661 855 1724 te.
1608 1701 1616 1708 -

443 1769 629 1842 Sacerdos.
692 1767 736 1840 nr
748 1789 835 1842 nunc
850 1764 993 1840 DomIne
1016 1768 1209 1856 miserator,
1231 1776 1408 1864 postquam
1421 1789 1507 1866 paee
1522 1775 1578 1840 tua
1594 1766 1708 1841 divina

344 1886 513 1976 delectati,
548 1896 582 1958 et
617 1888 756 1958 caritate
781 1895 838 1958 tna
863 1904 946 1979 puro
978 1882 1075 1958 simul
1107 1885 1274 1978 conjuncti
1306 1905 1435 1973 sumus,
1470 1882 1558 1956 colla
1584 1883 1708 1958 demit-

343 2011 463 2092 tentes,
490 2011 525 2075 ct
549 2000 713 2092 inclinati,
740 2000 957 2098 deprecamur
988 1998 1218 2073 abundantiam
1244 1999 1401 2074 honitatis
1428 2011 1516 2088 tuac,
1542 2008 1578 2072 ut
1596 2000 1707 2073 effun-

343 2119 403 2192 das
429 2139 619 2215 supernos
646 2121 756 2190 omnia
783 2116 870 2189 bona
900 2126 955 2220 tua
986 2127 1020 2190 et
1049 2117 1299 2192 henedictiones
1326 2128 1401 2191 tuas
1432 2117 1618 2210 coelestes,
1645 2139 1708 2214 per

343 2235 495 2307 eumdem
516 2231 681 2307 Christum
706 2235 909 2326 unigenitum
934 2231 1054 2306 Filium
1083 2243 1190 2306 tuum:
1217 2257 1292 2307 oum
1319 2256 1384 2330 quo
1413 2243 1447 2306 te
1474 2232 1573 2307 decet
1597 2233 1706 2328 gloria

344 2361 379 2424 ot
401 2352 521 2444 honor,
548 2375 623 2425 eum
648 2351 772 2448 Spiritu
799 2361 855 2424 tuo
883 2359 1000 2424 sancto
1027 2372 1124 2438 nnnc,
1151 2359 1214 2422 ete.

855 2695 976 2768 Oratio
1004 2695 1051 2768 od
1082 2693 1207 2769 Volunt.

415 2949 417 2954 ’
448 2919 498 2993 Te
525 2919 729 2994 obtestemur
742 2918 886 2994 Domine
913 2919 1162 3010 dominantium3
1188 2917 1341 2992 fiduciam
1366 2915 1527 2994 hebentes
1552 2921 1586 2992 in
1612 2923 1708 2994 ceri-

345 3046 414 3108 tate
439 3036 697 3110 mansuetudinis
723 3046 817 3124 tuae,
844 3046 878 3109 et
903 3057 1079 3133 precamur
1105 3045 1155 3124 te,
1181 3044 1218 3107 ut
1242 3037 1329 3109 sieut
1353 3037 1506 3110 misertus
1533 3058 1572 3112 es
1598 3035 1707 3127 nohis,

344 3155 405 3249 pe'r
431 3155 634 3246 unigenitum
652 3152 771 3226 Filium
797 3163 897 3242 tuum,
925 3163 959 3224 et
984 3174 1045 3249 per
1071 3173 1146 3224 enm
1173 3150 1410 3227 commendasti
1432 3152 1529 3226 nobis
1550 3156 1710 3249 mysteria

346 3268 430 3342 haec
456 3268 625 3343 adoranda
652 3281 686 3342 et
711 3279 843 3358 sencta3
874 3273 920 3342 ita
946 3271 1046 3341 etiam
1070 3288 1132 3363 per
1158 3267 1309 3341 eumdem
1344 3266 1492 3364 depellas
1525 3278 1560 3341 et
1593 3271 1710 3361 ejicias

345 3385 490 3458 anobis
517 3408 648 3460 omnem
675 3383 879 3482 phantasiam
905 3384 1121 3474 mundanam3
1147 3383 1297 3457 concede
1313 3382 1411 3457 nobis
1431 3387 1579 3482 spiritum
1600 3389 1708 3458 cesti-

305 3527 308 3540 ·
345 3505 425 3574 tatis
452 3513 487 3574 et
512 3505 708 3595 sanctitatis,
734 3511 769 3574 ut
794 3513 900 3592 caste,
927 3514 961 3575 et
986 3499 1159 3597 praeclare
1185 3509 1309 3574 stemus
1336 3522 1447 3573 coram
1462 3510 1505 3588 te,
1533 3511 1708 3598 otopere-
1850 3486 1856 3496 ’

345 3640 418 3691 mur
443 3619 502 3691 tibi
528 3621 743 3692 ministerium
768 3617 834 3692 hoc
858 3622 1051 3715 mysticum,
1077 3616 1165 3712 quod
1191 3616 1435 3692 commendavit
1459 3617 1557 3692 nobis
1584 3621 1708 3712 mige-

345 3737 432 3808 nitus
457 3733 561 3808 Filius
589 3745 677 3824 mus,
713 3758 775 3831 per
810 3759 907 3832 quam
941 3746 975 3808 et
1006 3757 1081 3808 eum
1115 3757 1181 3830 quo
1214 3745 1248 3807 ta
1275 3734 1373 3808 decet
1397 3735 1505 3830 gloria
1531 3745 1567 3808 ot
1590 3733 1708 3824 honor,

346 3873 421 3924 cum
447 3851 573 3947 Spiritu
599 3863 655 3926 tuo
682 3855 904 3943 sanctissimo,
931 3862 966 3924 et
990 3851 1091 3924 bono.
1500 3872 1504 3881 ·

449 3981 612 4074 Popsdos.
663 3981 783 4056 Amen.

450 4095 638 4171 Diaconos.
691 4099 824 4171 Stemus
851 4098 1017 4171 decenter.

451 4211 635 4290 Sacerdos.
687 4214 830 4290 Caritas.

452 4330 613 4423 Populos.
664 4331 808 4406 Etcum
834 4335 949 4429 spiritu
975 4343 1043 4406 tuo.

451 4445 635 4519 Sacerdos.
688 4449 827 4522 Sursum
853 4449 967 4524 corda.

452 4559 613 4656 Populus.
665 4562 834 4638 Habemus
861 4564 903 4638 nd
928 4564 1116 4638 Dominum.

450 4677 634 4753 Socerdos.
687 4682 821 4755 Gratias
847 4703 999 4776 agamus,
1029 4691 1092 4755 etc.

453 4795 614 4890 Populus.
667 4799 811 4891 Dignum
838 4809 872 4871 et
894 4801 1019 4893 justum
1045 4810 1105 4876 est.

452 4927 627 5004 Sacerdos
653 4932 843 5006 inclinatos.
896 4934 971 5008 Tibi
993 4936 1082 5028 juste
1109 4933 1247 5007 debetur
1271 4933 1355 5023 laus,
1381 4943 1473 5008 otte
1500 4934 1597 5008 decet
1621 4959 1709 5030 gra·-

352 5045 470 5118 tiarnm
482 5049 582 5140 actio,
601 5045 723 5145 tibique
738 5072 878 5146 aequum
898 5061 950 5124 est
965 5050 1168 5128 adorationis
1183 5049 1305 5125 cultum
1318 5051 1481 5145 exhiheri,
1498 5052 1541 5128 ab
1557 5053 1709 5130 omnibus

1418 5169 1469 5246 45
1484 5170 1503 5207 *
