4814 6060
676 409 812 486 nlstut
838 408 888 484 nx
913 406 1098 486 versione
1125 409 1302 487 mmm
1327 410 1442 489 nisu.
1665 413 1749 491 aas.

469 595 631 690 Populus.
687 595 807 669 Amen.

466 711 642 782 Sacerdos
668 712 861 812 inclinatus.
915 711 1083 814 Memento
1111 713 1210 784 etiam
1237 712 1380 784 Domine
1406 723 1549 808 patrum,
1576 713 1746 789 fratrum-

286 875 294 912 ,
365 851 430 922 que
455 839 646 900 nostrorum
673 831 729 922 qui
756 826 909 901 obierunt
935 830 968 898 in
994 851 1079 900 vera
1101 815 1179 920 lide,
1193 827 1488 925 Presbyterorum,
1503 831 1740 920 Diaconornm,

363 943 694 1040 llypodiaconorum,
721 942 913 1034 Lectorum,
941 941 1211 1033 Caenobitarum,
1238 949 1272 1017 in
1299 944 1464 1019 caelihatu
1489 957 1653 1042 perpetuo
1680 951 1745 1020 vi*

364 1064 523 1150 ventium,
550 1059 749 1149 Laicorum,
776 1082 915 1153 quorum
945 1063 1089 1136 omnium
1115 1072 1150 1134 tn
1176 1084 1348 1134 numerum
1375 1064 1467 1135 sotus
1493 1065 1601 1153 nosti,
1627 1067 1742 1159 potis-

365 1180 480 1248 simum
508 1197 593 1248 vero
623 1178 678 1270 qui
699 1179 769 1268 jam
795 1178 1015 1250 nominantur.

470 1291 517 1362 Et
548 1290 686 1362 sublato
717 1313 812 1362 coco.
881 1288 1044 1365 Conditor
1078 1313 1256 1389 corporum
1292 1303 1326 1365 et
1364 1297 1547 1367 animarum
1584 1293 1740 1384 Domine,

364 1417 531 1480 memento
560 1407 722 1480 adaram
749 1393 843 1480 tuam
867 1409 1067 1497 coelestem,
1104 1431 1220 1480 eorum
1254 1412 1398 1482 omnium
1432 1413 1488 1506 qui
1522 1409 1741 1484 decesserunt

365 1524 407 1596 de
434 1523 498 1597 boc
524 1524 645 1596 mundo
674 1545 888 1608 aerumnoso,
915 1534 1136 1620 recreatoque
1164 1546 1225 1597 eos
1252 1528 1285 1597 in
1311 1523 1529 1598 tabernaculo
1553 1536 1610 1599 tuo
1633 1528 1740 1598 omnis

366 1640 498 1718 decoris
525 1639 635 1736 pleno.
671 1638 830 1732 'l'rajicito
859 1661 919 1712 cos
948 1649 1038 1713 trans
1064 1645 1255 1714 mansiones
1282 1645 1431 1714 cruciatu
1457 1640 1655 1732 horrendas,
1682 1651 1740 1713 at-

366 1779 431 1850 que
457 1759 491 1827 in
518 1755 740 1827 tabernaculis
773 1755 1040 1828 luculentissimis
1076 1754 1242 1829 collocato
1278 1760 1382 1851 ipsos.
1439 1756 1532 1830 Erue
1565 1761 1658 1853 ipsos
1694 1781 1741 1829 ex

365 1872 514 1945 tenebris
542 1882 575 1944 et
590 1871 745 1964 caligine,
773 1882 873 1966 atque
900 1895 946 1944 ex
972 1871 1183 1944 tribulatione
1210 1872 1394 1968 doloreque
1418 1878 1529 1970 eripe3
1555 1885 1741 1971 appareat-

367 2010 431 2084 que
458 1991 540 2083 ipsis
566 1985 678 2061 vultus
704 1996 779 2060 tuus
806 1987 980 2083 pacificus:
1015 2010 1125 2084 neque
1151 1991 1255 2060 intres
1282 2011 1356 2060 cum
1389 1992 1471 2085 ipsis
1506 1993 1538 2060 in
1568 1991 1741 2081 judicium,

366 2114 422 2176 ant
448 2125 559 2176 acrem
588 2105 816 2196 quaestionem
844 2100 970 2175 habeas
998 2103 1040 2175 de
1067 2114 1140 2176 ncta
1174 2107 1253 2176 vita.
1314 2102 1384 2177 Sed
1419 2107 1493 2178 sive
1523 2103 1632 2179 uerbo
1665 2109 1741 2180 sive

366 2243 471 2317 opera
504 2221 742 2314 peccaverint,
774 2229 890 2315 utpote
921 2216 1073 2292 homines
1100 2244 1201 2293 carne
1228 2221 1346 2309 induti,
1374 2223 1549 2312 remittito,
1580 2221 1740 2299 abolet0-.

366 2359 430 2430 que
457 2355 592 2406 errores
618 2338 777 2428 ipsomm.
829 2333 947 2407 Nostri
974 2357 1078 2424 vero,
1112 2340 1166 2430 qui
1199 2339 1232 2407 in
1266 2339 1355 2410 vivis
1389 2341 1587 2433 superstites
1615 2359 1741 2424 sumus,

365 2462 399 2524 tu
427 2471 613 2523 conversus
640 2452 811 2522 miserere.
865 2449 957 2521 Ecce
992 2452 1078 2521 enirn
1112 2451 1258 2546 quotidie
1285 2451 1328 2524 ad
1354 2454 1555 2526 iracundiam
1583 2457 1741 2527 concita·-

365 2589 437 2640 mus
463 2576 498 2637 te
523 2564 632 2638 laedis
659 2575 693 2637 et
729 2564 977 2638 detestabilibus
1009 2567 1148 2640 vivendi
1181 2568 1305 2641 modis:
1341 2571 1496 2664 quonlam
1527 2592 1612 2643 unus
1647 2572 1740 2645 solus

365 2691 418 2756 est
444 2685 499 2774 qui
526 2703 594 2753 non
620 2684 784 2778 peccavit,
812 2690 845 2752 et
872 2684 926 2775 qui
952 2705 972 2753 a
1000 2681 1097 2778 culpa
1123 2680 1255 2775 liberet,
1282 2667 1444 2756 Dominus
1470 2693 1585 2760 noster
1604 2695 1638 2758 et
1658 2707 1740 2760 ser-

365 2807 465 2871 vator
490 2807 607 2869 noster
632 2797 732 2870 Jesus
760 2795 911 2872 Christus
938 2820 1001 2891 per
1028 2821 1126 2893 quem
1153 2821 1215 2871 nos
1243 2821 1376 2896 quoque
1408 2822 1526 2874 omnes
1554 2823 1740 2897 speramus,

365 2936 428 2986 nos
462 2899 703 2986 consecuturos
737 2911 1018 3002 misericordiam,
1051 2922 1085 2985 et
1116 2916 1348 2987 rentssionem
1384 2928 1616 3013 peccatorum,
1653 2940 1742 3014 quae

365 3039 503 3126 propter
530 3051 605 3100 eum
631 3027 726 3100 nobis
754 3039 788 3100 et
813 3028 886 3100 illis.

468 3145 631 3239 Populea.
684 3145 848 3237 Ignosce,
875 3146 1015 3216 remitte.

469 3260 654 3332 Sacerdos.
705 3261 866 3352 Ignosce,
891 3264 1032 3349 remitte,
1061 3259 1214 3332 condona
1232 3251 1458 3333 Deusdelicta
1484 3261 1627 3353 illorum,
1642 3253 1740 3358 'quae

365 3374 564 3466 voluntarii,
600 3381 745 3451 scientes
773 3375 829 3448 vel
855 3379 1064 3469 ignorantes,
1091 3399 1130 3448 re
1156 3378 1247 3471 ipsa,
1280 3387 1337 3472 aut
1372 3378 1455 3450 solis
1482 3377 1740 3470 cogitationibus

364 3502 562 3588 patravere:
591 3493 721 3565 occulta
749 3502 782 3563 et
807 3490 995 3585 manifesta,
1023 3514 1162 3587 quorum
1189 3492 1408 3564 recordantur
1431 3501 1464 3565 et
1488 3514 1627 3588 quorum
1648 3491 1742 3568 obliti

365 3618 454 3682 sunt:
483 3631 569 3704 quae
596 3612 707 3680 omnia
733 3610 828 3680 novit
853 3629 975 3681 nomen
1001 3619 1091 3679 tuum
1118 3617 1281 3684 sanctum.

469 3725 517 3795 El
547 3724 683 3796 adlato
716 3747 811 3796 coco.
871 3723 1088 3797 Sanctissime
1125 3725 1237 3813 Deus,
1276 3734 1443 3796 memento
1476 3727 1575 3797 etiam
1610 3747 1740 3814 eorum,

367 3862 506 3936 quorum
531 3844 726 3912 memoriam
752 3838 850 3911 bodie
877 3837 1099 3928 celebramus,
1127 3863 1311 3935 omnesque
1329 3839 1404 3914 illos
1431 3851 1579 3931 veteres,
1606 3840 1740 3912 admitte

363 3959 589 4031 internuncios
617 3966 651 4027 et
677 3955 912 4028 conciliatores
938 3978 1001 4052 pro
1030 3959 1146 4029 animis
1174 3960 1318 4029 omnium
1344 3967 1505 4044 nostrum,
1533 3957 1740 4052 dignareque

364 4094 427 4145 nos
455 4095 533 4146 esse
561 4082 735 4145 consortes
764 4082 797 4144 et
823 4071 1029 4146 cohaeredes
1056 4075 1217 4168 ipsorum.
1268 4075 1382 4168 Atque
1416 4075 1562 4145 omnium
1587 4083 1740 4146 nostrum

365 4211 494 4261 memor
527 4198 620 4278 esto,
653 4210 717 4284 per
746 4186 985 4280 benignitatem
1020 4197 1126 4260 tuam:
1162 4211 1225 4261 nos
1258 4191 1394 4263 visitato
1428 4210 1503 4261 cum
1535 4186 1739 4260 multitudine

364 4304 614 4376 misericordiae
641 4313 730 4392 tuae,
758 4326 991 4401 apparensque
1014 4303 1111 4378 nobis
1140 4328 1214 4377 cum
1236 4305 1411 4377 clementia
1433 4316 1502 4393 tua,
1528 4311 1628 4398 atque
1654 4301 1740 4376 tales

364 4441 429 4492 nos
464 4443 526 4516 per
559 4419 765 4492 efficientiam
806 4419 980 4517 probitatis
1021 4430 1099 4493 tuae
1135 4420 1275 4509 efficito,
1310 4419 1426 4517 quales
1459 4441 1538 4494 esse
1573 4424 1741 4493 convenit

364 4534 517 4610 Aboleas
557 4536 693 4608 dissidia
727 4535 956 4609 Ecclesiamm
994 4545 1141 4626 marum,
1182 4535 1392 4609 insolentiam
1434 4539 1601 4629 gentium,
1642 4544 1743 4632 atque

366 4652 611 4726 baereticorum
642 4656 805 4726 stationes
843 4653 977 4750 dissipa.
1039 4651 1112 4724 Nos
1145 4651 1288 4747 denique
1321 4656 1500 4726 universos
1537 4655 1676 4749 recipito
1708 4655 1743 4724 in

366 4791 507 4862 regnum
535 4779 636 4857 tuum,
664 4779 698 4840 et
723 4767 809 4840 lilios
835 4769 919 4844 lucis
947 4769 1060 4862 effice,
1093 4790 1159 4866 quo
1188 4790 1304 4842 omnes
1331 4790 1398 4842 uno
1426 4771 1551 4861 animo,
1577 4769 1673 4864 quasi
1699 4765 1746 4840 ab·
