4784 6040
547 701 932 781 DOCTORUM
982 697 1426 780 sanctonum.
1592 700 1667 774 415

408 890 584 962 Sacerdos
617 890 809 963 inclinatae.
862 889 1046 978 Memento,
1082 889 1242 980 Domine,
1283 889 1456 962 Pastorum
1496 890 1669 964 beatorum
1715 902 1839 972 mosyen.

307 1009 420 1103 quiin
446 1004 597 1078 Ecclesia
624 1017 679 1078 tna
707 1015 822 1078 sancta
855 1016 1016 1079 stetemnt
1048 1009 1082 1078 in
1114 1009 1333 1098 generatione
1365 1013 1398 1076 et
1439 1009 1668 1098 generatione,
1935 1001 1937 1004 ’

305 1137 510 1217 gregemque
535 1131 625 1194 nrum
652 1120 893 1196 sacerdotalem
921 1131 1103 1218 pavenmt,
1135 1133 1175 1194 et
1203 1130 1382 1210 rexerunt,
1418 1131 1452 1192 et
1485 1122 1528 1193 ad
1564 1141 1669 1216 aquas

307 1241 424 1332 quietis
451 1236 673 1310 deduxerunt:
700 1247 827 1333 eosque
855 1241 909 1333 qui
935 1241 969 1310 in
995 1259 1112 1310 errore
1139 1247 1250 1326 erant,
1284 1236 1431 1308 decuma
1464 1247 1520 1309 nra
1556 1237 1669 1309 divina

303 1353 561 1441 illustraverunt,
589 1364 687 1447 atque
714 1353 756 1425 ad
783 1365 816 1426 te
843 1339 1035 1426 direxemnt
1061 1364 1095 1425 et
1120 1361 1374 1440 converterunt,
1401 1357 1520 1450 quique
1546 1355 1670 1427 infide

306 1478 398 1541 recta
431 1469 599 1541 Trinitatis
635 1479 772 1542 sanctae
804 1469 960 1567 populum
995 1467 1125 1541 iidelem
1158 1468 1454 1557 confirmaverunt,
1488 1491 1670 1564 omnesque

306 1586 474 1657 doctrinas
507 1584 733 1658 schismaticas
767 1595 801 1657 et
834 1585 993 1659 haereses
1027 1588 1235 1680 perniciosas
1268 1585 1469 1658 sustulerunt
1503 1597 1538 1659 et
1569 1609 1670 1659 com-

307 1711 511 1798 presserunt,
537 1704 717 1798 praecipue
735 1723 819 1776 vero
846 1703 976 1794 Ignatii,
1004 1701 1169 1799 Dionysii,
1195 1701 1285 1790 Julii,
1311 1723 1387 1774 cum
1404 1701 1544 1796 reliquis
1558 1705 1671 1775 omni-

308 1817 369 1891 hus
396 1821 550 1912 quicum
577 1817 641 1891 illis
668 1827 805 1915 propter
829 1840 951 1891 nomen
983 1828 1073 1890 nrum
1106 1827 1253 1890 sanctum
1286 1821 1552 1914 persecutionem
1578 1821 1671 1912 passi

310 1943 393 2007 sunt.
1301 1999 1302 2007 ,

289 2045 292 2051 ’
411 2049 560 2120 Elecons
584 2071 709 2121 nocem.
743 2050 787 2122 Et
812 2051 951 2139 illorum,
979 2053 1035 2146 qui
1061 2049 1251 2124 alllictiones
1279 2059 1312 2121 et
1338 2049 1559 2123 adversitates
1587 2073 1669 2123 sus-

308 2169 483 2255 tinuenmt,
518 2177 551 2238 et
576 2169 668 2262 passi
695 2177 787 2254 sunt,
826 2189 888 2263 pro
914 2170 1049 2239 nominc
1083 2177 1139 2239 tuo
1176 2176 1300 2240 sancto.
1354 2164 1503 2258 Dignare
1528 2166 1670 2238 Domine

308 2278 497 2354 meminisse
536 2281 664 2353 illorum
701 2285 755 2378 qui
788 2285 948 2378 mysteria
991 2293 1104 2355 sancta
1136 2283 1340 2377 interpretati
1373 2291 1464 2370 sunt,
1499 2281 1670 2352 illustrium

308 2420 510 2495 praeconum
537 2401 699 2488 veritatiS,
727 2403 782 2494 qui
814 2409 962 2471 sancum
988 2396 1175 2470 Ecclesiam
1209 2395 1485 2486 aedificaverunt,
1522 2406 1555 2468 ct
1588 2395 1670 2468 lun-

310 2513 463 2586 damenta
489 2512 686 2608 templorum
712 2526 901 2588 sauctorum
927 2516 1050 2587 nomini
1083 2523 1139 2586 tuo
1167 2514 1348 2602 dicatorum
1380 2524 1579 2610 posuerunt3
1616 2517 1671 2609 qui

308 2638 504 2725 propterte
530 2632 796 2724 persecutionem
823 2635 1064 2720 sustinuerunt3
1100 2639 1133 2701 et
1164 2651 1279 2702 corum
1312 2633 1367 2725 qui
1398 2629 1546 2726 colaphis
1579 2631 1672 2702 caesi

310 2755 384 2819 sunt
408 2767 471 2842 pro
497 2748 639 2817 veritate
664 2756 740 2818 tua:
767 2749 823 2840 qui
849 2759 999 2821 errantes
1026 2746 1068 2817 ad
1095 2749 1325 2839 eogninonem
1358 2757 1448 2818 tuam
1483 2753 1671 2818 converte-

308 2872 399 2933 runt:
436 2863 490 2956 qni
517 2859 660 2933 tudemnt
685 2884 817 2934 crucem
843 2865 1002 2954 unigeniti
1034 2865 1081 2933 tui
1115 2865 1148 2932 in
1174 2861 1325 2958 populis,
1359 2873 1393 2934 et
1424 2865 1565 2934 nominis
1598 2863 1672 2953 ejus

310 2976 450 3070 gloriam
476 2979 510 3048 iu
543 2976 1008 3074 gentihus'propagavcrrmt:
1044 2987 1080 3048 nt
1109 3000 1170 3072 per
1205 2961 1373 3051 orationes
1409 2998 1525 3050 eorum
1558 2995 1671 3071 puras,

311 3095 426 3166 eleves
453 3101 487 3164 et
512 3091 656 3166 extollas
682 3115 747 3166 nos
774 3093 816 3165 ad
842 3103 884 3164 te.
938 3091 1048 3164 Trahe
1080 3095 1301 3186 cogitationes
1335 3103 1468 3166 nostras
1503 3092 1546 3164 ad
1571 3093 1672 3162 veri-

310 3217 408 3282 tatem
436 3219 470 3280 et
495 3207 548 3279 lac
574 3231 637 3281 nos
664 3208 795 3304 dignos,
821 3219 856 3280 nt
881 3231 956 3281 cum
981 3208 1046 3281 illis
1082 3213 1137 3303 qui
1169 3218 1203 3280 te
1238 3207 1510 3302 glorificaverunt
1535 3207 1672 3279 reicra-
1754 3299 1756 3309 k

275 3388 279 3393 .
309 3347 380 3398 mus
406 3324 465 3398 tihi
490 3326 630 3418 'gloriam
658 3332 692 3397 ct
716 3324 857 3414 laudem,
883 3326 1120 3419 unigenitoque
1151 3323 1236 3397 Filio
1270 3333 1344 3413 tuo,
1379 3334 1413 3395 et
1443 3324 1579 3419 Spiritui
1612 3331 1669 3395 tuo

310 3452 435 3515 sancto.

415 3556 590 3628 Sacerdos
615 3556 807 3628 inclinatas.
840 3556 1027 3646 Memento,
1052 3557 1214 3643 Domine,
1240 3553 1519 3652 Presbyterorum
1541 3555 1668 3629 Ortho—
1716 3575 1804 3628 Jaeoti
1821 3574 1916 3628 uranie
1933 3573 1989 3626 no-

312 3673 485 3764 doxornm,
512 3675 568 3767 qui
592 3672 718 3767 pridem
746 3670 909 3762 obierunt,
935 3674 1176 3761 Diaconorum,
1203 3669 1508 3762 subdiaconorum,
1534 3663 1751 3744 Psalta-mili·

311 3813 393 3878 rum,
420 3788 610 3878 Lectorum,
636 3789 863 3885 interpretum,
891 3785 1089 3876 (lautorum,
1115 3785 1387 3878 Exercistarnm,
1419 3787 1669 3878 Monachorum,

311 3905 554 3998 religiosorum,
582 3915 756 3978 eteorum
783 3908 837 4000 qui
863 3907 1084 3998 virginitatem
1111 3913 1303 3999 perpetuam
1337 3903 1482 4001 professi
1509 3916 1598 3993 sunt,
1636 3915 1670 3977 et

311 4021 536 4095 Saecularium
564 4024 619 4118 qui
644 4024 677 4092 in
703 4020 767 4094 lide
795 4015 917 4094 Christi
942 4018 1070 4117 pridem
1096 4021 1327 4108 decesserunt,
1355 4031 1390 4093 ut
1416 4025 1514 4093 etiam
1540 4021 1668 4094 illorum
1743 4027 1747 4036 '

311 4160 372 4233 pro
401 4137 517 4234 quihus
545 4136 666 4230 singuli
691 4135 895 4227 obtulerunt,
927 4147 1101 4209 eteorum
1127 4159 1188 4232 pro
1216 4136 1333 4232 quibus
1359 4141 1583 4234 unnsquisque
1609 4137 1668 4210 oi-

311 4235 399 4326 lerre
425 4259 458 4326 in
485 4256 592 4326 animo
619 4253 739 4326 hahuit

414 4371 563 4442 Eteonos
588 4392 713 4441 oocem.
766 4368 911 4456 Placide,
939 4379 972 4440 et
999 4368 1172 4464 tranquille
1188 4372 1321 4464 suscipe
1347 4393 1407 4466 per
1433 4369 1669 4464 benignitatem
1716 4383 1816 4453 annui.

311 4497 417 4574 mam,
444 4487 602 4574 Domine,
636 4489 760 4559 animas
795 4496 828 4558 et
862 4487 994 4581 spiritus
1021 4507 1196 4558 servorum
1230 4494 1264 4558 et
1295 4484 1503 4559 odoratorum
1530 4499 1669 4575 tuorna,

312 4605 366 4698 qui
393 4625 438 4675 ex
464 4604 527 4676 hac
552 4607 621 4676 vita
648 4605 875 4696 migraverunt
901 4603 943 4674 ad
970 4614 1015 4690 te,
1041 4605 1185 4674 maxime
1210 4625 1295 4676 vero
1322 4602 1468 4692 illorum,
1499 4623 1561 4697 pro
1589 4603 1668 4694 qui-

310 4717 373 4792 hus
400 4727 434 4792 et
460 4741 597 4815 quorum
623 4722 742 4813 gratia,
768 4717 962 4792 sacrificium
989 4717 1076 4791 istud
1100 4718 1224 4790 illatum
1246 4729 1280 4790 et
1300 4715 1444 4790 ohlatum
1470 4730 1530 4790 est.
1559 4717 1668 4804 Quie-

311 4843 376 4908 tem
402 4835 465 4910 illis
491 4822 638 4932 praesta,
665 4844 699 4907 et
724 4833 853 4908 colloca
880 4855 941 4907 cos
966 4838 1001 4906 in
1031 4831 1223 4908 habitaculis
1248 4835 1349 4925 lucis,
1384 4838 1417 4906 in
1449 4835 1531 4907 locis
1562 4837 1667 4930 spiri-

311 4962 420 5043 tuum,
461 4955 494 5024 in
519 4952 706 5026 Jerusalem
743 4952 901 5042 coelesti,
940 4953 974 5022 in
1010 4950 1165 5025 Ecclesia
1209 4954 1499 5047 primogenitorum
1533 4950 1666 5024 descri-

309 5078 440 5161 ptorum
479 5071 513 5139 in
556 5066 676 5140 coelis:
727 5069 1090 5158 commemorationem,
1137 5078 1171 5139 et
1209 5070 1357 5163 requiem
1401 5070 1546 5140 maxime
1582 5066 1665 5140 ieli-

311 5205 405 5275 cem,
437 5207 500 5280 per
531 5205 678 5256 amorem
703 5204 785 5276 erga
811 5182 971 5276 homines,
997 5181 1060 5256 illis
1086 5195 1271 5279 praestans.
1307 5184 1450 5275 Largire
1474 5183 1537 5257 illis
1563 5187 1666 5256 vitam
