4728 6028
729 643 760 719 S.
785 641 922 719 XYSTI
954 641 1101 718 PAPAE
1131 640 1323 719 tonitui.
1635 641 1704 715 141

345 829 515 901 inveniant
539 852 602 925 per
627 828 723 916 illud,
749 827 1009 902 misericordiam
1033 832 1068 899 in
1095 827 1148 900 die
1170 828 1285 920 judicii
1311 830 1345 900 in
1372 827 1514 901 saecula.
1570 830 1618 900 Et
1650 831 1710 900 di-

347 951 434 1015 caot.
461 944 611 1017 Laudate
637 944 814 1017 Dominum
840 949 874 1016 in
900 948 1023 1017 sanctis
1050 947 1142 1036 ejnS,
1169 957 1231 1017 etc.

448 1061 635 1132 Diaconos.
662 1059 901 1156 Deprecamnr.

449 1177 624 1248 Sacerdos
647 1179 782 1270 [caepit
809 1197 948 1268 corpas,
978 1183 1012 1248 et
1038 1183 1109 1247 tras
1131 1175 1431 1270 particolaspoait
1456 1199 1557 1269 saper
1573 1177 1710 1264 discam,

348 1293 450 1363 aliam
475 1317 576 1364 mano
601 1295 729 1364 ratioet
753 1298 788 1362 et
813 1297 927 1386 sipont
959 1315 1005 1364 ea
1037 1315 1081 1362 aa
1108 1291 1264 1378 calicem,
1299 1298 1334 1363 et
1366 1292 1487 1362 deinde
1518 1293 1711 1384 particulas

347 1431 435 1502 qaae
460 1415 537 1480 sant
563 1411 598 1479 in
626 1407 719 1479 disco
748 1411 783 1480 io
805 1413 951 1502 soronam
977 1411 1106 1496 crocis,
1133 1414 1168 1478 et
1194 1409 1286 1482 dicit.

448 1523 654 1621 Inspergitur
689 1527 826 1616 sanguis
859 1525 992 1597 Domini
1023 1526 1129 1599 nostri
1154 1545 1257 1619 super
1282 1545 1405 1618 corpus
1437 1527 1509 1617 ejus
1542 1533 1708 1598 sanctum:

346 1643 410 1735 ipsi
435 1639 562 1732 gloria,
590 1650 624 1712 et
649 1661 750 1735 super
775 1661 837 1713 nos
864 1640 1090 1714 misericordia
1123 1641 1195 1732 ejus
1221 1643 1256 1710 in
1291 1639 1434 1713 saecula.
1488 1639 1545 1722 (lo
1571 1640 1615 1712 al.
1643 1663 1709 1711 co-

347 1755 505 1846 dicibas.)
563 1755 601 1828 111
636 1757 768 1828 nomine
808 1756 916 1828 Patris
948 1766 982 1828 et
1015 1755 1089 1846 fibi,
1122 1766 1157 1828 et
1188 1754 1329 1852 Spiritus
1356 1759 1461 1827 sancti
1495 1757 1529 1827 in
1564 1757 1708 1829 saecula.

347 1873 464 1945 Arnen.

448 1988 496 2058 Et
520 1991 666 2058 immittit
692 1989 898 2082 particulam
924 2011 1023 2082 paam
1048 2011 1148 2058 mama
1175 1993 1267 2058 tcocl
1291 1989 1327 2057 in
1354 1987 1511 2076 calicem,
1548 1994 1582 2060 ct
1616 1989 1708 2060 dicit.

447 2103 606 2191 Univisti,
632 2104 793 2194 Domine,
819 2104 1023 2177 divinitatem
1050 2113 1138 2174 tuam
1169 2125 1242 2175 cum
1279 2101 1480 2175 humanitate
1512 2114 1642 2193 nostra,
1676 2117 1709 2178 et

343 2220 575 2294 humanitatem
601 2230 750 2296 nostram
775 2243 849 2292 cum
876 2221 1046 2294 divinitate
1072 2229 1140 2309 tna,
1166 2220 1269 2291 vitam
1295 2228 1383 2291 mam
1408 2243 1482 2292 cum
1509 2221 1707 2293 mortalitate

345 2347 480 2426 nostra,
507 2348 540 2409 et
565 2337 797 2410 mortalitatem
823 2348 911 2410 tuam
938 2361 1012 2408 cum
1038 2339 1106 2408 vita
1142 2343 1213 2408 tna:
1241 2337 1398 2430 accepisti
1424 2345 1538 2409 nostra
1573 2347 1608 2408 et
1633 2337 1709 2410 ‘de-

348 2452 421 2527 disti
447 2452 544 2528 nobis
571 2465 645 2541 tua,
673 2454 843 2526 advitam
870 2465 904 2527 et
930 2450 1069 2526 salutem
1096 2455 1278 2524 mimarum
1303 2460 1501 2526 nostrarum.

450 2813 625 2887 Sacerdos
657 2839 730 2888 cam
762 2817 1064 2887 communicaturae
1090 2821 1156 2903 eat,
1183 2814 1268 2886 dicit
1291 2815 1380 2888 baac
1408 2817 1605 2888 Orationem

930 2930 1122 3002 inclinatas.

448 3145 500 3218 Te
526 3157 625 3238 gesto
638 3199 649 3235 ,
676 3147 789 3236 Deus,
816 3149 965 3220 manibm
993 3153 1075 3222 meis
1103 3159 1137 3223 et
1162 3149 1368 3245 complector
1393 3149 1536 3245 pugillo,
1563 3150 1705 3222 Domine
1801 3219 1807 3234 ,
1855 3181 1863 3202 ·

348 3261 570 3350 saeculorum,
598 3285 694 3358 quem
722 3272 893 3335 creaturae
919 3285 984 3335 non
1012 3268 1196 3337 continent:
1223 3275 1322 3360 teque
1356 3268 1563 3364 omnipotens
1598 3269 1632 3337 in
1667 3287 1707 3338 os

347 3401 457 3451 meum
483 3401 583 3473 pono.
635 3378 773 3452 Praesta
800 3377 893 3468 mibi,
920 3380 1081 3468 Domine,
1107 3389 1143 3452 nt
1169 3379 1341 3452 comedam
1367 3389 1400 3451 te
1427 3391 1560 3470 sancte,
1587 3392 1622 3453 et
1647 3405 1708 3479 per

351 3498 590 3586 comestionem
609 3494 696 3568 ibam
723 3499 781 3584 tui,
808 3497 983 3590 expientur
1009 3495 1128 3569 delicta
1143 3517 1231 3586 mea,
1258 3505 1293 3568 et
1317 3516 1378 3589 per
1404 3495 1595 3569 bibitionem
1622 3519 1707 3569 san·
1777 3527 1782 3534 ·

347 3615 455 3703 guinis
482 3616 528 3684 tui
554 3611 744 3685 auferantur
763 3635 869 3708 prava
883 3612 1047 3685 desideria
1063 3636 1155 3686 mea:
1181 3634 1242 3710 per
1255 3622 1288 3684 te
1300 3633 1432 3708 quoquc
1448 3611 1566 3704 dignus
1587 3613 1708 3686 efficiar

346 3731 578 3822 propitiatione
613 3726 806 3801 delictorum
842 3738 875 3800 et
899 3732 1095 3803 remissione
1126 3740 1341 3827 peccatorum
1367 3729 1400 3800 in
1427 3727 1480 3806 dle
1509 3728 1639 3819 judicii,
1674 3733 1708 3802 in

347 3843 491 3916 saecula.
544 3846 683 3918 Praesta
709 3844 826 3932 nobis,
853 3845 994 3917 Domine
1020 3844 1132 3936 neus,
1158 3855 1194 3918 nt
1219 3844 1461 3918 sanctificentur
1481 3865 1707 3941 corporano-

347 3968 414 4030 stra
441 3983 503 4054 per
535 3983 655 4056 corpus
682 3970 771 4033 tuum
799 3969 965 4034 sanctum:
1002 3961 1285 4057 illuminentnrque
1320 3963 1449 4033 animae
1479 3971 1615 4034 nostrae
1647 3983 1708 4057 per

346 4081 540 4168 sanguinem
566 4089 656 4152 tuum
681 4081 959 4175 propitiatorium,
996 4081 1125 4174 sintque
1156 4079 1254 4152 nobis
1281 4077 1323 4152 ad
1349 4080 1615 4174 propitiationem
1641 4076 1707 4148 de-

343 4191 512 4280 lictorum,
540 4205 574 4268 ct
598 4198 829 4268 remissionem
855 4204 1077 4290 peccatorum.
1103 4196 1223 4270 Amen.

404 4348 412 4362 ·
447 4309 495 4380 Et
520 4333 594 4381 cum
619 4309 704 4382 bibit
730 4311 885 4399 callam,
912 4310 1005 4383 dicit.
1057 4309 1101 4383 m
1130 4333 1192 4407 per
1226 4319 1338 4407 potum
1366 4309 1478 4382 calicis
1512 4313 1558 4382 tui
1591 4314 1708 4382 extiti-

345 4437 487 4519 guantur
513 4429 689 4523 passiones
715 4450 828 4500 meae:
855 4437 889 4500 et
914 4451 976 4522 per
1002 4439 1036 4500 te
1068 4427 1198 4520 diginns
1226 4427 1348 4500 efficiar
1378 4427 1609 4520 propitiatione
1642 4427 1708 4499 de-

343 4543 512 4630 betorum,
538 4553 573 4616 et
598 4547 697 4616 venia
724 4552 949 4640 peccatorum,
975 4526 1286 4638 resurrectioneque
1311 4540 1485 4614 benedicta
1513 4565 1533 4613 a
1560 4546 1707 4630 mortuis,

344 4671 379 4734 et
403 4664 471 4732 vita
498 4682 607 4748 nova,
634 4663 667 4731 in
695 4660 828 4733 saecula
856 4658 1074 4733 saeculorum.
1126 4661 1246 4734 Amen.
1297 4658 1364 4730 Per
1397 4659 1592 4748 sanguinem
1618 4668 1707 4729 tuum

343 4781 457 4850 vivum
485 4787 519 4848 ct
546 4775 769 4848 vivificantem
795 4780 970 4872 expientur
996 4775 1116 4849 delicta
1141 4797 1238 4860 mea,
1274 4781 1307 4844 et
1340 4776 1544 4845 remittantur
1568 4783 1706 4878 peccata

343 4917 435 4984 mea,
463 4892 545 4966 lesu
571 4892 721 4966 Verbum
747 4893 811 4966 Dei
838 4896 893 4988 qui
918 4895 1040 4966 venisti
1068 4892 1110 4965 ad
1136 4891 1275 4965 salntem
1300 4899 1457 4963 nostram.

448 5011 528 5081 Cam
554 5008 728 5082 distribuit
753 5013 1033 5097 commonionem,
1060 5011 1155 5081 dicit.

447 5125 613 5199 Particnla
639 5128 889 5223 propitiatoria,
916 5136 978 5199 etc.
1004 5132 1042 5198 at
1067 5129 1103 5198 io
1132 5125 1257 5222 Officio
1283 5122 1446 5218 pancrati.

1428 5239 1505 5314 21*
