4782 6068
672 565 727 640 ot
752 562 1142 665 tsstottttttotttut
1174 561 1416 640 LITURGIIS.
1652 555 1726 632 563

362 775 449 848 quae
474 739 647 826 vetustatis
679 775 753 841 non⁸
780 749 859 823 leve
894 751 1047 824 indicium
1077 757 1144 823 est:
1180 748 1269 844 quod
1301 770 1368 819 non
1404 747 1505 821 modo
1540 747 1582 819 de
1611 743 1726 820 ritibus

360 869 499 961 intelligi
537 869 655 956 debet,
694 891 810 940 verum
846 871 943 938 etiam
983 866 1025 938 de
1058 864 1273 939 orationibus.
1334 863 1411 936 Illas
1446 863 1601 954 dicimus,
1641 885 1727 958 quae

361 988 558 1082 praecipuas
583 987 795 1078 maximeque
822 979 1080 1068 sacramentales
1109 981 1213 1055 Officii
1244 979 1463 1053 Eucharistici
1497 991 1611 1078 partes
1639 1001 1727 1074 spe-

362 1110 465 1174 ctant:
501 1099 587 1172 aliae
623 1103 652 1172 si
690 1098 821 1196 quidem
854 1098 895 1170 ab
932 1120 974 1170 ea
1008 1099 1197 1194 antiquitate
1232 1094 1355 1170 abesse
1387 1094 1519 1189 longius
1554 1095 1725 1168 videntur:

361 1215 624 1290 verbosissimae
651 1219 737 1288 enim
764 1225 853 1303 sunt,
881 1225 914 1286 et
938 1214 1048 1286 multis
1075 1216 1290 1311 synonymis,
1325 1210 1542 1308 epithetisque
1574 1209 1726 1284 inflantur
1828 1271 1833 1277 .

363 1355 448 1428 quae
475 1335 694 1432 posteriorum
722 1329 930 1405 saeculorum
957 1333 1075 1423 genius
1101 1329 1238 1401 induxit
1291 1329 1343 1401 De
1369 1326 1485 1401 ritibus
1509 1321 1608 1400 etiam
1635 1335 1725 1399 certa

362 1452 552 1543 conjectura
581 1448 653 1520 duci
679 1469 745 1520 non
772 1455 897 1542 potest:
925 1470 999 1519 cum
1026 1451 1059 1519 iu
1085 1446 1253 1544 plerisque
1270 1443 1460 1518 Missalibus
1487 1443 1579 1516 libris
1607 1448 1724 1537 cujus-

362 1588 502 1660 cumque
527 1564 681 1658 linguae,
708 1586 775 1636 non
802 1585 935 1659 semper
962 1563 1119 1658 adscripti
1145 1566 1227 1651 sint,
1253 1583 1329 1632 nam
1357 1560 1487 1634 aliunde
1512 1563 1579 1657 peti
1608 1559 1726 1634 solent.

361 1679 502 1775 Aliquos
531 1703 577 1753 ex
603 1680 676 1753 aliis
702 1679 948 1753 Ecclesiasticis
974 1682 1193 1752 monumentis
1221 1680 1451 1771 agnoscimus,
1484 1699 1622 1773 quorum
1651 1677 1726 1765 Co-

362 1796 453 1870 dices
480 1799 513 1868 11
540 1796 676 1870 Oriente
702 1799 814 1893 scripti
840 1799 1040 1869 mentionem
1067 1795 1189 1867 nullam
1215 1793 1355 1882 faciunt,
1391 1792 1432 1866 de
1464 1792 1582 1890 quibus
1615 1804 1726 1865 tamen

364 1911 512 1984 dubitare
548 1934 615 1985 non
649 1935 846 2009 possumne,
880 1916 1031 2008 quamvis
1064 1915 1179 1984 notitia
1212 1909 1341 1983 illorum
1377 1914 1458 1984 satis
1494 1908 1637 1983 obscura
1671 1913 1726 2002 sit,

363 2031 439 2124 quia
465 2002 540 2100 libri
566 2029 839 2103 Nestorianorum
867 2030 1118 2126 praecaeteris
1151 2031 1311 2100 rarissimi
1346 2038 1430 2100 sunt
1484 2026 1634 2100 Aliorum
1661 2048 1724 2099 su-

362 2155 500 2240 persunt
533 2168 600 2217 non
633 2147 775 2220 obscura
815 2148 976 2237 vestigia,
1013 2146 1047 2216 in
1081 2148 1154 2239 ipsa
1192 2166 1289 2238 quam
1322 2143 1492 2217 Menesius
1531 2142 1726 2215 reformavit

362 2262 520 2356 Liburgia.
573 2261 748 2358 ReliquoS,
775 2264 829 2355 qui
857 2260 898 2332 ab
927 2261 1064 2334 advenis
1082 2260 1181 2357 Syris
1200 2257 1447 2350 describuntur,
1478 2257 1665 2354 siquando
1692 2260 1725 2329 in

361 2371 532 2472 Europam
558 2381 716 2467 veniunt,
742 2386 779 2449 ut
806 2377 995 2473 exemplar,
1023 2376 1111 2472 quod
1144 2373 1304 2450 babemus
1340 2377 1495 2472 scriptum
1529 2398 1626 2448 manu
1657 2374 1724 2446 Jo-

362 2493 455 2590 sepbi
481 2493 714 2584 Patriarcbae,
739 2492 829 2566 nullo
855 2492 932 2566 loco
959 2490 1074 2565 haberi
1100 2502 1249 2588 oportet,
1277 2514 1350 2564 cum
1368 2489 1586 2570 nonnullaex
1597 2490 1725 2564 Missali

360 2607 557 2682 Maronitico
578 2607 818 2698 transtulerint,
844 2619 880 2680 ut
895 2610 1038 2680 maxime
1056 2607 1241 2681 Ortbodoxi
1259 2608 1460 2680 viderentur.
1512 2608 1725 2701 Antiquitatis

362 2730 463 2799 etiam
488 2749 556 2800 non
581 2726 659 2797 leue
675 2744 676 2753 ¹
692 2736 921 2818 argumentum
947 2722 1088 2823 praebet
1124 2746 1205 2799 usus
1238 2723 1464 2797 Ecclesiamm
1495 2723 1725 2796 blalabarioa-

361 2865 451 2933 mm,
479 2865 562 2937 quas
590 2852 713 2914 octavo
741 2834 857 2915 saltem
885 2841 1039 2930 saeculo,
1067 2851 1123 2913 aut
1147 2840 1244 2913 iidem
1261 2839 1498 2929 Christianam,
1527 2850 1583 2912 aut
1609 2838 1725 2912 saltem

361 2957 516 3031 haeresin
542 2957 778 3030 Nestorianam
805 2956 846 3030 ab
873 2954 959 3029 illius
986 2969 1099 3031 sectae
1124 2957 1333 3032 Antistitibus
1351 2960 1544 3053 accepisse,
1570 2947 1726 3028 certissi-

362 3098 449 3146 mum
483 3083 544 3146 est.
597 3073 697 3146 Plura
731 3077 912 3164 1111111111,
945 3076 973 3150 11
1004 3072 1108 3146 libros
1140 3072 1364 3164 haberemus,
1399 3077 1454 3169 qui
1494 3076 1528 3144 in
1562 3072 1724 3145 Ecclesiis

364 3213 446 3286 quas
472 3189 569 3262 iidem
601 3193 634 3260 in
667 3190 837 3280 Tartaria,
869 3190 1128 3285 Turquestania,
1162 3186 1296 3278 causa,
1331 3189 1551 3286 Sinarumque
1585 3191 1724 3285 imperio

260 3301 263 3306 ’
363 3287 602 3394 fundaverant,
629 3311 778 3402 usurpati
805 3307 882 3379 olim
908 3305 1048 3378 fuerunt.
1101 3305 1170 3379 Sed
1196 3305 1273 3378 illud
1289 3316 1410 3378 tantum
1429 3309 1567 3395 scimus,
1592 3305 1725 3378 Nesto-

363 3427 495 3512 rianos,
523 3445 729 3518 quacumque
755 3426 787 3494 in
815 3425 954 3516 regione
980 3421 1151 3497 Ecclesias
1167 3425 1384 3512 instituerunt,
1412 3421 1525 3496 0111111
1544 3445 1642 3496 11111
1659 3443 1726 3494 111

363 3538 458 3612 aliter
484 3562 582 3635 quam
608 3539 751 3637 Syriaco
778 3537 991 3629 celebrasse,
1017 3550 1052 3610 ut
1077 3541 1109 3610 in
1145 3537 1256 3629 India,
1290 3539 1346 3612 ubi
1377 3537 1485 3636 Syrus
1517 3560 1628 3614 sermo
1659 3560 1726 3610 non

363 3660 470 3750 magis
497 3666 594 3729 notus
622 3668 675 3728 est
700 3657 785 3752 apud
811 3655 963 3751 plebem,
990 3678 1087 3752 quam
1114 3654 1238 3728 foret
1228 3678 1261 3728 11
1287 3653 1433 3753 Europa

465 3771 507 3844 V.
558 3772 708 3865 Liturgia
735 3775 852 3866 igitur,
880 3795 975 3869 quam
1007 3772 1250 3866 Apostolorum
1277 3783 1401 3847 1111111
1432 3771 1624 3868 simpliciter
1650 3769 1725 3845 Co·-
1772 3772 1819 3827 ¹¹¹⁸
1836 3776 2047 3833 attestatores

363 3890 454 3965 dices
480 3887 646 3986 plerique,
673 3887 728 3960 alii
756 3885 918 3994 adjunctis
943 3888 1052 3962 Adaei
1077 3888 1248 3985 blarisque
1276 3887 1473 3980 nominibuS,
1498 3893 1584 3963 inter
1602 3858 2048 4022 1111111Νᾚὼηὲξζωῃᾚ

362 4005 444 4079 duas
470 4008 575 4102 prima
603 4015 636 4077 et
661 4009 840 4100 praecipua
868 4015 938 4096 est,
964 4005 1051 4078 unde
1077 4008 1175 4078 etiam
1203 4005 1244 4077 ad
1271 4005 1360 4078 illam
1386 4004 1536 4102 reliquae
1566 3999 1724 4080 1111111-
1701 4034 1799 4087 -nme
1817 4041 1913 4088 1111

361 4132 432 4212 tur,
457 4144 525 4194 nou
550 4120 607 4194 illa
634 4143 679 4194 ex
705 4120 778 4195 aliis
806 4122 980 4218 quidquam
1009 4126 1162 4196 assumit:
1190 4133 1224 4195 et
1249 4122 1281 4222 id
1308 4143 1439 4218 quoque
1464 4146 1532 4196 non
1552 4125 1630 4197 leve
1657 4147 1724 4197 an-

361 4239 520 4333 tiquitatis
547 4248 774 4329 argumentum
801 4247 862 4310 est.
915 4237 1000 4312 Nam
1028 4239 1232 4311 traditionem
1264 4215 1490 4311 Ecclesiamm
1523 4238 1725 4336 Mesopota-

361 4357 449 4426 miae
476 4353 639 4446 significat
664 4353 824 4427 Nestorio
852 4357 1085 4428 vetustiorem:
1112 4359 1205 4448 cujus
1230 4358 1364 4428 nomine
1390 4358 1545 4448 insignita
1561 4355 1726 4449 Liturgia,

363 4473 392 4544 si
423 4467 464 4541 ab
501 4472 574 4562 ejus
609 4468 776 4567 discipulis
809 4474 947 4566 primum
981 4474 1103 4568 scripta
1134 4470 1269 4561 luisset,
1301 4475 1443 4545 caeteris
1476 4472 1593 4568 procul
1625 4473 1724 4547 dubio

363 4584 600 4676 anteferretur,
627 4596 661 4659 et
686 4587 886 4683 reliquarum
912 4607 1021 4659 canon
1048 4597 1151 4676 esset,
1179 4587 1266 4682 quod
1281 4610 1446 4683 nunquam
1464 4587 1535 4661 luit.
1588 4587 1725 4664 Secun-

363 4701 439 4774 dum
465 4703 551 4773 inter
577 4723 638 4774 eas
663 4702 773 4775 locum
799 4701 926 4777 obtinet
952 4703 1103 4797 biturgia
1133 4703 1305 4776 Tbeodort
1330 4703 1554 4799 Interprctr'r,
1585 4703 1648 4781 hoc
1675 4715 1727 4780 est

361 4816 608 4913 Mopsuesteni,
641 4841 661 4890 1
691 4820 893 4893 multitudine
933 4824 1242 4894 commentariorum
1283 4823 1316 4892 11
1354 4843 1483 4896 sacram
1520 4827 1725 4920 scripturam,

362 4956 501 5029 quorum
528 4933 634 5006 adhuc
658 4934 806 5008 nonnuli
831 4937 974 5034 Syriaca
1001 4944 1058 5010 aut
1081 4933 1229 5012 Arabico
1255 4945 1387 5030 extant,
1416 4941 1462 5012 ita
1495 4942 1726 5033 cognominati.

360 5047 452 5121 Illius
478 5051 625 5122 meminit
650 5059 804 5147 tanquam
831 5053 918 5152 apud
943 5053 1122 5130 Nestorios
1148 5053 1375 5151 frequentatae
1390 5053 1534 5130 Alexius
1557 5056 1726 5130 Menesius

410 5187 498 5232 ronna
514 5187 540 5232 rr.
1471 5173 1521 5248 74
