4814 6060
603 555 786 634 lGllATll
817 558 1149 640 PATRIARCHAE
1184 562 1484 643 latibulum.
1656 569 1733 646 529

355 741 498 812 montiae
525 750 613 814 tuae.
666 741 821 815 Extende
849 767 1040 840 supernos
1068 747 1241 821 dexteram
1269 759 1380 842 tuam,
1408 726 1540 826 colloca
1571 776 1636 828 nos
1670 757 1733 830 sub

353 854 472 928 umbra
499 867 564 928 tua.
617 858 858 949 Peccavimus,
885 864 1079 958 insipienter
1109 874 1144 935 et
1178 867 1279 960 impie
1311 869 1464 958 egimus,
1496 870 1605 943 verba
1638 871 1732 944 Pro-

351 969 522 1065 phetarum
550 978 804 1063 centensimus,
839 977 1078 1072 praedicationi
1110 981 1353 1076 Apostolorum
1393 1004 1493 1057 aures
1532 982 1732 1060 clausimus:

259 1069 265 1088 ⁸
354 1084 537 1158 doctrinam
564 1090 699 1161 Patrum
725 1093 922 1182 rejecimus,
948 1105 1130 1190 praecepta
1157 1106 1214 1167 tua
1239 1096 1376 1168 vivifica
1409 1119 1477 1170 nou
1510 1105 1733 1180 servavimus.

352 1201 479 1274 Verum
505 1206 581 1296 quia
608 1225 730 1276 nomen
756 1216 846 1277 tuum
873 1229 941 1280 non
968 1207 1227 1302 abnegavimus,
1254 1233 1299 1282 ne
1333 1212 1485 1306 abneges
1518 1237 1582 1289 uos
1615 1239 1732 1291 coram
1786 1289 1790 1294 .

351 1317 452 1389 Putre
478 1327 550 1390 tuo:
577 1340 640 1391 nos
668 1324 723 1414 qui
750 1320 944 1394 confitemur
970 1333 1004 1395 te
1036 1347 1150 1397 coram
1182 1325 1389 1417 hominihus,
1421 1329 1582 1404 confitere
1615 1355 1732 1408 coram

350 1433 494 1526 Angelis
520 1438 604 1508 tuis:
629 1447 767 1532 propter
793 1435 889 1528 baec,
916 1448 950 1510 et
973 1438 1039 1513 alia
1065 1442 1228 1534 ejusmodi
1243 1441 1399 1516 Ecclesia
1417 1453 1473 1517 tua
1490 1457 1602 1540 rogat,
1628 1467 1730 1540 grex,

351 1559 386 1620 ct
412 1571 497 1622 oves
524 1561 602 1622 tuae
628 1549 814 1648 supplicant
840 1564 874 1626 et
900 1554 1139 1649 deprecantur,
1166 1567 1201 1630 et
1226 1581 1289 1654 per
1314 1567 1365 1651 te,
1393 1568 1494 1655 atque
1520 1570 1629 1634 tecum
1655 1561 1729 1634 Pa-

350 1674 435 1738 trem
461 1675 551 1737 tuum
578 1666 703 1740 diceus.
1098 1671 1108 1690 ⁸
1749 1693 1755 1700 '

452 1767 614 1874 Populus.
665 1783 838 1855 Miserere.

452 1895 642 1970 Diaconos.
697 1899 804 1985 Quam
831 1901 976 1972 timenda
1003 1911 1056 1973 est
1081 1900 1167 1974 haec
1191 1901 1285 1976 bora.

589 2171 766 2246 Sacerdos
792 2173 878 2244 dicit
903 2173 1161 2246 Invocationem
1186 2175 1339 2269 Spiritus
1364 2181 1486 2250 sancti.

449 2353 462 2398 ³
514 2359 606 2433 Deus
646 2361 765 2450 Pater,
807 2384 940 2435 oramus
986 2385 1048 2457 per
1088 2363 1322 2436 abundantiam
1361 2366 1613 2440 misericordiae
1646 2378 1725 2442 tuae

347 2473 592 2565 substantialis,
619 2485 654 2547 et
680 2477 852 2568 naturalis,
878 2480 970 2550 mitte
998 2477 1196 2550 directorem
1221 2478 1310 2551 illum
1337 2480 1494 2576 Spiritum
1521 2492 1611 2554 tuum
1639 2507 1725 2556 sau-

346 2599 446 2679 ctum,
482 2593 536 2685 qui
564 2614 583 2662 a
610 2601 644 2663 te
670 2593 835 2688 procedit,
862 2602 897 2665 et
932 2595 1053 2690 accipit
1088 2616 1108 2664 a
1143 2594 1230 2666 Filio
1265 2604 1322 2667 tuo
1357 2596 1581 2670 essentialiter
1614 2609 1648 2670 ct
1680 2597 1724 2672 ab

345 2716 499 2797 aeterno:
527 2709 582 2801 qui
609 2712 805 2803 supervenit
829 2711 864 2781 iu
890 2708 1077 2801 Virginem,
1105 2709 1353 2805 etpurificavit
1380 2733 1467 2801 enm,
1494 2721 1593 2808 atque
1619 2716 1724 2786 inea

343 2820 521 2894 formatum
549 2833 600 2894 est
636 2847 759 2921 corpus
793 2835 943 2898 sanctum
976 2827 1136 2916 unigeniti
1164 2824 1240 2898 l'ilii
1267 2828 1330 2913 tui,
1367 2829 1423 2921 qui
1456 2825 1537 2899 fecit
1568 2849 1632 2902 uos
1663 2827 1725 2902 tibi

343 2935 428 3012 filios
454 2959 516 3032 per
542 2941 684 3030 gratiam
712 2950 810 3027 tuam,
840 2963 906 3035 quo
939 2939 1133 3036 perficiente
1160 2940 1281 3032 divini,
1320 2952 1355 3013 et
1381 2939 1524 3014 deificati
1556 2943 1652 3032 liunt,
1688 2954 1724 3018 ut

344 3051 458 3124 altaria
491 3076 624 3149 quoque
651 3067 684 3129 et
720 3056 858 3151 templa,
892 3054 934 3127 ad
966 3055 1109 3148 gloriam
1143 3057 1316 3128 ministerii
1343 3060 1406 3146 tui,
1438 3056 1494 3129 ille
1525 3060 1600 3153 ipse
1634 3080 1723 3132 nuuc

341 3171 456 3241 veniat
481 3179 516 3241 et
541 3171 694 3245 illabatur
721 3193 822 3267 super
847 3192 924 3261 noe,
951 3180 986 3242 et
1010 3192 1112 3266 super
1138 3181 1349 3244 sacramenta
1376 3171 1471 3260 baec,
1499 3195 1608 3268 caque
1634 3194 1720 3246 cor-

343 3306 405 3380 pus
439 3287 573 3376 efficiat,
620 3298 655 3360 et
686 3311 741 3360 me
774 3287 943 3381 indignum
983 3289 1140 3380 omnique
1172 3285 1263 3359 bono
1298 3298 1470 3361 carentem
1503 3288 1654 3384 purilicet
1687 3299 1721 3363 et

344 3401 525 3493 abstergat,
553 3425 752 3498 omnemque
779 3425 921 3498 gregem
948 3412 1037 3474 tuum
1065 3401 1279 3496 spiritualem.

445 3517 607 3612 Populus.
658 3520 779 3591 Amen.

442 3633 628 3705 Sacerdos.
681 3633 816 3706 Exaudi
843 3656 908 3708 me.

442 3750 632 3822 Diaconos.
686 3749 792 3844 Kyrie
820 3749 961 3838 eleison,
988 3749 1094 3844 llyrie
1121 3749 1263 3840 eleison,
1288 3749 1395 3844 llyrie
1411 3748 1561 3852 ¹eleison.

443 3863 627 3938 Sacerdos.
680 3863 726 3937 Ut
751 3887 813 3962 per
840 3865 981 3938 ablatum
1015 3875 1050 3936 et
1075 3865 1228 3961 illapsum
1256 3888 1350 3938 suum
1379 3875 1563 3956 secretum,
1595 3888 1717 3960 panem

339 3977 424 4050 hunc
450 3979 600 4075 perficiat
628 4004 750 4076 corpus
778 3989 929 4054 sanctum
955 3991 990 4052 et
1017 3985 1195 4054 animatum
1221 3981 1305 4054 lesu
1330 3982 1395 4053 Dei
1423 3984 1535 4053 nostri.

441 4094 603 4187 Populus.
656 4097 777 4169 Amen.

440 4210 626 4282 Sacerdos.
679 4211 724 4284 Et
750 4215 881 4286 mistum
916 4211 1004 4308 quod
1029 4210 1094 4284 boc
1121 4211 1228 4285 calice
1256 4214 1460 4299 continetur,
1491 4209 1595 4283 iaciat
1628 4231 1714 4282 san-

338 4328 473 4418 guinem
499 4331 627 4417 vivum,
655 4339 688 4400 et
714 4329 881 4400 intellectu
907 4328 1094 4425 praeditum
1119 4327 1202 4400 Jesu
1228 4329 1292 4400 Dei
1319 4331 1434 4401 nostri.

438 4442 602 4534 Populus.
654 4446 773 4517 Amen.
830 4509 833 4518 .

439 4557 625 4630 Sacerdos.
678 4559 723 4632 Ut
749 4561 958 4634 sanctificent
985 4581 1102 4633 omnes
1129 4581 1190 4632 eos
1218 4559 1273 4652 qui
1301 4580 1342 4629 ea
1370 4565 1517 4645 sument,
1552 4566 1587 4627 et
1612 4559 1712 4651 puri-

334 4671 434 4744 ficent
460 4695 521 4746 eos
549 4696 665 4748 omnes
694 4679 748 4770 qui
774 4680 855 4770 ipsis
891 4673 1209 4747 commiscebuntur:
1245 4673 1489 4768 emundentque
1522 4671 1650 4745 animas
1678 4683 1713 4744 et

334 4809 479 4882 corpora
507 4810 623 4861 eorum
651 4794 706 4885 qui
732 4794 814 4886 ipsis
830 4789 1135 4880 communicabuut3
1162 4794 1294 4884 sintque
1320 4788 1419 4860 nobis
1446 4797 1598 4860 sanctum
1625 4807 1712 4860 san-

334 4903 494 4994 ctificans,
521 4909 671 5001 expiatio
699 4917 914 5002 peccatorum
932 4910 1174 5004 propitiatoria,
1201 4927 1314 4978 murus
1332 4905 1375 4977 ad
1395 4907 1620 4993 securitatem,
1647 4923 1713 4973 arx

332 5017 428 5095 lortis
457 5020 499 5093 ad
526 5020 775 5113 defensionem5
809 5027 995 5096 immunitas
1023 5047 1043 5094 a
1071 5025 1271 5097 tentatione:
1297 5023 1532 5118 praeservatio
1560 5043 1580 5092 a
1607 5017 1711 5090 dolis:
