4782 6068
833 592 1194 672 nusroarr.
1623 543 1699 670 oua

328 785 422 855 navit
447 804 511 855 nos
535 781 611 856 luca
638 783 797 856 scientiae
824 779 968 852 divinae.
1012 780 1080 854 Illis
1107 782 1193 852 enim
1220 782 1275 876 qui
1300 790 1500 876 receperunt
1526 804 1602 856 eum
1630 783 1697 856 de-

330 897 376 971 dit
407 901 606 994 potestatem
641 898 727 970 idios
762 897 827 968 Dei
860 897 951 968 lieri:
989 896 1158 968 mundavit
1189 917 1253 971 nos
1287 905 1320 969 et
1355 899 1506 992 expiavit
1537 920 1600 972 nos
1635 925 1697 996 per

328 1013 525 1111 baptismum
553 1037 661 1110 aquae
688 1023 833 1100 sanctae,
860 1024 894 1085 et
920 1013 1140 1086 sanctificavit
1172 1035 1236 1086 nos
1267 1006 1282 1047 ⁸
1308 1016 1417 1106 gratia
1450 1037 1512 1087 sua
1538 1037 1600 1110 per
1627 1015 1695 1089 do-

328 1107 416 1202 numl
431 1129 575 1227 Spiritus
602 1132 718 1204 sancti.
770 1128 842 1202 Eos
870 1151 1001 1224 quoque
1037 1132 1092 1224 qui
1119 1129 1304 1224 consepulti
1330 1139 1406 1203 sunt
1440 1133 1504 1226 ipsi
1538 1153 1600 1226 per
1625 1131 1694 1204 bu-

328 1250 493 1344 ptismum,
521 1249 704 1336 suscitavit,
731 1254 764 1318 et
791 1244 951 1332 elevavit,
979 1242 1224 1340 collocavitque
1251 1267 1365 1317 secum
1385 1247 1417 1316 in
1432 1246 1541 1335 coelo,
1568 1269 1695 1319 secun-

328 1364 405 1436 dum
430 1365 685 1460 promissionem
712 1385 815 1436 suam.
857 1360 1006 1456 Cumque
1033 1361 1207 1434 dilexisset
1233 1382 1313 1435 suos
1341 1364 1456 1456 quiin
1482 1361 1546 1435 hoo
1572 1363 1694 1436 mundo

328 1491 436 1570 erant,
461 1502 568 1575 usque
594 1483 627 1551 ia
653 1479 750 1550 linem
778 1476 896 1550 dilexit
922 1499 996 1566 eos,
1022 1475 1197 1572 iactusque
1231 1487 1285 1550 est
1319 1477 1538 1550 succidaneos
1564 1500 1695 1575 poenae

328 1595 459 1668 debitae
485 1599 633 1691 peccatis
660 1597 795 1688 generis
822 1596 939 1682 nostri,
967 1615 1028 1689 pro
1056 1596 1126 1666 vita
1159 1596 1316 1680 omnium,
1343 1592 1497 1689 deditque
1524 1617 1562 1666 se
1587 1597 1693 1691 ipsum

326 1735 389 1809 pro
423 1710 575 1784 omnibus
609 1711 650 1782 ad
685 1723 825 1783 mortem
859 1732 947 1804 quae
979 1731 1082 1804 super
1112 1731 1175 1781 nos
1213 1709 1399 1801 regnabat,
1435 1719 1470 1782 et
1504 1711 1565 1784 sub
1600 1717 1693 1805 cujus

327 1837 494 1926 potestate
521 1830 672 1899 servituti
701 1825 823 1898 addicti
849 1847 995 1912 eramus,
1022 1824 1130 1897 eidem
1155 1825 1282 1898 venditi
1307 1848 1369 1921 per
1395 1837 1535 1922 peccata
1561 1836 1693 1900 nostra:

328 1957 361 2018 et
386 1968 448 2040 per
474 1946 669 2036 sanguinem
696 1963 788 2015 suurn
816 1945 997 2036 pretiosum
1025 1940 1177 2032 redemit,
1204 1953 1238 2014 et
1264 1941 1415 2030 salvavit
1436 1937 1517 2017 nos':
1544 1942 1694 2016 descen-

200 2102 210 2112 ·
326 2059 437 2155 ditqne
464 2059 506 2131 ad
532 2060 672 2146 inferos,
699 2068 733 2129 et
759 2057 861 2132 solvit
885 2057 1019 2130 vincula
1054 2060 1169 2130 mortis
1202 2061 1348 2131 voracis.
1400 2058 1445 2132 Et
1471 2062 1547 2155 quia
1569 2064 1693 2153 justum

325 2199 392 2249 non
420 2186 492 2248 erat
517 2186 553 2247 ut
577 2179 611 2247 in
636 2174 766 2248 iniemo
794 2172 1007 2261 detineretur,
1034 2195 1053 2244 a
1076 2185 1193 2261 morte,
1220 2173 1517 2269 princeps‘salutis
1543 2187 1693 2268 nostrae,

325 2294 470 2366 surrexit
497 2315 516 2363 a
542 2295 679 2364 mortuis
706 2293 801 2362 tertia
828 2289 900 2378 die;
928 2300 961 2361 et
986 2287 1094 2361 factus
1121 2300 1174 2362 est
1199 2292 1362 2385 primitiae
1389 2291 1631 2381 dormientium,
1658 2303 1694 2365 ut

325 2419 417 2481 esset
442 2412 566 2505 primus
593 2412 627 2478 in
652 2407 820 2479 omnibus:
856 2405 1007 2478 ascendit
1031 2408 1065 2477 in
1093 2406 1240 2479 coelum:
1273 2405 1424 2501 seditque
1449 2407 1493 2478 ad
1519 2408 1692 2480 dexteram

324 2511 507 2618 majestatis
542 2531 629 2612 tuae,
662 2522 766 2595 Deus.
825 2521 869 2593 Et
902 2520 1034 2615 reliquit
1064 2519 1163 2594 nobis
1195 2527 1543 2597 commemorationem
1578 2525 1692 2597 salutis

322 2653 471 2731 nostrae,
497 2645 691 2738 mysterium
717 2640 781 2712 boc
808 2639 897 2735 qnod
923 2638 1089 2714 offerimus
1116 2662 1231 2713 coram
1257 2651 1300 2714 te.
1354 2636 1439 2712 Cum
1465 2643 1551 2712 enim
1579 2639 1692 2712 adve-

244 2791 249 2802 ·
322 2761 428 2830 nisset
454 2769 582 2853 tempus
609 2780 674 2852 quo
702 2756 893 2829 tradebatur
926 2778 989 2851 pro
1015 2759 1086 2828 vito
1112 2755 1240 2846 mundi,
1273 2765 1448 2852 postquam
1475 2759 1632 2829 coenavit
1658 2760 1693 2829 in

322 2873 488 2947 Pascbato
513 2873 599 2966 legis
626 2872 769 2969 Moysis,
796 2873 926 2967 accepit
950 2894 1070 2966 panem
1106 2876 1139 2944 in
1171 2896 1288 2945 manus
1321 2895 1400 2945 suas
1437 2883 1591 2964 sanctas,
1622 2876 1692 2945 im-

322 2988 505 3086 maculatas
533 2999 567 3061 et
593 2988 793 3084 impollutas,
819 2986 993 3060 benedixit
1025 2987 1204 3082 etfregit,
1238 2999 1271 3061 et
1302 2987 1317 3029 ⁹
1343 2988 1504 3080 comedit,
1537 2991 1692 3086 deditque

323 3103 493 3201 discipulis
520 3113 554 3174 et
580 3102 671 3190 dixit,
701 3105 852 3197 accipite,
879 3101 967 3173 edite
993 3125 1039 3174 ex
1065 3125 1109 3175 eo
1135 3127 1200 3177 vos
1228 3125 1354 3176 omnes.
1389 3106 1464 3177 lloc
1489 3116 1542 3178 est
1568 3127 1691 3199 eorpus

321 3245 431 3293 meum
459 3219 545 3315 quod
573 3241 635 3314 pro
662 3217 761 3292 vobis
788 3217 951 3310 frangitur
986 3221 1276 3292 inremissionem
1306 3229 1531 3315 peccatorum.
1586 3218 1691 3290 Simili

321 3336 422 3412 modo
449 3346 484 3408 et
508 3335 646 3408 calicem
675 3338 804 3406 miscuit
829 3337 907 3408 vino
945 3344 978 3406 et
1005 3357 1102 3430 aqua,
1129 3345 1162 3408 et
1188 3336 1370 3424 benedixit,
1398 3346 1432 3408 et
1456 3334 1548 3422 bibit,
1576 3334 1690 3405 dedit-

323 3476 387 3550 que
414 3451 582 3549 discipulis
608 3455 677 3524 suis
704 3461 737 3523 et
764 3451 856 3524 dixit.
904 3451 1012 3524 Bibite
1039 3474 1084 3523 ex
1110 3475 1153 3525 eo
1180 3475 1246 3526 vos
1273 3474 1406 3526 omnes:
1435 3452 1497 3524 Hic
1524 3463 1576 3524 est
1602 3473 1688 3524 san-

320 3573 396 3664 guis
422 3591 517 3641 meus
543 3569 749 3641 Testamenti
773 3571 865 3661 novi,
894 3569 949 3663 qui
974 3591 1036 3663 pro
1064 3568 1171 3640 multis
1199 3568 1372 3641 ellanditur
1397 3574 1431 3642 in
1457 3571 1689 3641 remissionem

319 3695 544 3783 peccatorum,
572 3693 672 3778 atque
698 3687 742 3755 ita
770 3682 869 3756 facite
896 3686 929 3755 in
956 3687 1021 3756 mei
1047 3687 1240 3758 memoriam
1267 3685 1374 3758 donec
1401 3689 1543 3760 veniam.
1589 3685 1688 3772 01ιο-

319 3805 525 3895 tiescumque
552 3801 639 3870 enim
665 3798 946 3872 manducaveritis
978 3823 1023 3872 ex
1056 3801 1121 3874 hoc
1154 3824 1261 3897 pane,
1296 3811 1329 3872 et
1362 3801 1511 3877 biberitis
1546 3826 1592 3874 ex
1624 3803 1689 3876 boe

320 3916 436 4004 calice,
463 3924 601 3986 mortem
628 3937 736 3987 meam
764 3915 1004 3989 annunciabitis
1031 3916 1205 4012 usquead
1232 3917 1410 3991 adventum
1428 3941 1546 3990 meum.
1572 3918 1688 4015 ltaque

320 4035 517 4129 quicumque
543 4052 617 4102 cnm
643 4031 708 4103 lide
723 4054 806 4104 vora
833 4033 973 4105 accedet
999 4042 1033 4104 et
1057 4034 1267 4130 participabit
1293 4055 1339 4106 ex
1365 4034 1441 4123 illis,
1468 4037 1533 4106 sint
1559 4037 1591 4106 ei
1608 4035 1688 4107 Do-

319 4154 407 4222 mine
439 4151 473 4220 in
504 4150 638 4220 veniam
674 4146 887 4241 delictomm,
926 4160 959 4221 et
993 4153 1226 4224 remissionem
1260 4160 1494 4247 peccatorum,
1526 4173 1688 4246 spemque

318 4287 474 4358 magnam
501 4265 756 4338 resurrectionis
784 4287 803 4334 a
831 4269 982 4354 mortuis,
1009 4276 1043 4338 et
1069 4266 1230 4339 advitam
1255 4289 1378 4339 novam
1405 4269 1437 4337 in
1465 4287 1571 4360 regno
1599 4290 1686 4341 coe-

317 4379 436 4454 lorum.

423 4496 550 4567 Conon.
603 4495 648 4568 Et
673 4494 816 4583 laudem,
851 4494 1030 4586 honorem,
1065 4501 1245 4592 gratiarum
1280 4503 1456 4588 actionem,
1488 4511 1522 4572 et
1556 4499 1685 4573 adora-

318 4615 442 4684 tionem
469 4611 654 4684 releremus
682 4610 740 4683 tibi
765 4612 867 4685 Pater
893 4612 1107 4705 abscondite,
1134 4625 1167 4688 et
1193 4615 1259 4687 fibo
1287 4624 1363 4701 tuo,
1389 4615 1475 4711 proli
1501 4615 1685 4706 gloriosae,

318 4739 351 4800 et
377 4729 512 4825 Spiritui
538 4737 594 4800 tuo
622 4731 704 4800 vivo
732 4738 766 4801 et
792 4741 921 4822 sancto,
948 4740 981 4802 et
1006 4729 1200 4821 vivificanti,
1227 4753 1315 4804 nunc
1331 4742 1365 4804 et
1384 4753 1517 4827 semper
1541 4734 1575 4804 in
1602 4755 1687 4806 sae-

317 4844 392 4917 cula
422 4845 642 4918 saeculorum.

420 4962 544 5054 Signat
570 4964 739 5054 mysterio.
792 4963 971 5035 Diaconos
996 4963 1089 5032 dicit.
1116 4962 1268 5059 Aspicite
1294 4963 1590 5056 mansuetudinem,
1616 4965 1685 5037 hu-

317 5077 484 5151 militatem
513 5088 547 5152 et
572 5075 794 5151 obedientiam
821 5079 945 5155 Christi
970 5078 1158 5154 salvatoris
1183 5083 1304 5171 nostri,
1332 5103 1406 5154 cum
1434 5081 1532 5155 oculo
1560 5085 1686 5176 cogni-
