<?xml version="1.0" encoding="UTF-8"?>
<!DOCTYPE html PUBLIC "-//W3C//DTD XHTML 1.0 Transitional//EN"
    "http://www.w3.org/TR/xhtml1/DTD/xhtml1-transitional.dtd">
<html xmlns="http://www.w3.org/1999/xhtml" xml:lang="en" lang="en">
 <head>
  <title>
</title>
<meta http-equiv="Content-Type" content="text/html;charset=utf-8" />
  <meta name='ocr-system' content='tesseract 3.04.00' />
  <meta name='ocr-capabilities' content='ocr_page ocr_carea ocr_par ocr_line ocrx_word'/>
</head>
<body>
  <div class='ocr_page' id='page_1' title='image "./liturgiarumorie04renagoog_0260.png"; bbox 0 0 4712 6032; ppageno 0'>
   <div class='ocr_carea' id='block_1_1' title="bbox 687 681 1689 763">
    <p class='ocr_par' dir='ltr' id='par_1_1' title="bbox 687 681 1689 763">
     <span class='ocr_line' id='line_1_1' title="bbox 687 681 1689 763; baseline 0.002 -3"><span class='ocrx_word' id='word_1_1' title='bbox 687 682 1319 763; x_wconf 75' lang='lat' dir='ltr'><strong>SANCTIIGNATII.</strong></span> <span class='ocrx_word' id='word_1_2' title='bbox 1612 681 1689 762; x_wconf 81' lang='grc' dir='ltr'><strong>Ι223</strong></span> 
     </span>
    </p>
   </div>
   <div class='ocr_carea' id='block_1_2' title="bbox 313 837 1691 1080">
    <p class='ocr_par' dir='ltr' id='par_1_2' title="bbox 313 837 1691 1080">
     <span class='ocr_line' id='line_1_2' title="bbox 313 837 1691 967; baseline -0.001 -22"><span class='ocrx_word' id='word_1_3' title='bbox 313 869 475 959; x_wconf 86' lang='lat' dir='ltr'><strong>anobis,</strong></span> <span class='ocrx_word' id='word_1_4' title='bbox 509 891 620 964; x_wconf 88' lang='lat' dir='ltr'><strong>neque</strong></span> <span class='ocrx_word' id='word_1_5' title='bbox 651 868 769 964; x_wconf 89' lang='lat' dir='ltr'><strong>procul</strong></span> <span class='ocrx_word' id='word_1_6' title='bbox 794 837 900 941; x_wconf 87' lang='lat' dir='ltr'><strong>facias</strong></span> <span class='ocrx_word' id='word_1_7' title='bbox 929 868 1052 942; x_wconf 88' lang='lat' dir='ltr'><strong>auxilia</strong></span> <span class='ocrx_word' id='word_1_8' title='bbox 1081 879 1153 958; x_wconf 84' lang='lat' dir='ltr'><strong>tua3</strong></span> <span class='ocrx_word' id='word_1_9' title='bbox 1186 870 1245 944; x_wconf 90' lang='lat' dir='ltr'><strong>sed</strong></span> <span class='ocrx_word' id='word_1_10' title='bbox 1273 875 1387 967; x_wconf 82' lang='lat' dir='ltr'><strong>aspice</strong></span> <span class='ocrx_word' id='word_1_11' title='bbox 1413 895 1496 962; x_wconf 84' lang='lat' dir='ltr'><strong>nos,</strong></span> <span class='ocrx_word' id='word_1_12' title='bbox 1529 883 1564 946; x_wconf 90' lang='lat' dir='ltr'><strong>et</strong></span> <span class='ocrx_word' id='word_1_13' title='bbox 1598 875 1691 946; x_wconf 89' lang='lat' dir='ltr'><strong>mitte</strong></span> 
     </span>
     <span class='ocr_line' id='line_1_3' title="bbox 313 983 1691 1080; baseline -0.001 -22"><span class='ocrx_word' id='word_1_14' title='bbox 313 990 456 1080; x_wconf 79' lang='lat' dir='ltr'><strong>gratiam</strong></span> <span class='ocrx_word' id='word_1_15' title='bbox 483 996 573 1057; x_wconf 89' lang='lat' dir='ltr'><strong>tuam</strong></span> <span class='ocrx_word' id='word_1_16' title='bbox 601 983 645 1055; x_wconf 89' lang='lat' dir='ltr'><strong>ad</strong></span> <span class='ocrx_word' id='word_1_17' title='bbox 670 992 821 1057; x_wconf 90' lang='lat' dir='ltr'><strong>nostrum</strong></span> <span class='ocrx_word' id='word_1_18' title='bbox 847 983 1038 1057; x_wconf 87' lang='lat' dir='ltr'>subsidium.</span> <span class='ocrx_word' id='word_1_19' title='bbox 1091 985 1147 1058; x_wconf 90' lang='lat' dir='ltr'><strong>Ab</strong></span> <span class='ocrx_word' id='word_1_20' title='bbox 1186 988 1339 1061; x_wconf 90' lang='lat' dir='ltr'><strong>omuibus</strong></span> <span class='ocrx_word' id='word_1_21' title='bbox 1365 987 1557 1062; x_wconf 85' lang='lat' dir='ltr'><strong>criminibus</strong></span> <span class='ocrx_word' id='word_1_22' title='bbox 1582 989 1691 1060; x_wconf 82' lang='lat' dir='ltr'><strong>libera</strong></span> 
     </span>
    </p>
   </div>
   <div class='ocr_carea' id='block_1_3' title="bbox 312 1084 1919 1195">
    <p class='ocr_par' dir='ltr' id='par_1_3' title="bbox 312 1084 1919 1195">
     <span class='ocr_line' id='line_1_4' title="bbox 312 1084 1919 1195; baseline -0.002 -23"><span class='ocrx_word' id='word_1_23' title='bbox 312 1123 389 1190; x_wconf 89' lang='lat' dir='ltr'><strong>nos,</strong></span> <span class='ocrx_word' id='word_1_24' title='bbox 415 1121 526 1195; x_wconf 85' lang='lat' dir='ltr'><strong>neque</strong></span> <span class='ocrx_word' id='word_1_25' title='bbox 552 1084 690 1170; x_wconf 76' lang='lat' dir='ltr'><strong>inducas</strong></span> <span class='ocrx_word' id='word_1_26' title='bbox 717 1118 781 1168; x_wconf 91' lang='lat' dir='ltr'><strong>nos</strong></span> <span class='ocrx_word' id='word_1_27' title='bbox 808 1101 842 1168; x_wconf 93' lang='lat' dir='ltr'><strong>in</strong></span> <span class='ocrx_word' id='word_1_28' title='bbox 869 1099 1094 1190; x_wconf 75' lang='lat' dir='ltr'><strong>tentationem,</strong></span> <span class='ocrx_word' id='word_1_29' title='bbox 1122 1100 1199 1192; x_wconf 86' lang='lat' dir='ltr'><strong>quia</strong></span> <span class='ocrx_word' id='word_1_30' title='bbox 1226 1098 1284 1172; x_wconf 93' lang='lat' dir='ltr'><strong>tibi</strong></span> <span class='ocrx_word' id='word_1_31' title='bbox 1306 1109 1357 1170; x_wconf 89' lang='lat' dir='ltr'><strong>est</strong></span> <span class='ocrx_word' id='word_1_32' title='bbox 1376 1107 1539 1192; x_wconf 89' lang='lat' dir='ltr'><strong>potestas,</strong></span> <span class='ocrx_word' id='word_1_33' title='bbox 1566 1109 1600 1170; x_wconf 88' lang='lat' dir='ltr'><strong>et</strong></span> <span class='ocrx_word' id='word_1_34' title='bbox 1618 1101 1689 1172; x_wconf 90' lang='lat' dir='ltr'><strong>irn-</strong></span> <span class='ocrx_word' id='word_1_35' title='bbox 1807 1141 1810 1147; x_wconf 92' lang='lat'><em>-</em></span> <span class='ocrx_word' id='word_1_36' title='bbox 1913 1135 1919 1148; x_wconf 51' lang='grc' dir='ltr'><strong>ι</strong></span> 
     </span>
    </p>
   </div>
   <div class='ocr_carea' id='block_1_4' title="bbox 225 1211 1792 5214">
    <p class='ocr_par' dir='ltr' id='par_1_4' title="bbox 312 1211 1641 1310">
     <span class='ocr_line' id='line_1_5' title="bbox 312 1211 1641 1310; baseline -0.002 -24"><span class='ocrx_word' id='word_1_37' title='bbox 312 1217 441 1310; x_wconf 86' lang='lat' dir='ltr'><strong>perium</strong></span> <span class='ocrx_word' id='word_1_38' title='bbox 468 1223 654 1300; x_wconf 85' lang='lat' dir='ltr'><strong>aeternum,</strong></span> <span class='ocrx_word' id='word_1_39' title='bbox 681 1223 716 1284; x_wconf 85' lang='lat' dir='ltr'><strong>et</strong></span> <span class='ocrx_word' id='word_1_40' title='bbox 740 1211 802 1284; x_wconf 87' lang='lat' dir='ltr'><strong>tibi</strong></span> <span class='ocrx_word' id='word_1_41' title='bbox 827 1211 969 1304; x_wconf 82' lang='lat' dir='ltr'><strong>gloriam</strong></span> <span class='ocrx_word' id='word_1_42' title='bbox 996 1222 1030 1283; x_wconf 87' lang='lat' dir='ltr'><strong>et</strong></span> <span class='ocrx_word' id='word_1_43' title='bbox 1056 1215 1238 1304; x_wconf 83' lang='lat' dir='ltr'><strong>gratiarum</strong></span> <span class='ocrx_word' id='word_1_44' title='bbox 1266 1216 1429 1286; x_wconf 85' lang='lat' dir='ltr'><strong>actionem</strong></span> <span class='ocrx_word' id='word_1_45' title='bbox 1455 1212 1641 1286; x_wconf 80' lang='lat' dir='ltr'><strong>referimus.</strong></span> 
     </span>
    </p>

    <p class='ocr_par' dir='ltr' id='par_1_5' title="bbox 419 1329 755 1424">
     <span class='ocr_line' id='line_1_6' title="bbox 419 1329 755 1424; baseline -0.009 -24"><span class='ocrx_word' id='word_1_46' title='bbox 419 1329 581 1424; x_wconf 84' lang='lat' dir='ltr'><strong>Papulas.</strong></span> <span class='ocrx_word' id='word_1_47' title='bbox 634 1329 755 1400; x_wconf 86' lang='lat' dir='ltr'><strong>Amen.</strong></span> 
     </span>
    </p>

    <p class='ocr_par' dir='ltr' id='par_1_6' title="bbox 416 1442 739 1516">
     <span class='ocr_line' id='line_1_7' title="bbox 416 1442 739 1516; baseline -0.012 0"><span class='ocrx_word' id='word_1_48' title='bbox 416 1444 602 1516; x_wconf 78' lang='lat' dir='ltr'><strong>Sacerdos.</strong></span> <span class='ocrx_word' id='word_1_49' title='bbox 655 1442 739 1514; x_wconf 87' lang='lat' dir='ltr'><strong>Pax.</strong></span> 
     </span>
    </p>

    <p class='ocr_par' dir='ltr' id='par_1_7' title="bbox 313 1556 1689 1861">
     <span class='ocr_line' id='line_1_8' title="bbox 416 1556 1689 1651; baseline 0.001 -21"><span class='ocrx_word' id='word_1_50' title='bbox 416 1559 605 1630; x_wconf 79' lang='lat' dir='ltr'><strong>Diaconos.</strong></span> <span class='ocrx_word' id='word_1_51' title='bbox 658 1556 749 1630; x_wconf 88' lang='lat' dir='ltr'><strong>Ante</strong></span> <span class='ocrx_word' id='word_1_52' title='bbox 777 1558 1024 1650; x_wconf 86' lang='lat' dir='ltr'><strong>susceptionem</strong></span> <span class='ocrx_word' id='word_1_53' title='bbox 1052 1558 1287 1651; x_wconf 80' lang='lat' dir='ltr'><strong>mysteriorum</strong></span> <span class='ocrx_word' id='word_1_54' title='bbox 1320 1558 1461 1630; x_wconf 90' lang='lat' dir='ltr'><strong>istorum</strong></span> <span class='ocrx_word' id='word_1_55' title='bbox 1487 1568 1689 1647; x_wconf 85' lang='lat' dir='ltr'><strong>sanctorun,</strong></span> 
     </span>
     <span class='ocr_line' id='line_1_9' title="bbox 313 1671 1689 1770; baseline 0.001 -24"><span class='ocrx_word' id='word_1_56' title='bbox 313 1697 400 1769; x_wconf 81' lang='lat' dir='ltr'><strong>quae</strong></span> <span class='ocrx_word' id='word_1_57' title='bbox 436 1673 556 1746; x_wconf 87' lang='lat' dir='ltr'><strong>oblata·</strong></span> <span class='ocrx_word' id='word_1_58' title='bbox 583 1680 675 1760; x_wconf 88' lang='lat' dir='ltr'><strong>sunt,</strong></span> <span class='ocrx_word' id='word_1_59' title='bbox 710 1674 827 1742; x_wconf 86' lang='lat' dir='ltr'><strong>iterum</strong></span> <span class='ocrx_word' id='word_1_60' title='bbox 862 1692 976 1744; x_wconf 91' lang='lat' dir='ltr'><strong>coram</strong></span> <span class='ocrx_word' id='word_1_61' title='bbox 1017 1672 1161 1742; x_wconf 90' lang='lat' dir='ltr'><strong>Domino</strong></span> <span class='ocrx_word' id='word_1_62' title='bbox 1195 1671 1403 1744; x_wconf 90' lang='lat' dir='ltr'><strong>misericordi</strong></span> <span class='ocrx_word' id='word_1_63' title='bbox 1434 1677 1543 1770; x_wconf 92' lang='lat' dir='ltr'><strong>capita</strong></span> <span class='ocrx_word' id='word_1_64' title='bbox 1574 1687 1689 1750; x_wconf 90' lang='lat' dir='ltr'><strong>nostra</strong></span> 
     </span>
     <span class='ocr_line' id='line_1_10' title="bbox 313 1787 518 1861; baseline -0.005 -2"><span class='ocrx_word' id='word_1_65' title='bbox 313 1787 518 1861; x_wconf 86' lang='lat' dir='ltr'><strong>inclinemus.</strong></span> 
     </span>
    </p>

    <p class='ocr_par' dir='ltr' id='par_1_8' title="bbox 418 1899 1094 1996">
     <span class='ocr_line' id='line_1_11' title="bbox 418 1899 1094 1996; baseline -0.007 -24"><span class='ocrx_word' id='word_1_66' title='bbox 418 1902 581 1996; x_wconf 82' lang='lat' dir='ltr'><strong>Populus.</strong></span> <span class='ocrx_word' id='word_1_67' title='bbox 636 1899 759 1973; x_wconf 82' lang='lat' dir='ltr'><strong>coram</strong></span> <span class='ocrx_word' id='word_1_68' title='bbox 786 1911 831 1991; x_wconf 88' lang='lat' dir='ltr'><strong>te,</strong></span> <span class='ocrx_word' id='word_1_69' title='bbox 858 1903 1012 1973; x_wconf 89' lang='lat' dir='ltr'><strong>Domino.</strong></span> <span class='ocrx_word' id='word_1_70' title='bbox 1085 1947 1094 1966; x_wconf 78' lang='grc'><strong><em>,</em></strong></span> 
     </span>
    </p>

    <p class='ocr_par' dir='ltr' id='par_1_9' title="bbox 313 2013 1690 3146">
     <span class='ocr_line' id='line_1_12' title="bbox 417 2013 1689 2094; baseline 0.006 -8"><span class='ocrx_word' id='word_1_71' title='bbox 417 2016 594 2088; x_wconf 78' lang='lat' dir='ltr'><strong>Sacerdos</strong></span> <span class='ocrx_word' id='word_1_72' title='bbox 619 2017 757 2088; x_wconf 80' lang='lat' dir='ltr'><strong>elevans</strong></span> <span class='ocrx_word' id='word_1_73' title='bbox 782 2039 908 2088; x_wconf 86' lang='lat' dir='ltr'><strong>nocam.</strong></span> <span class='ocrx_word' id='word_1_74' title='bbox 964 2013 1048 2086; x_wconf 79' lang='lat' dir='ltr'><strong>(lum</strong></span> <span class='ocrx_word' id='word_1_75' title='bbox 1074 2017 1163 2086; x_wconf 94' lang='lat' dir='ltr'><strong>omni</strong></span> <span class='ocrx_word' id='word_1_76' title='bbox 1197 2023 1314 2088; x_wconf 73' lang='lat' dir='ltr'><strong>namra</strong></span> <span class='ocrx_word' id='word_1_77' title='bbox 1348 2027 1383 2088; x_wconf 90' lang='lat' dir='ltr'><strong>et</strong></span> <span class='ocrx_word' id='word_1_78' title='bbox 1412 2030 1565 2093; x_wconf 86' lang='lat' dir='ltr'><strong>creatura</strong></span> <span class='ocrx_word' id='word_1_79' title='bbox 1600 2044 1689 2094; x_wconf 85' lang='lat' dir='ltr'><strong>coe-</strong></span> 
     </span>
     <span class='ocr_line' id='line_1_13' title="bbox 313 2128 1689 2231; baseline 0.005 -29"><span class='ocrx_word' id='word_1_80' title='bbox 313 2130 447 2206; x_wconf 87' lang='lat' dir='ltr'><strong>lestium</strong></span> <span class='ocrx_word' id='word_1_81' title='bbox 473 2142 508 2204; x_wconf 90' lang='lat' dir='ltr'><strong>et</strong></span> <span class='ocrx_word' id='word_1_82' title='bbox 533 2135 751 2218; x_wconf 87' lang='lat' dir='ltr'><strong>terrestrium,</strong></span> <span class='ocrx_word' id='word_1_83' title='bbox 779 2153 865 2226; x_wconf 86' lang='lat' dir='ltr'><strong>quae</strong></span> <span class='ocrx_word' id='word_1_84' title='bbox 892 2141 925 2203; x_wconf 91' lang='lat' dir='ltr'><strong>te</strong></span> <span class='ocrx_word' id='word_1_85' title='bbox 953 2130 1082 2218; x_wconf 82' lang='lat' dir='ltr'><strong>adorat,</strong></span> <span class='ocrx_word' id='word_1_86' title='bbox 1108 2128 1265 2216; x_wconf 87' lang='lat' dir='ltr'><strong>Domine,</strong></span> <span class='ocrx_word' id='word_1_87' title='bbox 1293 2141 1328 2202; x_wconf 93' lang='lat' dir='ltr'><strong>ut</strong></span> <span class='ocrx_word' id='word_1_88' title='bbox 1345 2136 1455 2206; x_wconf 91' lang='lat' dir='ltr'><strong>animo</strong></span> <span class='ocrx_word' id='word_1_89' title='bbox 1470 2137 1689 2231; x_wconf 80' lang='lat' dir='ltr'><strong>concipimus,</strong></span> 
     </span>
     <span class='ocr_line' id='line_1_14' title="bbox 314 2243 1690 2342; baseline 0.002 -25"><span class='ocrx_word' id='word_1_90' title='bbox 314 2268 537 2342; x_wconf 86' lang='lat' dir='ltr'><strong>uusquequo</strong></span> <span class='ocrx_word' id='word_1_91' title='bbox 564 2246 794 2320; x_wconf 89' lang='lat' dir='ltr'><strong>adorationem</strong></span> <span class='ocrx_word' id='word_1_92' title='bbox 820 2268 938 2318; x_wconf 88' lang='lat' dir='ltr'><strong>veram</strong></span> <span class='ocrx_word' id='word_1_93' title='bbox 966 2267 1040 2316; x_wconf 90' lang='lat' dir='ltr'><strong>cum</strong></span> <span class='ocrx_word' id='word_1_94' title='bbox 1067 2247 1221 2315; x_wconf 83' lang='lat' dir='ltr'><strong>cervicis</strong></span> <span class='ocrx_word' id='word_1_95' title='bbox 1246 2243 1448 2320; x_wconf 86' lang='lat' dir='ltr'><strong>demissione</strong></span> <span class='ocrx_word' id='word_1_96' title='bbox 1480 2249 1539 2322; x_wconf 88' lang='lat' dir='ltr'><strong>tibi</strong></span> <span class='ocrx_word' id='word_1_97' title='bbox 1571 2249 1690 2321; x_wconf 81' lang='lat' dir='ltr'><strong>offeri-</strong></span> 
     </span>
     <span class='ocr_line' id='line_1_15' title="bbox 315 2357 1690 2454; baseline 0.003 -22"><span class='ocrx_word' id='word_1_98' title='bbox 315 2383 409 2450; x_wconf 89' lang='lat' dir='ltr'><strong>mus;</strong></span> <span class='ocrx_word' id='word_1_99' title='bbox 436 2371 470 2432; x_wconf 88' lang='lat' dir='ltr'><strong>at</strong></span> <span class='ocrx_word' id='word_1_100' title='bbox 497 2385 517 2432; x_wconf 91' lang='lat' dir='ltr'><strong>a</strong></span> <span class='ocrx_word' id='word_1_101' title='bbox 544 2383 671 2436; x_wconf 90' lang='lat' dir='ltr'><strong>summa</strong></span> <span class='ocrx_word' id='word_1_102' title='bbox 696 2365 835 2440; x_wconf 83' lang='lat' dir='ltr'><strong>caritate</strong></span> <span class='ocrx_word' id='word_1_103' title='bbox 862 2370 917 2431; x_wconf 90' lang='lat' dir='ltr'><strong>tua</strong></span> <span class='ocrx_word' id='word_1_104' title='bbox 943 2357 1167 2454; x_wconf 86' lang='lat' dir='ltr'><strong>postulamus,</strong></span> <span class='ocrx_word' id='word_1_105' title='bbox 1199 2368 1236 2431; x_wconf 96' lang='grc' dir='ltr'><strong>ιιι</strong></span> <span class='ocrx_word' id='word_1_106' title='bbox 1267 2357 1431 2434; x_wconf 87' lang='lat' dir='ltr'><strong>illumines</strong></span> <span class='ocrx_word' id='word_1_107' title='bbox 1465 2366 1593 2438; x_wconf 88' lang='lat' dir='ltr'><strong>animas</strong></span> <span class='ocrx_word' id='word_1_108' title='bbox 1619 2387 1690 2436; x_wconf 95' lang='lat' dir='ltr'><strong>no-</strong></span> 
     </span>
     <span class='ocr_line' id='line_1_16' title="bbox 315 2473 1690 2569; baseline 0.004 -21"><span class='ocrx_word' id='word_1_109' title='bbox 315 2484 403 2548; x_wconf 89' lang='lat' dir='ltr'><strong>stras</strong></span> <span class='ocrx_word' id='word_1_110' title='bbox 429 2479 572 2548; x_wconf 85' lang='lat' dir='ltr'><strong>veritato</strong></span> <span class='ocrx_word' id='word_1_111' title='bbox 599 2487 664 2547; x_wconf 91' lang='lat' dir='ltr'><strong>tua.</strong></span> <span class='ocrx_word' id='word_1_112' title='bbox 716 2474 840 2547; x_wconf 89' lang='lat' dir='ltr'><strong>Munda</strong></span> <span class='ocrx_word' id='word_1_113' title='bbox 868 2495 931 2546; x_wconf 92' lang='lat' dir='ltr'><strong>nos</strong></span> <span class='ocrx_word' id='word_1_114' title='bbox 958 2473 1110 2569; x_wconf 74' lang='lat' dir='ltr'><strong>hyssopo</strong></span> <span class='ocrx_word' id='word_1_115' title='bbox 1138 2484 1213 2544; x_wconf 89' lang='lat' dir='ltr'><strong>tuo:</strong></span> <span class='ocrx_word' id='word_1_116' title='bbox 1242 2477 1409 2550; x_wconf 86' lang='lat' dir='ltr'><strong>sanctifica</strong></span> <span class='ocrx_word' id='word_1_117' title='bbox 1432 2500 1495 2551; x_wconf 91' lang='lat' dir='ltr'><strong>nos</strong></span> <span class='ocrx_word' id='word_1_118' title='bbox 1515 2483 1690 2553; x_wconf 88' lang='lat' dir='ltr'><strong>sanctitate</strong></span> 
     </span>
     <span class='ocr_line' id='line_1_17' title="bbox 314 2579 1689 2683; baseline 0.004 -22"><span class='ocrx_word' id='word_1_119' title='bbox 314 2599 385 2662; x_wconf 88' lang='lat' dir='ltr'><strong>tua:</strong></span> <span class='ocrx_word' id='word_1_120' title='bbox 423 2579 586 2662; x_wconf 69' lang='lat' dir='ltr'><strong>conuerte</strong></span> <span class='ocrx_word' id='word_1_121' title='bbox 620 2612 683 2662; x_wconf 90' lang='lat' dir='ltr'><strong>nos</strong></span> <span class='ocrx_word' id='word_1_122' title='bbox 721 2589 764 2661; x_wconf 87' lang='lat' dir='ltr'><strong>ad</strong></span> <span class='ocrx_word' id='word_1_123' title='bbox 798 2592 948 2661; x_wconf 87' lang='lat' dir='ltr'><strong>timorem</strong></span> <span class='ocrx_word' id='word_1_124' title='bbox 981 2597 1086 2675; x_wconf 85' lang='lat' dir='ltr'><strong>tuum,</strong></span> <span class='ocrx_word' id='word_1_125' title='bbox 1123 2588 1255 2683; x_wconf 87' lang='lat' dir='ltr'><strong>placeat</strong></span> <span class='ocrx_word' id='word_1_126' title='bbox 1289 2588 1348 2661; x_wconf 92' lang='lat' dir='ltr'><strong>tibi</strong></span> <span class='ocrx_word' id='word_1_127' title='bbox 1380 2602 1417 2664; x_wconf 93' lang='grc' dir='ltr'><strong>ιιι</strong></span> <span class='ocrx_word' id='word_1_128' title='bbox 1449 2595 1559 2666; x_wconf 86' lang='lat' dir='ltr'><strong>mittas</strong></span> <span class='ocrx_word' id='word_1_129' title='bbox 1592 2595 1689 2668; x_wconf 91' lang='lat' dir='ltr'><strong>nobis</strong></span> 
     </span>
     <span class='ocr_line' id='line_1_18' title="bbox 314 2703 1690 2804; baseline 0.004 -28"><span class='ocrx_word' id='word_1_130' title='bbox 314 2704 565 2779; x_wconf 87' lang='lat' dir='ltr'><strong>benedictiones</strong></span> <span class='ocrx_word' id='word_1_131' title='bbox 592 2714 679 2792; x_wconf 89' lang='lat' dir='ltr'><strong>tuas,</strong></span> <span class='ocrx_word' id='word_1_132' title='bbox 706 2714 740 2775; x_wconf 88' lang='lat' dir='ltr'><strong>et</strong></span> <span class='ocrx_word' id='word_1_133' title='bbox 766 2706 799 2774; x_wconf 91' lang='lat' dir='ltr'><strong>in</strong></span> <span class='ocrx_word' id='word_1_134' title='bbox 826 2703 911 2775; x_wconf 89' lang='lat' dir='ltr'><strong>hunc</strong></span> <span class='ocrx_word' id='word_1_135' title='bbox 937 2703 1072 2776; x_wconf 92' lang='lat' dir='ltr'><strong>modum</strong></span> <span class='ocrx_word' id='word_1_136' title='bbox 1098 2713 1199 2798; x_wconf 89' lang='lat' dir='ltr'><strong>atque</strong></span> <span class='ocrx_word' id='word_1_137' title='bbox 1225 2704 1345 2778; x_wconf 88' lang='lat' dir='ltr'><strong>talibus</strong></span> <span class='ocrx_word' id='word_1_138' title='bbox 1367 2706 1465 2779; x_wconf 89' lang='lat' dir='ltr'><strong>bonis</strong></span> <span class='ocrx_word' id='word_1_139' title='bbox 1481 2708 1690 2804; x_wconf 87' lang='lat' dir='ltr'><strong>locupletans</strong></span> 
     </span>
     <span class='ocr_line' id='line_1_19' title="bbox 316 2819 1690 2916; baseline 0.004 -26"><span class='ocrx_word' id='word_1_140' title='bbox 316 2840 397 2908; x_wconf 87' lang='lat' dir='ltr'><strong>nos,</strong></span> <span class='ocrx_word' id='word_1_141' title='bbox 431 2842 474 2906; x_wconf 90' lang='lat' dir='ltr'><strong>ne</strong></span> <span class='ocrx_word' id='word_1_142' title='bbox 507 2824 696 2916; x_wconf 90' lang='lat' dir='ltr'><strong>permittas,</strong></span> <span class='ocrx_word' id='word_1_143' title='bbox 729 2831 765 2892; x_wconf 96' lang='lat' dir='ltr'><strong>ut</strong></span> <span class='ocrx_word' id='word_1_144' title='bbox 797 2822 848 2891; x_wconf 88' lang='lat' dir='ltr'><strong>rei</strong></span> <span class='ocrx_word' id='word_1_145' title='bbox 875 2819 1075 2892; x_wconf 87' lang='lat' dir='ltr'><strong>accedamus</strong></span> <span class='ocrx_word' id='word_1_146' title='bbox 1102 2819 1144 2911; x_wconf 86' lang='lat' dir='ltr'><strong>ad</strong></span> <span class='ocrx_word' id='word_1_147' title='bbox 1170 2823 1436 2894; x_wconf 87' lang='lat' dir='ltr'><strong>communionem</strong></span> <span class='ocrx_word' id='word_1_148' title='bbox 1462 2822 1547 2895; x_wconf 86' lang='lat' dir='ltr'><strong>banc</strong></span> <span class='ocrx_word' id='word_1_149' title='bbox 1573 2823 1690 2900; x_wconf 78' lang='lat' dir='ltr'><strong>¹vivili-</strong></span> 
     </span>
     <span class='ocr_line' id='line_1_20' title="bbox 317 2935 1690 3035; baseline 0.004 -29"><span class='ocrx_word' id='word_1_150' title='bbox 317 2957 391 3006; x_wconf 92' lang='lat' dir='ltr'><strong>cam</strong></span> <span class='ocrx_word' id='word_1_151' title='bbox 418 2939 568 3031; x_wconf 88' lang='lat' dir='ltr'><strong>corporis</strong></span> <span class='ocrx_word' id='word_1_152' title='bbox 596 2946 629 3008; x_wconf 88' lang='lat' dir='ltr'><strong>et</strong></span> <span class='ocrx_word' id='word_1_153' title='bbox 655 2938 825 3028; x_wconf 86' lang='lat' dir='ltr'><strong>sanguinis</strong></span> <span class='ocrx_word' id='word_1_154' title='bbox 852 2937 1011 3026; x_wconf 83' lang='lat' dir='ltr'><strong>unigeniti</strong></span> <span class='ocrx_word' id='word_1_155' title='bbox 1037 2935 1112 3006; x_wconf 84' lang='lat' dir='ltr'><strong>Filii</strong></span> <span class='ocrx_word' id='word_1_156' title='bbox 1138 2938 1200 3025; x_wconf 89' lang='lat' dir='ltr'><strong>tui,</strong></span> <span class='ocrx_word' id='word_1_157' title='bbox 1233 2958 1295 3032; x_wconf 89' lang='lat' dir='ltr'><strong>per</strong></span> <span class='ocrx_word' id='word_1_158' title='bbox 1329 2959 1426 3030; x_wconf 87' lang='lat' dir='ltr'><strong>quem</strong></span> <span class='ocrx_word' id='word_1_159' title='bbox 1460 2949 1494 3010; x_wconf 88' lang='lat' dir='ltr'><strong>et</strong></span> <span class='ocrx_word' id='word_1_160' title='bbox 1520 2962 1596 3011; x_wconf 90' lang='lat' dir='ltr'><strong>cum</strong></span> <span class='ocrx_word' id='word_1_161' title='bbox 1623 2963 1690 3035; x_wconf 88' lang='lat' dir='ltr'><strong>quo</strong></span> 
     </span>
     <span class='ocr_line' id='line_1_21' title="bbox 317 3049 1359 3146; baseline 0.004 -25"><span class='ocrx_word' id='word_1_162' title='bbox 317 3059 351 3121; x_wconf 90' lang='lat' dir='ltr'><strong>te</strong></span> <span class='ocrx_word' id='word_1_163' title='bbox 379 3050 475 3122; x_wconf 88' lang='lat' dir='ltr'><strong>decet</strong></span> <span class='ocrx_word' id='word_1_164' title='bbox 501 3051 610 3143; x_wconf 86' lang='lat' dir='ltr'><strong>gloria</strong></span> <span class='ocrx_word' id='word_1_165' title='bbox 637 3061 672 3124; x_wconf 90' lang='lat' dir='ltr'><strong>et</strong></span> <span class='ocrx_word' id='word_1_166' title='bbox 696 3053 870 3146; x_wconf 91' lang='lat' dir='ltr'><strong>imperium</strong></span> <span class='ocrx_word' id='word_1_167' title='bbox 896 3072 971 3122; x_wconf 90' lang='lat' dir='ltr'><strong>cum</strong></span> <span class='ocrx_word' id='word_1_168' title='bbox 998 3049 1122 3146; x_wconf 87' lang='lat' dir='ltr'><strong>Spiritu</strong></span> <span class='ocrx_word' id='word_1_169' title='bbox 1149 3063 1205 3124; x_wconf 92' lang='lat' dir='ltr'><strong>tuo</strong></span> <span class='ocrx_word' id='word_1_170' title='bbox 1233 3061 1359 3125; x_wconf 88' lang='lat' dir='ltr'><strong>sancto.</strong></span> 
     </span>
    </p>

    <p class='ocr_par' dir='ltr' id='par_1_10' title="bbox 419 3166 755 3258">
     <span class='ocr_line' id='line_1_22' title="bbox 419 3166 755 3258; baseline 0 -21"><span class='ocrx_word' id='word_1_171' title='bbox 419 3166 582 3258; x_wconf 72' lang='lat' dir='ltr'><strong>Populea.</strong></span> <span class='ocrx_word' id='word_1_172' title='bbox 636 3167 755 3238; x_wconf 86' lang='lat' dir='ltr'><strong>Amen.</strong></span> 
     </span>
    </p>

    <p class='ocr_par' dir='ltr' id='par_1_11' title="bbox 420 3280 742 3352">
     <span class='ocr_line' id='line_1_23' title="bbox 420 3280 742 3352; baseline 0.006 -2"><span class='ocrx_word' id='word_1_173' title='bbox 420 3280 604 3352; x_wconf 79' lang='lat' dir='ltr'><strong>Sacerdos.</strong></span> <span class='ocrx_word' id='word_1_174' title='bbox 658 3282 742 3352; x_wconf 86' lang='lat' dir='ltr'><strong>Pax.</strong></span> 
     </span>
    </p>

    <p class='ocr_par' dir='ltr' id='par_1_12' title="bbox 422 3395 1019 3490">
     <span class='ocr_line' id='line_1_24' title="bbox 422 3395 1019 3490; baseline -0.002 -25"><span class='ocrx_word' id='word_1_175' title='bbox 422 3396 583 3490; x_wconf 76' lang='lat' dir='ltr'><strong>Populus.</strong></span> <span class='ocrx_word' id='word_1_176' title='bbox 637 3395 782 3468; x_wconf 87' lang='lat' dir='ltr'><strong>Etcum</strong></span> <span class='ocrx_word' id='word_1_177' title='bbox 810 3398 926 3490; x_wconf 89' lang='lat' dir='ltr'><strong>spiritu</strong></span> <span class='ocrx_word' id='word_1_178' title='bbox 952 3404 1019 3468; x_wconf 90' lang='lat' dir='ltr'><strong>tuo.</strong></span> 
     </span>
    </p>

    <p class='ocr_par' dir='ltr' id='par_1_13' title="bbox 419 3510 1030 3600">
     <span class='ocr_line' id='line_1_25' title="bbox 419 3510 1030 3600; baseline -0.005 -18"><span class='ocrx_word' id='word_1_179' title='bbox 419 3510 605 3584; x_wconf 81' lang='lat' dir='ltr'><strong>Sacerdos.</strong></span> <span class='ocrx_word' id='word_1_180' title='bbox 658 3513 709 3584; x_wconf 87' lang='lat' dir='ltr'><strong>Sit</strong></span> <span class='ocrx_word' id='word_1_181' title='bbox 735 3511 941 3600; x_wconf 83' lang='lat' dir='ltr'><strong>benedictio,</strong></span> <span class='ocrx_word' id='word_1_182' title='bbox 969 3521 1030 3581; x_wconf 88' lang='lat' dir='ltr'><strong>etc.</strong></span> 
     </span>
    </p>

    <p class='ocr_par' dir='ltr' id='par_1_14' title="bbox 417 3625 888 3718">
     <span class='ocr_line' id='line_1_26' title="bbox 417 3625 888 3718; baseline 0 -22"><span class='ocrx_word' id='word_1_183' title='bbox 417 3625 580 3718; x_wconf 82' lang='lat' dir='ltr'><strong>Papulae.</strong></span> <span class='ocrx_word' id='word_1_184' title='bbox 633 3625 796 3713; x_wconf 83' lang='lat' dir='ltr'><strong>Etcum,</strong></span> <span class='ocrx_word' id='word_1_185' title='bbox 824 3636 888 3697; x_wconf 87' lang='lat' dir='ltr'><strong>cta.</strong></span> 
     </span>
    </p>

    <p class='ocr_par' dir='ltr' id='par_1_15' title="bbox 417 3739 907 3813">
     <span class='ocr_line' id='line_1_27' title="bbox 417 3739 907 3813; baseline -0.002 -3"><span class='ocrx_word' id='word_1_186' title='bbox 417 3739 608 3810; x_wconf 82' lang='lat' dir='ltr'><strong>Diaconos.</strong></span> <span class='ocrx_word' id='word_1_187' title='bbox 662 3739 747 3812; x_wconf 86' lang='lat' dir='ltr'><strong>Cum</strong></span> <span class='ocrx_word' id='word_1_188' title='bbox 777 3744 907 3813; x_wconf 88' lang='lat' dir='ltr'><strong>timore.</strong></span> 
     </span>
    </p>

    <p class='ocr_par' dir='ltr' id='par_1_16' title="bbox 418 3853 943 3928">
     <span class='ocr_line' id='line_1_28' title="bbox 418 3853 943 3928; baseline -0.004 -4"><span class='ocrx_word' id='word_1_189' title='bbox 418 3853 604 3928; x_wconf 82' lang='lat' dir='ltr'><strong>Sacerdos.</strong></span> <span class='ocrx_word' id='word_1_190' title='bbox 658 3855 783 3927; x_wconf 89' lang='lat' dir='ltr'><strong>Sancta</strong></span> <span class='ocrx_word' id='word_1_191' title='bbox 811 3857 943 3926; x_wconf 89' lang='lat' dir='ltr'><strong>sanctis.</strong></span> 
     </span>
    </p>

    <p class='ocr_par' dir='ltr' id='par_1_17' title="bbox 418 3970 1026 4062">
     <span class='ocr_line' id='line_1_29' title="bbox 418 3970 1026 4062; baseline 0 -23"><span class='ocrx_word' id='word_1_192' title='bbox 418 3970 581 4062; x_wconf 77' lang='lat' dir='ltr'><strong>Populus.</strong></span> <span class='ocrx_word' id='word_1_193' title='bbox 634 3971 728 4043; x_wconf 90' lang='lat' dir='ltr'><strong>Unus</strong></span> <span class='ocrx_word' id='word_1_194' title='bbox 755 3971 1026 4059; x_wconf 63' lang='lat' dir='ltr'><strong>Patansanctus.</strong></span> 
     </span>
    </p>

    <p class='ocr_par' dir='ltr' id='par_1_18' title="bbox 417 4084 988 4157">
     <span class='ocr_line' id='line_1_30' title="bbox 417 4084 988 4157; baseline 0.002 -3"><span class='ocrx_word' id='word_1_195' title='bbox 417 4084 605 4156; x_wconf 80' lang='lat' dir='ltr'><strong>Diaconos.</strong></span> <span class='ocrx_word' id='word_1_196' title='bbox 658 4085 793 4157; x_wconf 87' lang='lat' dir='ltr'><strong>Stemus</strong></span> <span class='ocrx_word' id='word_1_197' title='bbox 822 4084 988 4156; x_wconf 87' lang='lat' dir='ltr'><strong>decenter.</strong></span> 
     </span>
    </p>

    <p class='ocr_par' dir='ltr' id='par_1_19' title="bbox 418 4199 935 4292">
     <span class='ocr_line' id='line_1_31' title="bbox 418 4199 935 4292; baseline 0.002 -23"><span class='ocrx_word' id='word_1_198' title='bbox 418 4199 579 4292; x_wconf 85' lang='lat' dir='ltr'><strong>Populus.</strong></span> <span class='ocrx_word' id='word_1_199' title='bbox 634 4200 766 4273; x_wconf 84' lang='lat' dir='ltr'><strong>Gratias</strong></span> <span class='ocrx_word' id='word_1_200' title='bbox 795 4205 935 4292; x_wconf 83' lang='lat' dir='ltr'><strong>agimus.</strong></span> 
     </span>
    </p>

    <p class='ocr_par' dir='ltr' id='par_1_20' title="bbox 225 4310 1792 5214">
     <span class='ocr_line' id='line_1_32' title="bbox 419 4310 1688 4408; baseline -0.002 -23"><span class='ocrx_word' id='word_1_201' title='bbox 419 4315 603 4386; x_wconf 84' lang='lat' dir='ltr'><strong>Sacerdos.</strong></span> <span class='ocrx_word' id='word_1_202' title='bbox 639 4315 734 4386; x_wconf 86' lang='lat' dir='ltr'><strong>Juste</strong></span> <span class='ocrx_word' id='word_1_203' title='bbox 761 4327 795 4387; x_wconf 86' lang='lat' dir='ltr'><strong>et</strong></span> <span class='ocrx_word' id='word_1_204' title='bbox 821 4315 1001 4388; x_wconf 88' lang='lat' dir='ltr'><strong>secundum</strong></span> <span class='ocrx_word' id='word_1_205' title='bbox 1028 4317 1215 4402; x_wconf 89' lang='lat' dir='ltr'><strong>veritatem,</strong></span> <span class='ocrx_word' id='word_1_206' title='bbox 1243 4313 1411 4408; x_wconf 88' lang='lat' dir='ltr'><strong>valdeque</strong></span> <span class='ocrx_word' id='word_1_207' title='bbox 1437 4310 1688 4401; x_wconf 88' lang='lat' dir='ltr'><strong>rationabiliter,</strong></span> 
     </span>
     <span class='ocr_line' id='line_1_33' title="bbox 316 4425 1690 4530; baseline 0.001 -32"><span class='ocrx_word' id='word_1_208' title='bbox 316 4427 478 4501; x_wconf 90' lang='lat' dir='ltr'><strong>debentur</strong></span> <span class='ocrx_word' id='word_1_209' title='bbox 504 4430 770 4530; x_wconf 86' lang='lat' dir='ltr'><strong>magnificentiae</strong></span> <span class='ocrx_word' id='word_1_210' title='bbox 797 4442 890 4518; x_wconf 85' lang='lat' dir='ltr'><strong>tuae,</strong></span> <span class='ocrx_word' id='word_1_211' title='bbox 926 4429 1043 4504; x_wconf 86' lang='lat' dir='ltr'><strong>laudes</strong></span> <span class='ocrx_word' id='word_1_212' title='bbox 1079 4452 1195 4502; x_wconf 88' lang='lat' dir='ltr'><strong>omnes</strong></span> <span class='ocrx_word' id='word_1_213' title='bbox 1230 4428 1475 4514; x_wconf 86' lang='lat' dir='ltr'><strong>indesinentes,</strong></span> <span class='ocrx_word' id='word_1_214' title='bbox 1510 4425 1623 4520; x_wconf 81' lang='lat' dir='ltr'><strong>hymni</strong></span> <span class='ocrx_word' id='word_1_215' title='bbox 1656 4440 1690 4500; x_wconf 88' lang='lat' dir='ltr'><strong>et</strong></span> 
     </span>
     <span class='ocr_line' id='line_1_34' title="bbox 317 4543 1690 4640; baseline 0 -26"><span class='ocrx_word' id='word_1_216' title='bbox 317 4543 540 4618; x_wconf 84' lang='lat' dir='ltr'><strong>exultationes</strong></span> <span class='ocrx_word' id='word_1_217' title='bbox 567 4545 789 4640; x_wconf 88' lang='lat' dir='ltr'><strong>triumphales,</strong></span> <span class='ocrx_word' id='word_1_218' title='bbox 818 4548 891 4639; x_wconf 91' lang='lat' dir='ltr'><strong>quia</strong></span> <span class='ocrx_word' id='word_1_219' title='bbox 918 4567 981 4616; x_wconf 92' lang='lat' dir='ltr'><strong>nos</strong></span> <span class='ocrx_word' id='word_1_220' title='bbox 1008 4543 1117 4616; x_wconf 80' lang='lat' dir='ltr'><strong>iecisti</strong></span> <span class='ocrx_word' id='word_1_221' title='bbox 1145 4544 1267 4637; x_wconf 86' lang='lat' dir='ltr'><strong>dignos</strong></span> <span class='ocrx_word' id='word_1_222' title='bbox 1293 4566 1354 4638; x_wconf 86' lang='lat' dir='ltr'><strong>per</strong></span> <span class='ocrx_word' id='word_1_223' title='bbox 1371 4543 1578 4615; x_wconf 87' lang='lat' dir='ltr'><strong>clementiam</strong></span> <span class='ocrx_word' id='word_1_224' title='bbox 1600 4551 1690 4614; x_wconf 92' lang='lat' dir='ltr'><strong>tuam</strong></span> 
     </span>
     <span class='ocr_line' id='line_1_35' title="bbox 318 4657 1690 4754; baseline 0.002 -27"><span class='ocrx_word' id='word_1_225' title='bbox 318 4657 406 4731; x_wconf 91' lang='lat' dir='ltr'><strong>dono</strong></span> <span class='ocrx_word' id='word_1_226' title='bbox 435 4660 501 4733; x_wconf 93' lang='lat' dir='ltr'><strong>hoc</strong></span> <span class='ocrx_word' id='word_1_227' title='bbox 527 4659 630 4748; x_wconf 86' lang='lat' dir='ltr'><strong>bono,</strong></span> <span class='ocrx_word' id='word_1_228' title='bbox 658 4671 692 4732; x_wconf 90' lang='lat' dir='ltr'><strong>et</strong></span> <span class='ocrx_word' id='word_1_229' title='bbox 707 4660 856 4748; x_wconf 84' lang='lat' dir='ltr'><strong>coelesti,</strong></span> <span class='ocrx_word' id='word_1_230' title='bbox 884 4660 1029 4731; x_wconf 88' lang='lat' dir='ltr'><strong>alimenti</strong></span> <span class='ocrx_word' id='word_1_231' title='bbox 1048 4659 1143 4754; x_wconf 91' lang='lat' dir='ltr'><strong>hujus</strong></span> <span class='ocrx_word' id='word_1_232' title='bbox 1162 4657 1436 4754; x_wconf 85' lang='lat' dir='ltr'><strong>incorruptibilis:</strong></span> <span class='ocrx_word' id='word_1_233' title='bbox 1463 4679 1690 4754; x_wconf 85' lang='lat' dir='ltr'><strong>rogamusque</strong></span> 
     </span>
     <span class='ocr_line' id='line_1_36' title="bbox 317 4773 1690 4869; baseline 0 -24"><span class='ocrx_word' id='word_1_234' title='bbox 317 4796 463 4846; x_wconf 88' lang='lat' dir='ltr'><strong>amorem</strong></span> <span class='ocrx_word' id='word_1_235' title='bbox 492 4787 580 4848; x_wconf 90' lang='lat' dir='ltr'><strong>tuum</strong></span> <span class='ocrx_word' id='word_1_236' title='bbox 610 4798 691 4869; x_wconf 85' lang='lat' dir='ltr'><strong>erga</strong></span> <span class='ocrx_word' id='word_1_237' title='bbox 709 4775 860 4848; x_wconf 87' lang='lat' dir='ltr'><strong>homines</strong></span> <span class='ocrx_word' id='word_1_238' title='bbox 885 4773 1095 4863; x_wconf 84' lang='lat' dir='ltr'><strong>ineffabilem,</strong></span> <span class='ocrx_word' id='word_1_239' title='bbox 1122 4787 1242 4847; x_wconf 90' lang='lat' dir='ltr'><strong>utnon</strong></span> <span class='ocrx_word' id='word_1_240' title='bbox 1265 4784 1444 4847; x_wconf 86' lang='lat' dir='ltr'><strong>convertas</strong></span> <span class='ocrx_word' id='word_1_241' title='bbox 1464 4773 1552 4846; x_wconf 87' lang='lat' dir='ltr'><strong>festa</strong></span> <span class='ocrx_word' id='word_1_242' title='bbox 1575 4784 1690 4846; x_wconf 91' lang='lat' dir='ltr'><strong>nostra</strong></span> 
     </span>
     <span class='ocr_line' id='line_1_37' title="bbox 316 4888 1691 4986; baseline 0.001 -29"><span class='ocrx_word' id='word_1_243' title='bbox 316 4891 350 4957; x_wconf 92' lang='lat' dir='ltr'><strong>in</strong></span> <span class='ocrx_word' id='word_1_244' title='bbox 377 4889 515 4979; x_wconf 88' lang='lat' dir='ltr'><strong>luctum,</strong></span> <span class='ocrx_word' id='word_1_245' title='bbox 550 4912 660 4986; x_wconf 89' lang='lat' dir='ltr'><strong>neque</strong></span> <span class='ocrx_word' id='word_1_246' title='bbox 696 4894 825 4963; x_wconf 88' lang='lat' dir='ltr'><strong>cantica</strong></span> <span class='ocrx_word' id='word_1_247' title='bbox 859 4899 974 4962; x_wconf 87' lang='lat' dir='ltr'><strong>nostra</strong></span> <span class='ocrx_word' id='word_1_248' title='bbox 1007 4890 1040 4959; x_wconf 93' lang='lat' dir='ltr'><strong>in</strong></span> <span class='ocrx_word' id='word_1_249' title='bbox 1068 4891 1242 4981; x_wconf 79' lang='lat' dir='ltr'><strong>eJulatum,</strong></span> <span class='ocrx_word' id='word_1_250' title='bbox 1274 4911 1383 4984; x_wconf 90' lang='lat' dir='ltr'><strong>neque</strong></span> <span class='ocrx_word' id='word_1_251' title='bbox 1417 4888 1554 4981; x_wconf 87' lang='lat' dir='ltr'><strong>dejicias</strong></span> <span class='ocrx_word' id='word_1_252' title='bbox 1581 4890 1691 4983; x_wconf 89' lang='lat' dir='ltr'><strong>capita</strong></span> 
     </span>
     <span class='ocr_line' id='line_1_38' title="bbox 317 5003 1690 5100; baseline -0.001 -26"><span class='ocrx_word' id='word_1_253' title='bbox 317 5014 432 5075; x_wconf 88' lang='lat' dir='ltr'><strong>nostra</strong></span> <span class='ocrx_word' id='word_1_254' title='bbox 460 5027 574 5077; x_wconf 90' lang='lat' dir='ltr'><strong>coram</strong></span> <span class='ocrx_word' id='word_1_255' title='bbox 597 5005 741 5098; x_wconf 88' lang='lat' dir='ltr'><strong>judicio:</strong></span> <span class='ocrx_word' id='word_1_256' title='bbox 775 5028 884 5100; x_wconf 87' lang='lat' dir='ltr'><strong>neque</strong></span> <span class='ocrx_word' id='word_1_257' title='bbox 917 5003 1153 5075; x_wconf 87' lang='lat' dir='ltr'><strong>erubescamus</strong></span> <span class='ocrx_word' id='word_1_258' title='bbox 1188 5007 1221 5074; x_wconf 89' lang='lat' dir='ltr'><strong>in</strong></span> <span class='ocrx_word' id='word_1_259' title='bbox 1249 5004 1301 5075; x_wconf 89' lang='lat' dir='ltr'><strong>die</strong></span> <span class='ocrx_word' id='word_1_260' title='bbox 1327 5005 1528 5089; x_wconf 81' lang='lat' dir='ltr'><strong>novissimo,</strong></span> <span class='ocrx_word' id='word_1_261' title='bbox 1562 5005 1597 5072; x_wconf 90' lang='lat' dir='ltr'><strong>in</strong></span> <span class='ocrx_word' id='word_1_262' title='bbox 1624 5022 1690 5094; x_wconf 87' lang='lat' dir='ltr'><strong>quo</strong></span> 
     </span>
     <span class='ocr_line' id='line_1_39' title="bbox 225 5115 1792 5214; baseline 0.002 -27"><span class='ocrx_word' id='word_1_263' title='bbox 225 5155 227 5160; x_wconf 96' lang='lat'>·</span> <span class='ocrx_word' id='word_1_264' title='bbox 317 5122 543 5214; x_wconf 84' lang='lat' dir='ltr'><strong>unusquisque</strong></span> <span class='ocrx_word' id='word_1_265' title='bbox 571 5141 754 5212; x_wconf 84' lang='lat' dir='ltr'><strong>congruam</strong></span> <span class='ocrx_word' id='word_1_266' title='bbox 780 5121 1082 5192; x_wconf 89' lang='lat' dir='ltr'><strong>remunerationem</strong></span> <span class='ocrx_word' id='word_1_267' title='bbox 1108 5121 1268 5214; x_wconf 83' lang='lat' dir='ltr'><strong>accipiet3</strong></span> <span class='ocrx_word' id='word_1_268' title='bbox 1295 5141 1370 5190; x_wconf 90' lang='lat' dir='ltr'><strong>cum</strong></span> <span class='ocrx_word' id='word_1_269' title='bbox 1383 5115 1508 5210; x_wconf 84' lang='lat' dir='ltr'><strong>Angeli</strong></span> <span class='ocrx_word' id='word_1_270' title='bbox 1522 5119 1556 5188; x_wconf 91' lang='lat' dir='ltr'><strong>in</strong></span> <span class='ocrx_word' id='word_1_271' title='bbox 1569 5117 1689 5185; x_wconf 89' lang='lat' dir='ltr'><strong>timore</strong></span> <span class='ocrx_word' id='word_1_272' title='bbox 1788 5185 1792 5190; x_wconf 91' lang='lat'><strong>.</strong></span> 
     </span>
    </p>
   </div>
   <div class='ocr_carea' id='block_1_5' title="bbox 0 0 2362 6032">
    <p class='ocr_par' dir='ltr' id='par_1_21' title="bbox 0 0 2362 6032">
     <span class='ocr_line' id='line_1_40' title="bbox 0 0 2362 6032; baseline 0 0"><span class='ocrx_word' id='word_1_273' title='bbox 0 0 2362 6032; x_wconf 95' lang='lat' dir='ltr'><strong> </strong></span> 
     </span>
    </p>
   </div>
  </div>
 </body>
</html>
