<?xml version="1.0" encoding="UTF-8"?>
<!DOCTYPE html PUBLIC "-//W3C//DTD XHTML 1.0 Transitional//EN"
    "http://www.w3.org/TR/xhtml1/DTD/xhtml1-transitional.dtd">
<html xmlns="http://www.w3.org/1999/xhtml" xml:lang="en" lang="en">
 <head>
  <title>
</title>
<meta http-equiv="Content-Type" content="text/html;charset=utf-8" />
  <meta name='ocr-system' content='tesseract 3.04.00' />
  <meta name='ocr-capabilities' content='ocr_page ocr_carea ocr_par ocr_line ocrx_word'/>
</head>
<body>
  <div class='ocr_page' id='page_1' title='image "./liturgiarumorie04renagoog_0340.png"; bbox 0 0 4730 6038; ppageno 0'>
   <div class='ocr_carea' id='block_1_1' title="bbox 516 571 1621 664">
    <p class='ocr_par' dir='ltr' id='par_1_1' title="bbox 516 571 1621 664">
     <span class='ocr_line' id='line_1_1' title="bbox 516 571 1621 664; baseline -0.014 0"><span class='ocrx_word' id='word_1_1' title='bbox 516 583 765 664; x_wconf 74' lang='lat' dir='ltr'><strong>lullonum</strong></span> <span class='ocrx_word' id='word_1_2' title='bbox 795 579 1011 662; x_wconf 84' lang='lat' dir='ltr'><strong>EPISGOPI</strong></span> <span class='ocrx_word' id='word_1_3' title='bbox 1035 576 1347 660; x_wconf 74' lang='lat' dir='ltr'><strong>nantuensis.</strong></span> <span class='ocrx_word' id='word_1_4' title='bbox 1545 571 1621 650; x_wconf 82' lang='lat'><strong>303</strong></span> 
     </span>
    </p>
   </div>
   <div class='ocr_carea' id='block_1_2' title="bbox 250 773 1668 5060">
    <p class='ocr_par' dir='ltr' id='par_1_2' title="bbox 355 773 690 868">
     <span class='ocr_line' id='line_1_2' title="bbox 355 773 690 868; baseline -0.003 -23"><span class='ocrx_word' id='word_1_5' title='bbox 355 773 517 868; x_wconf 87' lang='lat' dir='ltr'><strong>Populus.</strong></span> <span class='ocrx_word' id='word_1_6' title='bbox 569 774 690 846; x_wconf 86' lang='lat' dir='ltr'><strong>Amen.</strong></span> 
     </span>
    </p>

    <p class='ocr_par' dir='ltr' id='par_1_3' title="bbox 250 884 1623 1562">
     <span class='ocr_line' id='line_1_3' title="bbox 357 884 1622 984; baseline -0.005 -22"><span class='ocrx_word' id='word_1_7' title='bbox 357 890 543 984; x_wconf 85' lang='lat' dir='ltr'><strong>Sacerdos.</strong></span> <span class='ocrx_word' id='word_1_8' title='bbox 596 889 642 963; x_wconf 90' lang='lat' dir='ltr'><strong>Ut</strong></span> <span class='ocrx_word' id='word_1_9' title='bbox 668 893 733 964; x_wconf 90' lang='lat' dir='ltr'><strong>sint</strong></span> <span class='ocrx_word' id='word_1_10' title='bbox 757 886 855 962; x_wconf 91' lang='lat' dir='ltr'><strong>nohis</strong></span> <span class='ocrx_word' id='word_1_11' title='bbox 887 889 1047 984; x_wconf 76' lang='lat' dir='ltr'><strong>mysteria</strong></span> <span class='ocrx_word' id='word_1_12' title='bbox 1078 885 1163 959; x_wconf 87' lang='lat' dir='ltr'><strong>haec</strong></span> <span class='ocrx_word' id='word_1_13' title='bbox 1189 884 1343 977; x_wconf 79' lang='lat' dir='ltr'><strong>vivifica,</strong></span> <span class='ocrx_word' id='word_1_14' title='bbox 1369 884 1622 983; x_wconf 89' lang='lat' dir='ltr'><strong>praeservantia</strong></span> 
     </span>
     <span class='ocr_line' id='line_1_4' title="bbox 253 1000 1622 1112; baseline -0.007 -30"><span class='ocrx_word' id='word_1_15' title='bbox 253 1007 297 1082; x_wconf 83' lang='lat' dir='ltr'><strong>alt</strong></span> <span class='ocrx_word' id='word_1_16' title='bbox 325 1005 478 1082; x_wconf 86' lang='lat' dir='ltr'><strong>omnibus</strong></span> <span class='ocrx_word' id='word_1_17' title='bbox 504 1006 746 1101; x_wconf 70' lang='lat' dir='ltr'><strong>iniquitatibus,</strong></span> <span class='ocrx_word' id='word_1_18' title='bbox 781 1005 960 1077; x_wconf 89' lang='lat' dir='ltr'><strong>daemones</strong></span> <span class='ocrx_word' id='word_1_19' title='bbox 991 1000 1237 1112; x_wconf 75' lang='lat' dir='ltr'><strong>propulsantis,</strong></span> <span class='ocrx_word' id='word_1_20' title='bbox 1271 1002 1471 1098; x_wconf 85' lang='lat' dir='ltr'><strong>depellantia</strong></span> <span class='ocrx_word' id='word_1_21' title='bbox 1505 1020 1622 1074; x_wconf 89' lang='lat' dir='ltr'><strong>omnes</strong></span> 
     </span>
     <span class='ocr_line' id='line_1_5' title="bbox 252 1118 1622 1217; baseline -0.007 -21"><span class='ocrx_word' id='word_1_22' title='bbox 252 1121 405 1196; x_wconf 92' lang='lat' dir='ltr'><strong>sordidas</strong></span> <span class='ocrx_word' id='word_1_23' title='bbox 432 1125 676 1215; x_wconf 80' lang='lat' dir='ltr'><strong>cogitationes,</strong></span> <span class='ocrx_word' id='word_1_24' title='bbox 704 1131 738 1196; x_wconf 90' lang='lat' dir='ltr'><strong>et</strong></span> <span class='ocrx_word' id='word_1_25' title='bbox 763 1122 997 1217; x_wconf 81' lang='lat' dir='ltr'><strong>praeparantia</strong></span> <span class='ocrx_word' id='word_1_26' title='bbox 1023 1118 1066 1190; x_wconf 91' lang='lat' dir='ltr'><strong>ad</strong></span> <span class='ocrx_word' id='word_1_27' title='bbox 1090 1141 1231 1212; x_wconf 80' lang='lat' dir='ltr'><strong>regnum</strong></span> <span class='ocrx_word' id='word_1_28' title='bbox 1258 1119 1419 1206; x_wconf 78' lang='lat' dir='ltr'><strong>coeleste,</strong></span> <span class='ocrx_word' id='word_1_29' title='bbox 1446 1140 1508 1214; x_wconf 91' lang='lat' dir='ltr'><strong>per</strong></span> <span class='ocrx_word' id='word_1_30' title='bbox 1533 1138 1622 1210; x_wconf 84' lang='lat' dir='ltr'><strong>gra-</strong></span> 
     </span>
     <span class='ocr_line' id='line_1_6' title="bbox 250 1233 1623 1329; baseline -0.004 -19"><span class='ocrx_word' id='word_1_31' title='bbox 250 1241 349 1326; x_wconf 77' lang='lat' dir='ltr'><strong>tiam,</strong></span> <span class='ocrx_word' id='word_1_32' title='bbox 376 1239 637 1313; x_wconf 89' lang='lat' dir='ltr'><strong>misericordiam</strong></span> <span class='ocrx_word' id='word_1_33' title='bbox 665 1247 699 1310; x_wconf 91' lang='lat' dir='ltr'><strong>cl</strong></span> <span class='ocrx_word' id='word_1_34' title='bbox 728 1257 875 1309; x_wconf 89' lang='lat' dir='ltr'><strong>amorem</strong></span> <span class='ocrx_word' id='word_1_35' title='bbox 901 1257 984 1329; x_wconf 86' lang='lat' dir='ltr'><strong>erga</strong></span> <span class='ocrx_word' id='word_1_36' title='bbox 1009 1233 1160 1308; x_wconf 91' lang='lat' dir='ltr'><strong>homines</strong></span> <span class='ocrx_word' id='word_1_37' title='bbox 1186 1237 1345 1328; x_wconf 86' lang='lat' dir='ltr'><strong>unigeniti</strong></span> <span class='ocrx_word' id='word_1_38' title='bbox 1370 1233 1446 1306; x_wconf 83' lang='lat' dir='ltr'>Filii</span> <span class='ocrx_word' id='word_1_39' title='bbox 1471 1237 1534 1320; x_wconf 88' lang='lat' dir='ltr'><strong>tui,</strong></span> <span class='ocrx_word' id='word_1_40' title='bbox 1560 1255 1623 1329; x_wconf 89' lang='lat' dir='ltr'><strong>per</strong></span> 
     </span>
     <span class='ocr_line' id='line_1_7' title="bbox 253 1349 1622 1451; baseline -0.001 -24"><span class='ocrx_word' id='word_1_41' title='bbox 253 1377 351 1451; x_wconf 87' lang='lat' dir='ltr'><strong>quem</strong></span> <span class='ocrx_word' id='word_1_42' title='bbox 377 1364 510 1427; x_wconf 89' lang='lat' dir='ltr'><strong>etcum</strong></span> <span class='ocrx_word' id='word_1_43' title='bbox 538 1377 604 1450; x_wconf 88' lang='lat' dir='ltr'><strong>quo</strong></span> <span class='ocrx_word' id='word_1_44' title='bbox 631 1365 665 1428; x_wconf 91' lang='lat' dir='ltr'><strong>te</strong></span> <span class='ocrx_word' id='word_1_45' title='bbox 692 1353 789 1426; x_wconf 89' lang='lat' dir='ltr'><strong>decet</strong></span> <span class='ocrx_word' id='word_1_46' title='bbox 815 1353 940 1445; x_wconf 76' lang='lat' dir='ltr'><strong>gloria,</strong></span> <span class='ocrx_word' id='word_1_47' title='bbox 965 1351 1092 1438; x_wconf 74' lang='lat' dir='ltr'><strong>honor,</strong></span> <span class='ocrx_word' id='word_1_48' title='bbox 1118 1364 1152 1426; x_wconf 91' lang='lat' dir='ltr'><strong>et</strong></span> <span class='ocrx_word' id='word_1_49' title='bbox 1185 1363 1354 1450; x_wconf 89' lang='lat' dir='ltr'><strong>potestas,</strong></span> <span class='ocrx_word' id='word_1_50' title='bbox 1387 1375 1460 1426; x_wconf 88' lang='lat' dir='ltr'><strong>cum</strong></span> <span class='ocrx_word' id='word_1_51' title='bbox 1496 1349 1622 1445; x_wconf 82' lang='lat' dir='ltr'>Spiritu</span> 
     </span>
     <span class='ocr_line' id='line_1_8' title="bbox 252 1482 416 1562; baseline -0.024 -16"><span class='ocrx_word' id='word_1_52' title='bbox 252 1483 325 1562; x_wconf 90' lang='lat' dir='ltr'><strong>tuo,</strong></span> <span class='ocrx_word' id='word_1_53' title='bbox 353 1482 416 1544; x_wconf 90' lang='lat' dir='ltr'><strong>etc.</strong></span> 
     </span>
    </p>

    <p class='ocr_par' dir='ltr' id='par_1_4' title="bbox 358 1587 692 1682">
     <span class='ocr_line' id='line_1_9' title="bbox 358 1587 692 1682; baseline 0 -24"><span class='ocrx_word' id='word_1_54' title='bbox 358 1587 519 1682; x_wconf 83' lang='lat' dir='ltr'><strong>Populus.</strong></span> <span class='ocrx_word' id='word_1_55' title='bbox 572 1588 692 1660; x_wconf 86' lang='lat' dir='ltr'><strong>Amen.</strong></span> 
     </span>
    </p>

    <p class='ocr_par' dir='ltr' id='par_1_5' title="bbox 252 1693 1621 1918">
     <span class='ocr_line' id='line_1_10' title="bbox 358 1693 1621 1792; baseline -0.002 -17"><span class='ocrx_word' id='word_1_56' title='bbox 358 1703 535 1775; x_wconf 79' lang='lat' dir='ltr'><strong>Sacerdos</strong></span> <span class='ocrx_word' id='word_1_57' title='bbox 561 1704 754 1774; x_wconf 85' lang='lat' dir='ltr'><strong>inclinatus.</strong></span> <span class='ocrx_word' id='word_1_58' title='bbox 807 1701 975 1774; x_wconf 81' lang='lat' dir='ltr'><strong>Memento</strong></span> <span class='ocrx_word' id='word_1_59' title='bbox 1002 1700 1145 1774; x_wconf 91' lang='lat' dir='ltr'><strong>Domine</strong></span> <span class='ocrx_word' id='word_1_60' title='bbox 1169 1699 1345 1774; x_wconf 80' lang='lat' dir='ltr'><strong>Ecclesiae</strong></span> <span class='ocrx_word' id='word_1_61' title='bbox 1372 1709 1467 1792; x_wconf 74' lang='lat' dir='ltr'><strong>mae,</strong></span> <span class='ocrx_word' id='word_1_62' title='bbox 1492 1693 1621 1765; x_wconf 69' lang='lat' dir='ltr'><strong>Pasto-</strong></span> 
     </span>
     <span class='ocr_line' id='line_1_11' title="bbox 252 1819 1581 1918; baseline -0.005 -24"><span class='ocrx_word' id='word_1_63' title='bbox 252 1845 388 1918; x_wconf 79' lang='lat' dir='ltr'><strong>rasque‚</strong></span> <span class='ocrx_word' id='word_1_64' title='bbox 415 1819 619 1893; x_wconf 72' lang='lat' dir='ltr'><strong>Sacerdotes</strong></span> <span class='ocrx_word' id='word_1_65' title='bbox 645 1829 680 1892; x_wconf 91' lang='lat' dir='ltr'><strong>ct</strong></span> <span class='ocrx_word' id='word_1_66' title='bbox 704 1820 876 1892; x_wconf 88' lang='lat' dir='ltr'><strong>Diaconos</strong></span> <span class='ocrx_word' id='word_1_67' title='bbox 903 1821 958 1912; x_wconf 91' lang='lat' dir='ltr'><strong>qui</strong></span> <span class='ocrx_word' id='word_1_68' title='bbox 984 1820 1016 1889; x_wconf 93' lang='lat' dir='ltr'><strong>in</strong></span> <span class='ocrx_word' id='word_1_69' title='bbox 1044 1840 1086 1889; x_wconf 89' lang='lat' dir='ltr'><strong>ea</strong></span> <span class='ocrx_word' id='word_1_70' title='bbox 1112 1827 1187 1890; x_wconf 90' lang='lat' dir='ltr'><strong>sunt</strong></span> <span class='ocrx_word' id='word_1_71' title='bbox 1212 1840 1343 1891; x_wconf 86' lang='lat' dir='ltr'><strong>exorna</strong></span> <span class='ocrx_word' id='word_1_72' title='bbox 1369 1820 1487 1891; x_wconf 90' lang='lat' dir='ltr'><strong>timore</strong></span> <span class='ocrx_word' id='word_1_73' title='bbox 1514 1824 1581 1887; x_wconf 92' lang='lat' dir='ltr'><strong>tuo.</strong></span> 
     </span>
    </p>

    <p class='ocr_par' dir='ltr' id='par_1_6' title="bbox 253 1933 1668 2474">
     <span class='ocr_line' id='line_1_12' title="bbox 357 1933 1623 2030; baseline -0.001 -23"><span class='ocrx_word' id='word_1_74' title='bbox 357 1936 508 2007; x_wconf 77' lang='lat' dir='ltr'><strong>Elaeam</strong></span> <span class='ocrx_word' id='word_1_75' title='bbox 532 1959 658 2008; x_wconf 88' lang='lat' dir='ltr'><strong>oocem.</strong></span> <span class='ocrx_word' id='word_1_76' title='bbox 710 1933 754 2007; x_wconf 87' lang='lat' dir='ltr'><strong>Et</strong></span> <span class='ocrx_word' id='word_1_77' title='bbox 780 1933 928 2007; x_wconf 89' lang='lat' dir='ltr'><strong>conceda</strong></span> <span class='ocrx_word' id='word_1_78' title='bbox 955 1933 1019 2007; x_wconf 91' lang='lat' dir='ltr'><strong>illis</strong></span> <span class='ocrx_word' id='word_1_79' title='bbox 1044 1934 1187 2007; x_wconf 89' lang='lat' dir='ltr'><strong>Domina</strong></span> <span class='ocrx_word' id='word_1_80' title='bbox 1213 1944 1365 2030; x_wconf 87' lang='lat' dir='ltr'><strong>tempora</strong></span> <span class='ocrx_word' id='word_1_81' title='bbox 1391 1933 1565 2028; x_wconf 82' lang='lat' dir='ltr'><strong>tranquilla</strong></span> <span class='ocrx_word' id='word_1_82' title='bbox 1589 1942 1623 2006; x_wconf 89' lang='lat' dir='ltr'><strong>et</strong></span> 
     </span>
     <span class='ocr_line' id='line_1_13' title="bbox 253 2047 1668 2147; baseline -0.001 -22"><span class='ocrx_word' id='word_1_83' title='bbox 253 2052 358 2125; x_wconf 88' lang='lat' dir='ltr'><strong>laeta:</strong></span> <span class='ocrx_word' id='word_1_84' title='bbox 384 2051 452 2126; x_wconf 90' lang='lat' dir='ltr'><strong>Dlis</strong></span> <span class='ocrx_word' id='word_1_85' title='bbox 480 2056 580 2124; x_wconf 90' lang='lat' dir='ltr'><strong>etiam</strong></span> <span class='ocrx_word' id='word_1_86' title='bbox 607 2055 721 2147; x_wconf 92' lang='lat' dir='ltr'><strong>quiin</strong></span> <span class='ocrx_word' id='word_1_87' title='bbox 755 2074 796 2125; x_wconf 91' lang='lat' dir='ltr'><strong>ea</strong></span> <span class='ocrx_word' id='word_1_88' title='bbox 828 2051 1041 2146; x_wconf 72' lang='lat' dir='ltr'><strong>praesident,</strong></span> <span class='ocrx_word' id='word_1_89' title='bbox 1073 2049 1116 2122; x_wconf 89' lang='lat' dir='ltr'><strong>da</strong></span> <span class='ocrx_word' id='word_1_90' title='bbox 1150 2049 1291 2123; x_wconf 89' lang='lat' dir='ltr'><strong>verbum</strong></span> <span class='ocrx_word' id='word_1_91' title='bbox 1324 2047 1621 2143; x_wconf 86' lang='lat' dir='ltr'><strong>evangelisationis</strong></span> <span class='ocrx_word' id='word_1_92' title='bbox 1665 2135 1668 2144; x_wconf 17' lang='grc' dir='ltr'><strong><em>Δ</em></strong></span> 
     </span>
     <span class='ocr_line' id='line_1_14' title="bbox 254 2166 1623 2264; baseline -0.001 -23"><span class='ocrx_word' id='word_1_93' title='bbox 254 2193 327 2242; x_wconf 93' lang='lat' dir='ltr'><strong>cum</strong></span> <span class='ocrx_word' id='word_1_94' title='bbox 354 2171 477 2241; x_wconf 88' lang='lat' dir='ltr'><strong>virtute</strong></span> <span class='ocrx_word' id='word_1_95' title='bbox 502 2189 642 2260; x_wconf 82' lang='lat' dir='ltr'><strong>magna:</strong></span> <span class='ocrx_word' id='word_1_96' title='bbox 670 2171 745 2264; x_wconf 91' lang='lat' dir='ltr'><strong>quia</strong></span> <span class='ocrx_word' id='word_1_97' title='bbox 773 2167 861 2263; x_wconf 90' lang='lat' dir='ltr'><strong>apud</strong></span> <span class='ocrx_word' id='word_1_98' title='bbox 887 2177 920 2238; x_wconf 88' lang='lat' dir='ltr'><strong>te</strong></span> <span class='ocrx_word' id='word_1_99' title='bbox 947 2176 1000 2238; x_wconf 90' lang='lat' dir='ltr'><strong>est</strong></span> <span class='ocrx_word' id='word_1_100' title='bbox 1024 2166 1100 2240; x_wconf 87' lang='lat' dir='ltr'><strong>fons</strong></span> <span class='ocrx_word' id='word_1_101' title='bbox 1131 2169 1241 2254; x_wconf 86' lang='lat' dir='ltr'><strong>vitae,</strong></span> <span class='ocrx_word' id='word_1_102' title='bbox 1276 2176 1311 2238; x_wconf 91' lang='lat' dir='ltr'><strong>et</strong></span> <span class='ocrx_word' id='word_1_103' title='bbox 1343 2166 1528 2240; x_wconf 87' lang='lat' dir='ltr'><strong>referemus</strong></span> <span class='ocrx_word' id='word_1_104' title='bbox 1563 2167 1623 2240; x_wconf 90' lang='lat' dir='ltr'><strong>tibi</strong></span> 
     </span>
     <span class='ocr_line' id='line_1_15' title="bbox 253 2281 1622 2379; baseline -0.001 -22"><span class='ocrx_word' id='word_1_105' title='bbox 253 2286 396 2378; x_wconf 85' lang='lat' dir='ltr'><strong>gloriam</strong></span> <span class='ocrx_word' id='word_1_106' title='bbox 421 2295 456 2357; x_wconf 85' lang='lat' dir='ltr'><strong>et</strong></span> <span class='ocrx_word' id='word_1_107' title='bbox 487 2288 669 2378; x_wconf 85' lang='lat' dir='ltr'><strong>gratiarum</strong></span> <span class='ocrx_word' id='word_1_108' title='bbox 702 2287 886 2373; x_wconf 85' lang='lat' dir='ltr'><strong>actionem,</strong></span> <span class='ocrx_word' id='word_1_109' title='bbox 919 2286 1156 2379; x_wconf 82' lang='lat' dir='ltr'><strong>unigenitoque</strong></span> <span class='ocrx_word' id='word_1_110' title='bbox 1188 2281 1273 2357; x_wconf 85' lang='lat' dir='ltr'><strong>Filio</strong></span> <span class='ocrx_word' id='word_1_111' title='bbox 1306 2295 1382 2372; x_wconf 77' lang='lat' dir='ltr'><strong>tuo,</strong></span> <span class='ocrx_word' id='word_1_112' title='bbox 1418 2295 1453 2356; x_wconf 90' lang='lat' dir='ltr'><strong>et</strong></span> <span class='ocrx_word' id='word_1_113' title='bbox 1486 2283 1622 2379; x_wconf 90' lang='lat' dir='ltr'><strong>Spiritui</strong></span> 
     </span>
     <span class='ocr_line' id='line_1_16' title="bbox 253 2401 736 2474; baseline -0.004 -1"><span class='ocrx_word' id='word_1_114' title='bbox 253 2411 310 2473; x_wconf 91' lang='lat' dir='ltr'><strong>tuo</strong></span> <span class='ocrx_word' id='word_1_115' title='bbox 338 2403 546 2474; x_wconf 89' lang='lat' dir='ltr'><strong>sanctissimo</strong></span> <span class='ocrx_word' id='word_1_116' title='bbox 575 2410 610 2472; x_wconf 91' lang='lat' dir='ltr'><strong>et</strong></span> <span class='ocrx_word' id='word_1_117' title='bbox 635 2401 736 2473; x_wconf 90' lang='lat' dir='ltr'><strong>bono.</strong></span> 
     </span>
    </p>

    <p class='ocr_par' dir='ltr' id='par_1_7' title="bbox 357 2517 689 2611">
     <span class='ocr_line' id='line_1_17' title="bbox 357 2517 689 2611; baseline -0.003 -23"><span class='ocrx_word' id='word_1_118' title='bbox 357 2517 519 2611; x_wconf 79' lang='lat' dir='ltr'><strong>Populus.</strong></span> <span class='ocrx_word' id='word_1_119' title='bbox 570 2517 689 2592; x_wconf 81' lang='lat' dir='ltr'><strong>Amen.</strong></span> 
     </span>
    </p>

    <p class='ocr_par' dir='ltr' id='par_1_8' title="bbox 253 2631 1623 2961">
     <span class='ocr_line' id='line_1_18' title="bbox 358 2631 1622 2730; baseline 0.002 -25"><span class='ocrx_word' id='word_1_120' title='bbox 358 2633 534 2705; x_wconf 76' lang='lat' dir='ltr'><strong>Sacerdos</strong></span> <span class='ocrx_word' id='word_1_121' title='bbox 559 2633 749 2705; x_wconf 79' lang='lat' dir='ltr'><strong>inclinatae.</strong></span> <span class='ocrx_word' id='word_1_122' title='bbox 803 2631 971 2704; x_wconf 87' lang='lat' dir='ltr'><strong>Memento</strong></span> <span class='ocrx_word' id='word_1_123' title='bbox 998 2631 1141 2706; x_wconf 90' lang='lat' dir='ltr'><strong>Domine</strong></span> <span class='ocrx_word' id='word_1_124' title='bbox 1173 2635 1272 2705; x_wconf 88' lang='lat' dir='ltr'><strong>etiam</strong></span> <span class='ocrx_word' id='word_1_125' title='bbox 1306 2633 1435 2706; x_wconf 90' lang='lat' dir='ltr'><strong>illomm</strong></span> <span class='ocrx_word' id='word_1_126' title='bbox 1470 2635 1525 2730; x_wconf 90' lang='lat' dir='ltr'><strong>qui</strong></span> <span class='ocrx_word' id='word_1_127' title='bbox 1559 2657 1622 2730; x_wconf 93' lang='lat' dir='ltr'><strong>pro</strong></span> 
     </span>
     <span class='ocr_line' id='line_1_19' title="bbox 254 2747 1623 2847; baseline -0.001 -24"><span class='ocrx_word' id='word_1_128' title='bbox 254 2750 408 2823; x_wconf 85' lang='lat' dir='ltr'><strong>Ecclesia</strong></span> <span class='ocrx_word' id='word_1_129' title='bbox 434 2759 490 2822; x_wconf 91' lang='lat' dir='ltr'><strong>tua</strong></span> <span class='ocrx_word' id='word_1_130' title='bbox 517 2747 649 2824; x_wconf 84' lang='lat' dir='ltr'><strong>solliciti</strong></span> <span class='ocrx_word' id='word_1_131' title='bbox 676 2758 770 2838; x_wconf 76' lang='lat' dir='ltr'><strong>sunt,</strong></span> <span class='ocrx_word' id='word_1_132' title='bbox 796 2760 831 2821; x_wconf 90' lang='lat' dir='ltr'><strong>et</strong></span> <span class='ocrx_word' id='word_1_133' title='bbox 862 2748 1003 2842; x_wconf 80' lang='lat' dir='ltr'><strong>vigilant</strong></span> <span class='ocrx_word' id='word_1_134' title='bbox 1034 2749 1077 2822; x_wconf 91' lang='lat' dir='ltr'><strong>ad</strong></span> <span class='ocrx_word' id='word_1_135' title='bbox 1110 2751 1385 2822; x_wconf 86' lang='lat' dir='ltr'><strong>sustentationem</strong></span> <span class='ocrx_word' id='word_1_136' title='bbox 1418 2771 1535 2822; x_wconf 92' lang='lat' dir='ltr'><strong>corum</strong></span> <span class='ocrx_word' id='word_1_137' title='bbox 1567 2753 1623 2847; x_wconf 91' lang='lat' dir='ltr'><strong>qui</strong></span> 
     </span>
     <span class='ocr_line' id='line_1_20' title="bbox 253 2867 690 2961; baseline -0.005 -23"><span class='ocrx_word' id='word_1_138' title='bbox 253 2869 488 2939; x_wconf 88' lang='lat' dir='ltr'><strong>necessitatem</strong></span> <span class='ocrx_word' id='word_1_139' title='bbox 515 2867 690 2961; x_wconf 84' lang='lat' dir='ltr'><strong>patiuntur.</strong></span> 
     </span>
    </p>

    <p class='ocr_par' dir='ltr' id='par_1_9' title="bbox 254 2981 1622 3542">
     <span class='ocr_line' id='line_1_21' title="bbox 358 2981 1622 3071; baseline 0.002 -19"><span class='ocrx_word' id='word_1_140' title='bbox 358 2981 507 3053; x_wconf 72' lang='lat' dir='ltr'><strong>Macares</strong></span> <span class='ocrx_word' id='word_1_141' title='bbox 539 3002 665 3055; x_wconf 81' lang='lat' dir='ltr'><strong>uocem.</strong></span> <span class='ocrx_word' id='word_1_142' title='bbox 717 2981 842 3054; x_wconf 90' lang='lat' dir='ltr'><strong>Inclina</strong></span> <span class='ocrx_word' id='word_1_143' title='bbox 868 2983 1011 3054; x_wconf 87' lang='lat' dir='ltr'><strong>Domine</strong></span> <span class='ocrx_word' id='word_1_144' title='bbox 1037 3002 1151 3052; x_wconf 90' lang='lat' dir='ltr'><strong>aurem</strong></span> <span class='ocrx_word' id='word_1_145' title='bbox 1177 2990 1278 3071; x_wconf 83' lang='lat' dir='ltr'><strong>tuam,</strong></span> <span class='ocrx_word' id='word_1_146' title='bbox 1305 2991 1339 3054; x_wconf 91' lang='lat' dir='ltr'><strong>et</strong></span> <span class='ocrx_word' id='word_1_147' title='bbox 1365 2981 1441 3054; x_wconf 87' lang='lat' dir='ltr'><strong>audi</strong></span> <span class='ocrx_word' id='word_1_148' title='bbox 1465 3005 1572 3058; x_wconf 85' lang='lat' dir='ltr'><strong>vocas</strong></span> <span class='ocrx_word' id='word_1_149' title='bbox 1588 2992 1622 3056; x_wconf 86' lang='lat' dir='ltr'><strong>et</strong></span> 
     </span>
     <span class='ocr_line' id='line_1_22' title="bbox 255 3094 1620 3196; baseline -0.001 -24"><span class='ocrx_word' id='word_1_150' title='bbox 255 3097 512 3194; x_wconf 86' lang='lat' dir='ltr'><strong>supplicationes</strong></span> <span class='ocrx_word' id='word_1_151' title='bbox 541 3097 745 3170; x_wconf 89' lang='lat' dir='ltr'><strong>adorantium</strong></span> <span class='ocrx_word' id='word_1_152' title='bbox 772 3107 823 3186; x_wconf 81' lang='lat' dir='ltr'><strong>tc,</strong></span> <span class='ocrx_word' id='word_1_153' title='bbox 849 3100 982 3192; x_wconf 88' lang='lat' dir='ltr'><strong>suscipe</strong></span> <span class='ocrx_word' id='word_1_154' title='bbox 1009 3094 1195 3172; x_wconf 87' lang='lat' dir='ltr'><strong>oblationes</strong></span> <span class='ocrx_word' id='word_1_155' title='bbox 1223 3101 1439 3194; x_wconf 90' lang='lat' dir='ltr'><strong>etprimitias</strong></span> <span class='ocrx_word' id='word_1_156' title='bbox 1467 3122 1551 3196; x_wconf 92' lang='lat' dir='ltr'><strong>quae</strong></span> <span class='ocrx_word' id='word_1_157' title='bbox 1578 3097 1620 3171; x_wconf 82' lang='lat' dir='ltr'><strong>alr</strong></span> 
     </span>
     <span class='ocr_line' id='line_1_23' title="bbox 254 3213 1622 3310; baseline 0 -24"><span class='ocrx_word' id='word_1_158' title='bbox 254 3213 410 3288; x_wconf 86' lang='lat' dir='ltr'><strong>Ecclesia</strong></span> <span class='ocrx_word' id='word_1_159' title='bbox 436 3224 491 3286; x_wconf 87' lang='lat' dir='ltr'><strong>tna</strong></span> <span class='ocrx_word' id='word_1_160' title='bbox 519 3213 712 3300; x_wconf 80' lang='lat' dir='ltr'><strong>offeruntur,</strong></span> <span class='ocrx_word' id='word_1_161' title='bbox 740 3215 816 3309; x_wconf 90' lang='lat' dir='ltr'><strong>quia</strong></span> <span class='ocrx_word' id='word_1_162' title='bbox 842 3223 877 3285; x_wconf 86' lang='lat' dir='ltr'><strong>tu</strong></span> <span class='ocrx_word' id='word_1_163' title='bbox 903 3223 1078 3310; x_wconf 87' lang='lat' dir='ltr'><strong>susceptor</strong></span> <span class='ocrx_word' id='word_1_164' title='bbox 1111 3235 1150 3286; x_wconf 91' lang='lat' dir='ltr'><strong>es</strong></span> <span class='ocrx_word' id='word_1_165' title='bbox 1181 3213 1418 3287; x_wconf 88' lang='lat' dir='ltr'><strong>sacn&#39;liciomm</strong></span> <span class='ocrx_word' id='word_1_166' title='bbox 1452 3225 1486 3287; x_wconf 92' lang='lat' dir='ltr'><strong>et</strong></span> <span class='ocrx_word' id='word_1_167' title='bbox 1519 3213 1622 3289; x_wconf 90' lang='lat' dir='ltr'><strong>ohla-</strong></span> 
     </span>
     <span class='ocr_line' id='line_1_24' title="bbox 255 3328 1620 3425; baseline 0.001 -25"><span class='ocrx_word' id='word_1_168' title='bbox 255 3333 397 3401; x_wconf 88' lang='lat' dir='ltr'><strong>tionum:</strong></span> <span class='ocrx_word' id='word_1_169' title='bbox 424 3339 459 3401; x_wconf 88' lang='lat' dir='ltr'><strong>ct</strong></span> <span class='ocrx_word' id='word_1_170' title='bbox 483 3329 666 3402; x_wconf 88' lang='lat' dir='ltr'><strong>referemus</strong></span> <span class='ocrx_word' id='word_1_171' title='bbox 692 3329 750 3402; x_wconf 89' lang='lat' dir='ltr'><strong>tibi</strong></span> <span class='ocrx_word' id='word_1_172' title='bbox 776 3328 937 3421; x_wconf 70' lang='lat' dir='ltr'><strong>gloriam,</strong></span> <span class='ocrx_word' id='word_1_173' title='bbox 964 3340 999 3402; x_wconf 91' lang='lat' dir='ltr'><strong>et</strong></span> <span class='ocrx_word' id='word_1_174' title='bbox 1029 3331 1210 3421; x_wconf 86' lang='lat' dir='ltr'><strong>gratiarum</strong></span> <span class='ocrx_word' id='word_1_175' title='bbox 1242 3332 1426 3422; x_wconf 76' lang='lat' dir='ltr'><strong>actionem,</strong></span> <span class='ocrx_word' id='word_1_176' title='bbox 1460 3334 1620 3425; x_wconf 83' lang='lat' dir='ltr'><strong>unigeni-</strong></span> 
     </span>
     <span class='ocr_line' id='line_1_25' title="bbox 255 3443 1300 3542; baseline -0.002 -24"><span class='ocrx_word' id='word_1_177' title='bbox 255 3455 358 3540; x_wconf 87' lang='lat' dir='ltr'><strong>toque</strong></span> <span class='ocrx_word' id='word_1_178' title='bbox 383 3446 468 3518; x_wconf 86' lang='lat' dir='ltr'><strong>Filio</strong></span> <span class='ocrx_word' id='word_1_179' title='bbox 495 3456 569 3534; x_wconf 85' lang='lat' dir='ltr'><strong>tuo,</strong></span> <span class='ocrx_word' id='word_1_180' title='bbox 597 3455 631 3518; x_wconf 87' lang='lat' dir='ltr'><strong>et</strong></span> <span class='ocrx_word' id='word_1_181' title='bbox 656 3445 794 3542; x_wconf 89' lang='lat' dir='ltr'><strong>Spiritui</strong></span> <span class='ocrx_word' id='word_1_182' title='bbox 821 3448 1030 3520; x_wconf 91' lang='lat' dir='ltr'><strong>sanctissimo</strong></span> <span class='ocrx_word' id='word_1_183' title='bbox 1058 3457 1114 3519; x_wconf 91' lang='lat' dir='ltr'><strong>tuo</strong></span> <span class='ocrx_word' id='word_1_184' title='bbox 1142 3457 1175 3518; x_wconf 92' lang='lat' dir='ltr'><strong>et</strong></span> <span class='ocrx_word' id='word_1_185' title='bbox 1200 3443 1300 3519; x_wconf 89' lang='lat' dir='ltr'><strong>bono.</strong></span> 
     </span>
    </p>

    <p class='ocr_par' dir='ltr' id='par_1_10' title="bbox 359 3561 692 3656">
     <span class='ocr_line' id='line_1_26' title="bbox 359 3561 692 3656; baseline 0 -23"><span class='ocrx_word' id='word_1_186' title='bbox 359 3561 520 3656; x_wconf 83' lang='lat' dir='ltr'><strong>Populos.</strong></span> <span class='ocrx_word' id='word_1_187' title='bbox 573 3563 692 3636; x_wconf 87' lang='lat' dir='ltr'><strong>Amen.</strong></span> 
     </span>
    </p>

    <p class='ocr_par' dir='ltr' id='par_1_11' title="bbox 256 3677 1621 3883">
     <span class='ocr_line' id='line_1_27' title="bbox 358 3677 1621 3778; baseline 0.003 -28"><span class='ocrx_word' id='word_1_188' title='bbox 358 3678 533 3750; x_wconf 80' lang='lat' dir='ltr'><strong>Sacerdos</strong></span> <span class='ocrx_word' id='word_1_189' title='bbox 568 3678 760 3750; x_wconf 84' lang='lat' dir='ltr'><strong>inclinatos.</strong></span> <span class='ocrx_word' id='word_1_190' title='bbox 811 3677 979 3751; x_wconf 87' lang='lat' dir='ltr'><strong>Memento</strong></span> <span class='ocrx_word' id='word_1_191' title='bbox 1020 3678 1161 3751; x_wconf 88' lang='lat' dir='ltr'><strong>Domino</strong></span> <span class='ocrx_word' id='word_1_192' title='bbox 1198 3677 1330 3770; x_wconf 85' lang='lat' dir='ltr'><strong>Regum</strong></span> <span class='ocrx_word' id='word_1_193' title='bbox 1363 3679 1526 3772; x_wconf 82' lang='lat' dir='ltr'><strong>fidelium,</strong></span> <span class='ocrx_word' id='word_1_194' title='bbox 1566 3686 1621 3778; x_wconf 90' lang='lat' dir='ltr'><strong>qui</strong></span> 
     </span>
     <span class='ocr_line' id='line_1_28' title="bbox 256 3793 1621 3883; baseline 0.004 -19"><span class='ocrx_word' id='word_1_195' title='bbox 256 3803 348 3866; x_wconf 89' lang='lat' dir='ltr'><strong>recte</strong></span> <span class='ocrx_word' id='word_1_196' title='bbox 375 3794 571 3868; x_wconf 85' lang='lat' dir='ltr'><strong>cantitentur</strong></span> <span class='ocrx_word' id='word_1_197' title='bbox 597 3805 649 3883; x_wconf 79' lang='lat' dir='ltr'><strong>te,</strong></span> <span class='ocrx_word' id='word_1_198' title='bbox 676 3804 711 3866; x_wconf 88' lang='lat' dir='ltr'><strong>ct</strong></span> <span class='ocrx_word' id='word_1_199' title='bbox 735 3793 885 3867; x_wconf 90' lang='lat' dir='ltr'><strong>concede</strong></span> <span class='ocrx_word' id='word_1_200' title='bbox 911 3793 975 3866; x_wconf 94' lang='lat' dir='ltr'><strong>illis</strong></span> <span class='ocrx_word' id='word_1_201' title='bbox 989 3797 1164 3868; x_wconf 85' lang='lat' dir='ltr'><strong>victoriam</strong></span> <span class='ocrx_word' id='word_1_202' title='bbox 1182 3794 1345 3870; x_wconf 89' lang='lat' dir='ltr'><strong>adversus</strong></span> <span class='ocrx_word' id='word_1_203' title='bbox 1363 3796 1476 3871; x_wconf 89' lang='lat' dir='ltr'><strong>hostes</strong></span> <span class='ocrx_word' id='word_1_204' title='bbox 1496 3820 1621 3870; x_wconf 90' lang='lat' dir='ltr'><strong>eorum.</strong></span> 
     </span>
    </p>

    <p class='ocr_par' dir='ltr' id='par_1_12' title="bbox 255 3901 1621 4352">
     <span class='ocr_line' id='line_1_29' title="bbox 360 3901 1621 4007; baseline 0.005 -25"><span class='ocrx_word' id='word_1_205' title='bbox 360 3911 510 3983; x_wconf 75' lang='lat' dir='ltr'><strong>ldleooos</strong></span> <span class='ocrx_word' id='word_1_206' title='bbox 534 3933 660 3982; x_wconf 87' lang='lat' dir='ltr'><strong>ooccm.</strong></span> <span class='ocrx_word' id='word_1_207' title='bbox 712 3909 820 3983; x_wconf 83' lang='lat' dir='ltr'><strong>Aufer</strong></span> <span class='ocrx_word' id='word_1_208' title='bbox 845 3910 989 3983; x_wconf 89' lang='lat' dir='ltr'><strong>Domine</strong></span> <span class='ocrx_word' id='word_1_209' title='bbox 1015 3933 1034 3982; x_wconf 91' lang='lat' dir='ltr'><strong>a</strong></span> <span class='ocrx_word' id='word_1_210' title='bbox 1059 3909 1183 4007; x_wconf 91' lang='lat' dir='ltr'><strong>populo</strong></span> <span class='ocrx_word' id='word_1_211' title='bbox 1201 3901 1267 3986; x_wconf 64' lang='lat' dir='ltr'><strong>&#39;tuo</strong></span> <span class='ocrx_word' id='word_1_212' title='bbox 1294 3911 1381 3984; x_wconf 91' lang='lat' dir='ltr'><strong>iideli</strong></span> <span class='ocrx_word' id='word_1_213' title='bbox 1397 3916 1506 3986; x_wconf 89' lang='lat' dir='ltr'><strong>omnia</strong></span> <span class='ocrx_word' id='word_1_214' title='bbox 1531 3912 1621 3988; x_wconf 90' lang='lat' dir='ltr'><strong>bella</strong></span> 
     </span>
     <span class='ocr_line' id='line_1_30' title="bbox 255 4025 1620 4127; baseline 0.004 -29"><span class='ocrx_word' id='word_1_215' title='bbox 255 4025 416 4114; x_wconf 74' lang='lat' dir='ltr'><strong>hostium,</strong></span> <span class='ocrx_word' id='word_1_216' title='bbox 442 4027 621 4101; x_wconf 85' lang='lat' dir='ltr'><strong>visibilium</strong></span> <span class='ocrx_word' id='word_1_217' title='bbox 649 4037 705 4099; x_wconf 85' lang='lat' dir='ltr'><strong>aut</strong></span> <span class='ocrx_word' id='word_1_218' title='bbox 730 4027 961 4118; x_wconf 77' lang='lat' dir='ltr'><strong>invisibilium,</strong></span> <span class='ocrx_word' id='word_1_219' title='bbox 988 4037 1023 4100; x_wconf 85' lang='lat' dir='ltr'><strong>ct</strong></span> <span class='ocrx_word' id='word_1_220' title='bbox 1048 4025 1206 4100; x_wconf 87' lang='lat' dir='ltr'><strong>confirma</strong></span> <span class='ocrx_word' id='word_1_221' title='bbox 1232 4050 1295 4101; x_wconf 92' lang='lat' dir='ltr'><strong>nos</strong></span> <span class='ocrx_word' id='word_1_222' title='bbox 1322 4030 1355 4100; x_wconf 95' lang='lat' dir='ltr'><strong>in</strong></span> <span class='ocrx_word' id='word_1_223' title='bbox 1388 4031 1620 4127; x_wconf 90' lang='lat' dir='ltr'><strong>tranquillitate</strong></span> 
     </span>
     <span class='ocr_line' id='line_1_31' title="bbox 257 4142 1621 4239; baseline 0.003 -23"><span class='ocrx_word' id='word_1_224' title='bbox 257 4153 290 4216; x_wconf 87' lang='lat' dir='ltr'><strong>et</strong></span> <span class='ocrx_word' id='word_1_225' title='bbox 316 4166 400 4239; x_wconf 87' lang='lat' dir='ltr'><strong>pace</strong></span> <span class='ocrx_word' id='word_1_226' title='bbox 425 4143 579 4217; x_wconf 90' lang='lat' dir='ltr'><strong>omnihus</strong></span> <span class='ocrx_word' id='word_1_227' title='bbox 606 4142 722 4216; x_wconf 88' lang='lat' dir='ltr'><strong>diebus</strong></span> <span class='ocrx_word' id='word_1_228' title='bbox 748 4147 840 4216; x_wconf 89' lang='lat' dir='ltr'><strong>vitae</strong></span> <span class='ocrx_word' id='word_1_229' title='bbox 865 4155 1021 4232; x_wconf 89' lang='lat' dir='ltr'><strong>nostrac;</strong></span> <span class='ocrx_word' id='word_1_230' title='bbox 1049 4145 1125 4238; x_wconf 81' lang='lat' dir='ltr'><strong>qaia</strong></span> <span class='ocrx_word' id='word_1_231' title='bbox 1152 4153 1206 4215; x_wconf 87' lang='lat' dir='ltr'><strong>tua</strong></span> <span class='ocrx_word' id='word_1_232' title='bbox 1233 4153 1286 4216; x_wconf 89' lang='lat' dir='ltr'><strong>cst</strong></span> <span class='ocrx_word' id='word_1_233' title='bbox 1310 4149 1470 4236; x_wconf 85' lang='lat' dir='ltr'><strong>victoria,</strong></span> <span class='ocrx_word' id='word_1_234' title='bbox 1498 4156 1533 4219; x_wconf 89' lang='lat' dir='ltr'><strong>et</strong></span> <span class='ocrx_word' id='word_1_235' title='bbox 1557 4170 1621 4220; x_wconf 90' lang='lat' dir='ltr'><strong>rc-</strong></span> 
     </span>
     <span class='ocr_line' id='line_1_32' title="bbox 256 4257 763 4352; baseline 0.002 -22"><span class='ocrx_word' id='word_1_236' title='bbox 256 4257 401 4332; x_wconf 86' lang='lat' dir='ltr'><strong>leremus</strong></span> <span class='ocrx_word' id='word_1_237' title='bbox 430 4258 488 4331; x_wconf 89' lang='lat' dir='ltr'><strong>tibi</strong></span> <span class='ocrx_word' id='word_1_238' title='bbox 513 4260 672 4352; x_wconf 86' lang='lat' dir='ltr'><strong>gloriam,</strong></span> <span class='ocrx_word' id='word_1_239' title='bbox 700 4269 763 4332; x_wconf 87' lang='lat' dir='ltr'><strong>etc.</strong></span> 
     </span>
    </p>

    <p class='ocr_par' dir='ltr' id='par_1_13' title="bbox 359 4373 692 4467">
     <span class='ocr_line' id='line_1_33' title="bbox 359 4373 692 4467; baseline 0.003 -23"><span class='ocrx_word' id='word_1_240' title='bbox 359 4373 520 4467; x_wconf 83' lang='lat' dir='ltr'><strong>Populos.</strong></span> <span class='ocrx_word' id='word_1_241' title='bbox 573 4377 692 4448; x_wconf 90' lang='lat' dir='ltr'><strong>Amen.</strong></span> 
     </span>
    </p>

    <p class='ocr_par' dir='ltr' id='par_1_14' title="bbox 256 4488 1621 4810">
     <span class='ocr_line' id='line_1_34' title="bbox 359 4488 1620 4570; baseline 0.007 -9"><span class='ocrx_word' id='word_1_242' title='bbox 359 4488 534 4563; x_wconf 81' lang='lat' dir='ltr'><strong>Sacerdos</strong></span> <span class='ocrx_word' id='word_1_243' title='bbox 565 4491 756 4563; x_wconf 82' lang='lat' dir='ltr'><strong>inclinatos.</strong></span> <span class='ocrx_word' id='word_1_244' title='bbox 809 4490 978 4566; x_wconf 90' lang='lat' dir='ltr'><strong>Memento</strong></span> <span class='ocrx_word' id='word_1_245' title='bbox 1003 4494 1147 4566; x_wconf 90' lang='lat' dir='ltr'><strong>Domine</strong></span> <span class='ocrx_word' id='word_1_246' title='bbox 1173 4495 1353 4566; x_wconf 89' lang='lat' dir='ltr'><strong>amicorum</strong></span> <span class='ocrx_word' id='word_1_247' title='bbox 1381 4505 1510 4568; x_wconf 89' lang='lat' dir='ltr'><strong>tuorum</strong></span> <span class='ocrx_word' id='word_1_248' title='bbox 1539 4496 1620 4570; x_wconf 91' lang='lat' dir='ltr'><strong>Ma-</strong></span> 
     </span>
     <span class='ocr_line' id='line_1_35' title="bbox 256 4605 1621 4708; baseline 0.009 -32"><span class='ocrx_word' id='word_1_249' title='bbox 256 4607 328 4676; x_wconf 91' lang='lat' dir='ltr'><strong>riae</strong></span> <span class='ocrx_word' id='word_1_250' title='bbox 362 4605 537 4680; x_wconf 87' lang='lat' dir='ltr'><strong>Genitricis</strong></span> <span class='ocrx_word' id='word_1_251' title='bbox 567 4608 650 4699; x_wconf 81' lang='lat' dir='ltr'><strong>Dei,</strong></span> <span class='ocrx_word' id='word_1_252' title='bbox 680 4608 775 4681; x_wconf 90' lang='lat' dir='ltr'><strong>Beati</strong></span> <span class='ocrx_word' id='word_1_253' title='bbox 805 4607 966 4702; x_wconf 81' lang='lat' dir='ltr'><strong>loannis,</strong></span> <span class='ocrx_word' id='word_1_254' title='bbox 1004 4608 1163 4705; x_wconf 86' lang='lat' dir='ltr'><strong>Stephani</strong></span> <span class='ocrx_word' id='word_1_255' title='bbox 1197 4609 1378 4708; x_wconf 72' lang='lat' dir='ltr'><strong>Martyris,</strong></span> <span class='ocrx_word' id='word_1_256' title='bbox 1410 4623 1445 4686; x_wconf 89' lang='lat' dir='ltr'><strong>et</strong></span> <span class='ocrx_word' id='word_1_257' title='bbox 1477 4618 1621 4688; x_wconf 92' lang='lat' dir='ltr'><strong>omnium</strong></span> 
     </span>
     <span class='ocr_line' id='line_1_36' title="bbox 257 4720 846 4810; baseline 0 -16"><span class='ocrx_word' id='word_1_258' title='bbox 257 4720 465 4794; x_wconf 85' lang='lat' dir='ltr'><strong>Sanctorum.</strong></span> <span class='ocrx_word' id='word_1_259' title='bbox 845 4805 846 4810; x_wconf 7' lang='grc' dir='ltr'>η</span> 
     </span>
    </p>

    <p class='ocr_par' dir='ltr' id='par_1_15' title="bbox 256 4837 1621 5060">
     <span class='ocr_line' id='line_1_37' title="bbox 360 4837 1620 4939; baseline 0.008 -31"><span class='ocrx_word' id='word_1_260' title='bbox 360 4837 510 4910; x_wconf 85' lang='lat' dir='ltr'><strong>Elcocos</strong></span> <span class='ocrx_word' id='word_1_261' title='bbox 535 4861 660 4912; x_wconf 79' lang='lat' dir='ltr'><strong>uocem</strong></span> <span class='ocrx_word' id='word_1_262' title='bbox 713 4839 757 4914; x_wconf 90' lang='lat' dir='ltr'><strong>Et</strong></span> <span class='ocrx_word' id='word_1_263' title='bbox 782 4862 845 4914; x_wconf 88' lang='lat' dir='ltr'><strong>nos</strong></span> <span class='ocrx_word' id='word_1_264' title='bbox 871 4839 926 4914; x_wconf 86' lang='lat' dir='ltr'><strong>lac</strong></span> <span class='ocrx_word' id='word_1_265' title='bbox 951 4843 1130 4939; x_wconf 88' lang='lat' dir='ltr'><strong>participes</strong></span> <span class='ocrx_word' id='word_1_266' title='bbox 1148 4844 1301 4930; x_wconf 88' lang='lat' dir='ltr'><strong>Domine,</strong></span> <span class='ocrx_word' id='word_1_267' title='bbox 1329 4848 1513 4919; x_wconf 89' lang='lat' dir='ltr'><strong>orationum</strong></span> <span class='ocrx_word' id='word_1_268' title='bbox 1540 4867 1620 4920; x_wconf 92' lang='lat' dir='ltr'><strong>ser-</strong></span> 
     </span>
     <span class='ocr_line' id='line_1_38' title="bbox 256 4957 1621 5060; baseline 0.007 -34"><span class='ocrx_word' id='word_1_269' title='bbox 256 4973 376 5028; x_wconf 91' lang='lat' dir='ltr'><strong>vorum</strong></span> <span class='ocrx_word' id='word_1_270' title='bbox 402 4963 550 5047; x_wconf 82' lang='lat' dir='ltr'><strong>tuorum,</strong></span> <span class='ocrx_word' id='word_1_271' title='bbox 576 4965 610 5028; x_wconf 91' lang='lat' dir='ltr'><strong>et</strong></span> <span class='ocrx_word' id='word_1_272' title='bbox 643 4967 779 5053; x_wconf 90' lang='lat' dir='ltr'><strong>praesta</strong></span> <span class='ocrx_word' id='word_1_273' title='bbox 814 4957 931 5048; x_wconf 89' lang='lat' dir='ltr'><strong>nobis,</strong></span> <span class='ocrx_word' id='word_1_274' title='bbox 963 4968 1000 5030; x_wconf 90' lang='lat' dir='ltr'><strong>ut</strong></span> <span class='ocrx_word' id='word_1_275' title='bbox 1031 4961 1194 5033; x_wconf 86' lang='lat' dir='ltr'><strong>imitemur</strong></span> <span class='ocrx_word' id='word_1_276' title='bbox 1227 4981 1340 5036; x_wconf 88' lang='lat' dir='ltr'><strong>mores</strong></span> <span class='ocrx_word' id='word_1_277' title='bbox 1375 4983 1510 5057; x_wconf 87' lang='lat' dir='ltr'><strong>aarum,</strong></span> <span class='ocrx_word' id='word_1_278' title='bbox 1544 4967 1621 5060; x_wconf 91' lang='lat' dir='ltr'><strong>quia</strong></span> 
     </span>
    </p>
   </div>
   <div class='ocr_carea' id='block_1_3' title="bbox 0 0 2375 6036">
    <p class='ocr_par' dir='ltr' id='par_1_16' title="bbox 0 0 2375 6036">
     <span class='ocr_line' id='line_1_39' title="bbox 0 0 2375 6036; baseline 0 0"><span class='ocrx_word' id='word_1_279' title='bbox 0 0 2375 6036; x_wconf 95' lang='lat' dir='ltr'><strong> </strong></span> 
     </span>
    </p>
   </div>
  </div>
 </body>
</html>
