4814 6060
706 589 782 663 510
900 607 962 668 ,·
1213 585 1574 665 LITURGIA

807 775 970 868 Populos.
1022 774 1143 846 Amen.

806 889 995 960 Diaconos.
1049 889 1183 967 Stemus
1212 889 1380 962 decenter.

807 1004 992 1076 Sacerdos.
1046 1003 1193 1094 Caritas,
1220 1016 1283 1077 etc.

805 1120 982 1192 Sacerdos
1007 1120 1200 1192 inclinatos.
1262 1121 1339 1194 Tibi
1371 1123 1458 1192 enim
1485 1143 1569 1192 vere
1596 1119 1760 1200 debentur
1786 1119 1903 1194 laudes
1930 1131 1964 1194 et
1990 1122 2082 1197 ado-

702 1238 849 1309 rationes
877 1234 919 1308 ab
948 1236 1112 1324 omnihus,
1139 1237 1250 1328 Deus,
1286 1239 1342 1331 qui
1369 1236 1522 1310 omnibus
1559 1235 1648 1332 quod
1684 1243 1764 1334 sunt
1791 1236 1926 1328 tribuis,
1963 1249 1997 1310 et
2026 1242 2080 1311 vis

700 1357 804 1426 vitam
832 1353 985 1425 omnium.

805 1469 956 1540 Eteonos
989 1491 1116 1541 nocem.
1168 1469 1326 1544 Abditam
1354 1468 1590 1542 excellentiam
1624 1481 1714 1541 tuam
1748 1468 1911 1558 Domine,
1945 1467 2080 1540 laudant

703 1597 736 1659 et
762 1584 911 1657 exaltant
937 1595 1077 1657 naturae
1104 1607 1220 1658 ornnes
1247 1583 1501 1670 intellectuales,
1527 1595 1561 1656 et
1578 1606 1681 1660 sensu
1708 1583 1900 1679 praeditae:
1927 1592 2017 1655 terra
2044 1594 2078 1656 et

703 1705 814 1776 omnia
841 1723 926 1796 quae
953 1723 1153 1796 supeream
1187 1710 1279 1772 sunt:
1314 1699 1416 1772 orbes
1450 1698 1618 1773 coelestes
1654 1721 1728 1771 cum
1761 1697 1975 1770 luminaribus
2009 1702 2077 1772 suis

702 1815 918 1906 coelestibus,
944 1817 1175 1912 mentibusque
1202 1816 1358 1909 gloriosis
1395 1837 1456 1888 eos
1484 1813 1720 1908 dirigentibus:
1756 1812 1962 1888 substantiae
1989 1819 2075 1888 sim-

700 1935 807 2031 plices
838 1944 873 2004 et
907 1933 1108 2006 carbonibus
1144 1912 1416 2006 immaterialibus
1443 1941 1566 2018 tectae,
1602 1953 1763 2004 summurn
1798 1929 1954 2002 ardorem
1986 1941 2076 2004 tuum

700 2048 877 2123 extollunt:
914 2047 1068 2140 legiones
1095 2051 1221 2141 ignitae
1247 2047 1379 2120 llamma
1406 2047 1595 2119 vehementi
1623 2067 1825 2134 succensae,
1852 2045 2076 2119 fortitudinem

700 2175 790 2237 tuam
832 2173 1003 2260 potentem
1043 2164 1228 2237 celebrant:
1270 2164 1406 2236 ordines
1444 2163 1674 2254 Angelorum,
1714 2172 1747 2232 et
1785 2159 2076 2255 Archangelorum

676 2265 851 2370 ,cantibus
879 2281 948 2351 suis
975 2280 1136 2352 suavibus
1163 2284 1373 2373 majestatem
1398 2279 1488 2350 tuam
1515 2277 1714 2350 ineffabilem
1741 2276 1919 2371 explicant.
1972 2278 2075 2349 Prin-

700 2399 829 2491 cipatus
857 2404 891 2467 et
916 2395 1105 2468 Potestates
1132 2395 1332 2468 carminibus
1365 2397 1434 2467 suis
1462 2393 1591 2484 nitidis,
1624 2396 1804 2489 potentiam
1839 2404 1928 2464 tuam
1962 2397 2076 2466 omni-

699 2520 868 2605 potentem
896 2510 1068 2584 extollunt.
1127 2512 1252 2585 'l'hroni
1286 2521 1320 2582 et
1350 2512 1622 2599 Dominationes,
1655 2509 1830 2605 praeclara
1865 2509 2074 2584 ordinatione

585 2647 590 2657 “
700 2649 773 2716 sna,
800 2629 1007 2734 majestatem
1035 2638 1123 2700 tuam
1151 2630 1261 2700 omnia
1288 2636 1479 2698 moventem
1506 2623 1703 2718 glorificant.
1731 2625 1892 2713 Virtutes,
1919 2630 2074 2698 mentium

699 2752 800 2837 captu
826 2745 1029 2837 superiores,
1062 2742 1205 2816 vocibus
1239 2741 1441 2822 terribilibus
1470 2739 1647 2832 iubilorum
1683 2764 1837 2829 suorum,
1871 2741 1961 2837 quod
1996 2752 2073 2814 nutu

699 2880 762 2930 eos
789 2856 978 2930 condideris
1014 2870 1143 2931 canunt.
1206 2859 1344 2930 Militiae
1377 2855 1545 2930 coelestes
1587 2855 1672 2930 tubis
1709 2859 1820 2949 ignitis
1851 2856 1968 2929 landes
2001 2867 2073 2930 tuas

699 2977 848 3046 intonant
874 2984 908 3045 et
934 2979 1120 3048 concinunt.
1179 2971 1360 3046 Cherubim
1385 2972 1477 3044 multi
1504 2973 1603 3063 oculi,
1631 2975 1685 3066 qui
1714 2971 1821 3044 dorsis
1848 2963 1930 3064 suiS,
1955 2972 2075 3066 fulgu-

698 3088 802 3178 ribus,
829 3089 1081 3185 tonitruhusque
1107 3089 1249 3178 validis,
1282 3088 1505 3160 tortitudinem
1541 3098 1629 3160 tuam
1656 3087 1776 3176 ierunt,
1803 3100 1837 3162 te
1862 3089 2073 3162 benedicunt.

698 3204 873 3301 Seraphim
901 3227 965 3277 sex
992 3205 1053 3278 alis
1081 3208 1239 3290 instructi,
1268 3204 1364 3277 labiis
1391 3203 1605 3300 perfectionis
1632 3203 1784 3295 regvrlam
1810 3205 2071 3292 concinentibus,

697 3331 733 3393 et
759 3319 983 3410 verabilibus,
1000 3333 1034 3395 te
1060 3325 1243 3393 sanctitatis
1271 3324 1371 3392 totius
1406 3319 1533 3391 fontem
1560 3319 1774 3407 sanctificant,
1802 3320 1918 3393 volatu
1943 3320 2014 3393 levi
2040 3329 2072 3392 et

698 3437 851 3508 circulari
877 3439 972 3509 unius
999 3436 1041 3508 ad
1069 3437 1205 3509 alterum
1232 3440 1440 3510 incessanter
1468 3438 1569 3507 trinas
1585 3435 1864 3508 sanctificationes
1891 3458 1956 3508 una
1983 3459 2072 3510 voce

697 3563 870 3643 canentes,
897 3553 1090 3643 clamantes,
1117 3551 1358 3640 vociferantes,
1386 3561 1419 3623 et
1446 3551 1604 3623 dieentes.

801 3667 962 3760 Populos.
1015 3666 1168 3739 Sanctus.
1871 3756 1874 3766 Ι

800 3781 977 3854 Sacerdos
1003 3782 1196 3856 inclinatos.
1250 3783 1394 3855 Sanctus
1422 3790 1456 3852 et
1482 3779 1676 3853 benedictus
1704 3803 1755 3870 es,
1782 3792 1882 3876 atque
1908 3780 1984 3854 lons
2010 3791 2070 3855 to-

697 3901 761 3970 tius
789 3900 986 3988 sanctitatis,
1013 3901 1068 3994 qui
1096 3921 1170 3971 curn
1197 3897 1343 3992 vidisses
1370 3921 1477 3991 genus
1504 3906 1654 3970 nostrum
1680 3919 1742 3994 per
1768 3900 2069 3991 transgressionem

696 4013 843 4084 mandati
869 4015 902 4083 in
929 4017 1176 4110 corruptionem
1204 4013 1386 4109 delapsum,
1413 4011 1562 4086 Verbum
1590 4013 1791 4104 unigenitum
1809 4012 1927 4086 Filium
1953 4015 2070 4085 misisti
2129 3991 2137 4024 ⁸

696 4138 833 4223 propter
860 4129 998 4202 salutem
1025 4142 1190 4206 nostram:
1225 4135 1281 4225 qui
1319 4133 1507 4202 incarnatus
1544 4139 1597 4202 est
1631 4151 1677 4200 ex
1708 4126 1849 4220 Virgine
1882 4139 2010 4220 sancta,
2037 4137 2070 4201 et

696 4243 804 4320 lactus
832 4255 886 4317 est
910 4246 1010 4320 homo
1039 4249 1125 4320 sicut
1150 4268 1231 4336 nns;
1257 4227 1350 4320 Deus
1377 4266 1578 4342 permanens
1604 4246 1638 4316 in
1664 4253 1781 4315 natura
1808 4265 1880 4332 sua,
1908 4247 2068 4341 impassi-

694 4358 753 4432 bili
781 4371 816 4431 et
841 4363 1029 4451 immortali,
1057 4373 1090 4434 et
1116 4361 1305 4455 figmentum
1333 4372 1482 4435 nostrum
1508 4363 1687 4434 renovavit
1714 4371 1813 4455 atque
1839 4358 2044 4434 reformavit

696 4529 700 4538 .
800 4476 951 4548 Eteonos
976 4501 1101 4550 nocem.
1162 4477 1245 4551 Cum
1282 4499 1367 4552 vero
1401 4477 1548 4570 figuras,
1588 4474 1791 4571 umbrasque
1825 4476 1911 4570 legis
1945 4479 2067 4578 veteris

696 4589 896 4684 perfecisset
921 4601 955 4664 et
981 4593 1223 4691 complevisset
1248 4597 1282 4665 in
1309 4617 1347 4668 se
1374 4597 1459 4689 ipso,
1487 4602 1642 4688 tanquam
1669 4595 1840 4688 utriusque
1867 4592 2069 4667 Testamenti

695 4704 877 4792 Dominus,
910 4707 1142 4806 voluissetque
1177 4709 1290 4782 velum
1326 4712 1491 4806 typicum,
1528 4706 1615 4803 quod
1648 4731 1711 4804 per
1743 4705 1951 4803 prophetiam
1986 4717 2072 4795 erat,
2135 4731 2138 4738 ’

695 4820 831 4892 auterre
857 4844 971 4895 coram
998 4825 1105 4898 nemis
1132 4835 1249 4899 coetus
1276 4824 1481 4920 Apostolici,
1509 4832 1543 4897 et
1568 4845 1691 4920 corpus
1717 4822 1796 4894 illud
1823 4846 1954 4914 verum,
1982 4821 2069 4920 quod

696 4933 842 5009 obscure
875 4937 953 5010 olim
988 4950 1023 5010 et
1056 4945 1153 5034 quasi
1179 4963 1199 5012 e
1225 4939 1405 5035 longinquo
1436 4940 1696 5036 praefiguratum
1727 4950 1815 5028 erat,
1848 4939 1927 5012 illud
1962 4939 2067 5036 ipsum

694 5057 873 5124 testaretur
898 5053 1078 5128 excellenti
1105 5055 1247 5151 quadam
1273 5059 1404 5128 ratione
1438 5077 1516 5131 esse
1540 5058 1574 5128 in
1600 5057 1775 5153 proxim05
1813 5059 1847 5128 in
1883 5077 1926 5134 ea
1957 5063 2065 5144 nocte,
