4814 6060
583 579 767 658 reulum
798 523 1122 656 rlrurmoum
1156 579 1456 659 namuurum.
1620 581 1696 658 sss

429 767 592 862 Populus.
644 766 789 839 Etcum
815 768 932 862 spiritu
957 776 1024 841 tuo.

429 883 617 956 Diaconos.
670 883 790 955 lterum
818 892 917 978 atque
946 884 1074 954 iterum.

565 1157 742 1230 Sacerdos
768 1157 853 1246 dicit
880 1156 1078 1229 Orationem
1103 1163 1185 1229 onte
1210 1157 1311 1228 Pater
1336 1167 1462 1231 noster.

430 1349 523 1422 Deus
550 1348 651 1420 Pater
677 1357 814 1460 aeterne
829 1345 905 1418 Filii
930 1347 1090 1440 unigeniti
1117 1349 1255 1434 aeterni,
1283 1349 1338 1442 qui
1365 1347 1407 1420 ab
1435 1356 1585 1438 aeterno,
1611 1349 1698 1423 ultra

326 1475 494 1539 momenta
520 1474 555 1536 et
579 1473 731 1560 tempora
758 1462 920 1536 exaltaris
948 1474 981 1535 et
1001 1461 1191 1554 honoraris,
1218 1472 1253 1535 et
1278 1461 1319 1536 ab
1349 1463 1500 1538 omnibus
1527 1463 1698 1538 ordinibus

327 1579 598 1654 immaterialibus
624 1577 834 1653 benediceris
861 1589 895 1650 et
921 1579 1156 1653 sanctificaris:
1184 1583 1278 1674 cujus
1305 1578 1445 1653 bonitati
1472 1581 1604 1654 dividae
1629 1604 1698 1655 nou

328 1701 409 1772 satis
444 1696 524 1787 luit,
564 1704 599 1769 ut
632 1699 764 1792 species
796 1694 967 1767 rationabs
1001 1694 1167 1768 bominum
1203 1705 1429 1786 terrenorum,
1462 1719 1530 1770 nou
1563 1700 1697 1771 omnino

327 1817 515 1912 privaretur
542 1835 581 1884 ea
610 1810 730 1905 gloria,
759 1833 843 1906 quaa
865 1814 1001 1884 naturis
1033 1809 1258 1906 spiritualibus
1291 1815 1466 1908 competit,
1505 1811 1567 1887 sed
1599 1818 1697 1888 etiam

327 1941 364 2004 ut
389 1927 666 2026 contemplatione
694 1931 790 2020 regni
819 1931 864 2000 tui
890 1928 1016 1999 aeterni
1036 1925 1236 2018 fruerentur,
1264 1938 1298 2000 et
1317 1928 1414 2001 simul
1429 1927 1586 2027 hymnum
1609 1929 1698 2003 illum

329 2045 514 2140 angelicum
542 2045 703 2116 divinitati
729 2055 806 2116 tuae
833 2066 916 2139 prae
951 2043 1103 2117 omuibus
1131 2045 1311 2136 excelsae,
1346 2043 1443 2119 labiis
1470 2049 1540 2119 suis
1566 2045 1699 2119 indesi-

298 2173 446 2246 ,nenter
471 2170 646 2233 canerent:
684 2164 739 2256 qui
766 2183 827 2256 per
853 2163 1108 2254 praescientiam
1135 2169 1224 2233 tuam
1251 2159 1445 2252 excelsam,
1480 2159 1569 2257 quod
1594 2162 1699 2236 Filius

326 2291 401 2354 tuus
428 2289 592 2366 autemus,
620 2277 662 2348 ad
690 2277 966 2371 compositionem
992 2274 1168 2348 humanam
1194 2287 1354 2352 venuuus
1381 2287 1492 2368 esset,
1531 2277 1699 2352 homiuem

327 2399 467 2493 coepisti
495 2416 624 2482 creare,
651 2393 809 2465 citharam
836 2393 953 2466 decem
980 2391 1193 2465 chordarum:
1225 2404 1259 2465 et
1285 2417 1332 2466 ex
1360 2404 1500 2489 quatuor
1526 2394 1699 2468 elementis

328 2535 402 2586 eum
430 2513 656 2608 composuisti,
693 2533 835 2605 eumque
862 2508 1037 2582 condidisti
1064 2507 1108 2581 ad
1133 2511 1312 2602 imaginem
1337 2512 1498 2603 unigeniti
1533 2507 1608 2582 Filii
1641 2513 1699 2600 tui,

328 2639 362 2701 et
385 2626 482 2701 liberi
509 2627 636 2699 arbitrii
654 2637 841 2722 compotem
868 2623 987 2699 iecisti.
1042 2625 1126 2699 Cum
1152 2647 1238 2698 vero
1265 2623 1416 2699 devictus
1444 2636 1508 2717 est,
1536 2637 1569 2699 et
1596 2630 1698 2699 exci-

328 2745 374 2827 dit
400 2768 421 2816 a
447 2743 607 2836 dignitate
628 2745 662 2814 iu
690 2765 755 2838 qua
781 2745 920 2837 primum
947 2741 1066 2830 luerat,
1094 2763 1163 2814 uon
1189 2723 1366 2815 deseruisti
1392 2765 1481 2834 oum,
1507 2745 1554 2815 ita
1579 2752 1616 2814 ut
1641 2745 1700 2815 iu-

326 2862 486 2934 firmitatis
513 2859 653 2932 stadium
680 2858 863 2931 decurrens
890 2855 933 2930 ad
958 2857 1092 2930 nibilum
1118 2856 1300 2932 recideret:
1328 2857 1389 2930 sed
1414 2856 1564 2931 Verbum
1590 2859 1700 2932 Deum

327 2979 529 3069 unigenitum
555 2974 675 3047 Filium
701 2983 789 3047 nrum
817 2976 934 3046 misisti
966 2971 1009 3046 ad
1035 2972 1175 3046 salutem
1200 2975 1355 3066 imaginis
1381 2983 1470 3063 tuae,
1496 2975 1588 3047 illum
1613 2975 1699 3048 sim-

326 3092 458 3190 plicem,
486 3094 541 3188 qui
569 3090 611 3163 ad
638 3093 912 3187 compositionem
932 3092 1041 3162 venit:
1068 3088 1158 3162 illum
1184 3086 1396 3180 invisibilem,
1425 3094 1479 3186 qui
1507 3094 1601 3164 visus
1628 3101 1699 3164 est:

327 3211 495 3304 accipiens
524 3206 764 3281 similitudinem
791 3204 948 3280 servilem
969 3215 1130 3295 nostram,
1158 3207 1213 3300 qui
1234 3203 1406 3279 descendit
1431 3209 1465 3277 iu
1492 3205 1594 3279 chaos
1621 3205 1700 3280 illud

326 3324 538 3414 mundanum,
565 3326 598 3395 in
624 3334 753 3395 uterum
779 3322 987 3415 virginalem,
1021 3321 1063 3394 ad
1090 3321 1313 3417 quaerendam
1339 3324 1553 3416 margaritam
1581 3324 1699 3395 summi

326 3443 435 3537 pretii,
463 3463 560 3535 quam
588 3440 714 3528 eduxit,
742 3449 776 3510 et
802 3441 949 3511 extraxit
975 3461 1020 3509 ex
1046 3435 1115 3511 luto
1143 3441 1286 3534 peccati,
1313 3449 1419 3511 etex
1445 3436 1568 3512 acerba
1594 3447 1699 3535 pote-

327 3565 416 3630 state
442 3557 577 3648 maligni
604 3554 761 3630 liberavit
788 3565 822 3626 et
848 3555 982 3646 eduxit,
1015 3563 1048 3626 et
1081 3555 1122 3626 ad
1157 3557 1307 3628 semitam
1345 3563 1493 3627 nostram
1528 3557 1699 3652 pristinam

325 3695 389 3746 nos
415 3673 559 3762 reduxit,
587 3671 764 3767 docuitque
791 3694 854 3745 uos
881 3675 1065 3744 orationem
1088 3669 1131 3744 ad
1156 3672 1289 3772 Patrem
1315 3682 1473 3767 tanquam
1498 3682 1697 3744 armaturam

325 3793 497 3878 victoriae,
526 3812 591 3884 qua
618 3788 857 3861 accederemus
884 3788 926 3861 ad
959 3789 1167 3879 majestatem
1193 3788 1294 3877 tuam,
1322 3798 1356 3859 et
1380 3791 1593 3861 vinceremus
1619 3807 1697 3858 ma-

326 3904 450 3998 lignum
475 3903 727 3978 iraudulentum.
781 3897 955 3997 Rogamus
989 3914 1021 3975 te
1046 3903 1191 3977 Domine
1216 3903 1309 3976 Deus
1335 3915 1452 3980 nostor
1478 3913 1514 3977 ut
1539 3902 1698 3975 citharam
1787 3955 1797 3966 .

324 4032 475 4095 nostram
503 4021 726 4118 spiritualem,
760 4043 833 4093 cum
869 4020 984 4092 decem
1021 4022 1094 4113 ejus
1121 4018 1276 4111 chordis,
1311 4019 1435 4092 liberes
1470 4017 1511 4092 ab
1545 4018 1697 4091 omnibus

325 4138 538 4232 passionibus
565 4135 753 4210 carnalibus
780 4146 814 4209 et
840 4133 1100 4228 danmabilibus,
1126 4146 1161 4208 ut
1187 4158 1262 4207 cum
1289 4134 1404 4208 decem
1430 4138 1555 4211 nostris
1582 4137 1697 4207 sensi-.

327 4251 390 4326 bus
404 4256 590 4349 corporeis
616 4264 651 4326 et
676 4251 920 4349 spiritualibus,
947 4253 1064 4324 decem
1090 4263 1271 4348 praecepta
1297 4251 1504 4346 Evangelica
1536 4260 1571 4324 et
1602 4253 1697 4342 viva,

330 4393 416 4464 quae
440 4369 571 4465 reliquit
597 4367 694 4442 nobis
721 4373 910 4463 unigenitus
944 4369 1048 4442 Filius
1074 4380 1162 4458 tuus,
1189 4377 1344 4465 tauquam
1370 4368 1608 4441 medicamenta
1634 4390 1697 4464 pro

328 4485 392 4557 illis
419 4486 674 4575 conservandis,
702 4485 879 4559 olleramus
908 4484 968 4558 tibi
990 4487 1083 4557 Deus
1109 4485 1222 4576 Pater,
1250 4494 1285 4557 et
1311 4483 1473 4559 dicamus:
1500 4485 1601 4557 Pater
1627 4507 1698 4558 no-

327 4612 397 4676 ster
423 4607 478 4698 qui
504 4624 542 4674 es
568 4601 740 4675 incaelis.

430 4719 593 4812 Populos.
646 4717 888 4810 Sanctificetur,
916 4726 978 4790 ato.

432 4834 616 4908 Sacerdos.
670 4835 767 4910 Nunc
793 4834 948 4924 Domine,
974 4856 1036 4907 nos
1063 4833 1238 4928 indignos,
1266 4846 1299 4907 et
1325 4845 1492 4925 remotos,
1522 4835 1697 4930 proximos

329 4961 363 5022 et
390 4951 593 5024 domesticos
619 4951 727 5048 fecisti
754 4951 824 5042 tibi,
852 4963 886 5026 et
910 4973 973 5050 per
991 4955 1133 5044 gratiam
1158 4959 1246 5023 mam
1273 4949 1467 5039 nabrralam,
1494 4949 1698 5023 confirmasti
1823 4967 1824 4975 ยน

327 5065 519 5141 filiationem
544 5077 707 5159 nostram,
733 5088 800 5140 uon
828 5067 1024 5164 dedignatus
1050 5069 1169 5142 vocari
1194 5068 1296 5139 Pater
1320 5076 1445 5141 noster.
1478 5065 1697 5142 sanctificasti
