4712 6032
673 607 746 684 too
1184 609 1541 687 LITURGIA

671 794 791 868 stolam
824 795 912 868 illam
945 819 1068 868 novam
1102 793 1234 888 gloriae
1267 799 1449 892 accipiant,
1485 795 1642 870 ardenter
1673 800 1927 893 concupiscunt:
1962 800 2048 872 unde

671 908 791 983 absunt
817 912 1086 1002 moestitudines,
1114 920 1148 982 et
1173 910 1230 984 ubi
1256 911 1379 1004 gaudia
1412 915 1636 1008 reperimrtur:
1671 935 1755 986 unus
1791 917 1878 986 enim
1912 918 2047 988 omnino

671 1034 705 1096 et
732 1026 823 1099 solus
850 1031 946 1100 visus
973 1037 1118 1100 estnon
1145 1029 1290 1099 irretitus
1323 1026 1537 1123 passionibus
1560 1033 1705 1124 peccati,
1734 1054 1780 1102 ex
1806 1029 1870 1103 illis
1898 1034 1953 1125 qui
1979 1029 2048 1104 hu-

670 1162 768 1212 mano
794 1163 939 1238 corpore
966 1143 1069 1214 induti
1095 1142 1244 1230 fircnmt,
1278 1142 1405 1217 scilicet
1435 1143 1536 1216 lesus
1564 1143 1715 1218 Christus
1743 1146 1905 1220 Dominus
1932 1159 2047 1220 noster

669 1259 857 1348 unigenitus
883 1259 988 1331 Filius
1015 1271 1107 1346 tuus,
1135 1280 1197 1352 per
1224 1280 1322 1352 quem
1348 1278 1412 1330 nos
1448 1263 1547 1330 etiarn
1578 1281 1753 1355 speramns
1784 1263 2046 1336 miscricordiam

669 1377 851 1466 consequi,
879 1382 941 1446 etc.

774 1489 935 1582 Populus.
964 1491 1117 1577 Quietem
1144 1498 1290 1585 praesta.

774 1603 949 1677 Sacerdos
975 1606 1112 1677 elaeusa
1137 1627 1263 1676 uocem.
1303 1602 1431 1692 Aufer,
1457 1605 1613 1694 ignosce,
1640 1613 1675 1676 et
1701 1603 1776 1676 dele
1801 1616 1943 1701 peccata
1976 1630 2045 1681 no-

670 1730 739 1793 stra
766 1721 876 1808 Deus,
913 1744 999 1816 quae
1027 1724 1250 1794 commisimus
1282 1741 1343 1815 per
1375 1721 1533 1790 remissas
1566 1721 1811 1811 cogitationes,
1844 1731 1879 1792 ιι
1910 1745 1998 1816 quae
2024 1746 2044 1795 a

670 1841 813 1933 pueritia
847 1848 963 1912 nostra
998 1838 1041 1910 ad
1076 1843 1281 1910 senectutem
1314 1856 1438 1929 usque,
1475 1847 1611 1930 aperta,
1646 1844 1679 1905 et
1711 1846 1791 1911 nota
1826 1847 1918 1925 sunt,
1952 1837 2045 1912 Deus

669 1961 804 2024 noster:
832 1953 1020 2026 voluntaria
1048 1955 1124 2024 sive
1151 1949 1386 2038 involuntaria,
1414 1972 1455 2020 ea
1475 1953 1672 2044 praesertim
1701 1949 1820 2046 quibus
1845 1955 1879 2022 in
1907 1951 2044 2025 saeculo

668 2069 742 2138 sine
768 2067 851 2155 line,
878 2067 1107 2139 condemnatio
1135 2076 1338 2162 praeparata
1366 2073 1427 2137 est.
1481 2065 1534 2136 Da
1560 2064 1660 2138 nobis
1686 2076 1720 2137 nt
1748 2065 1880 2160 quando
1903 2068 1984 2158 justi
2010 2071 2045 2138 in

669 2179 792 2253 horrea
819 2185 918 2253 tritici
945 2181 1149 2267 deferentur,
1178 2191 1211 2250 ιι
1238 2183 1328 2274 impii
1356 2183 1450 2273 qnasi
1477 2179 1575 2274 palea
1606 2179 1859 2269 comburentur,
1890 2191 1926 2253 ut
1959 2186 2045 2253 inter

670 2299 805 2387 agmina
832 2297 1031 2368 Sanctorum
1058 2305 1188 2369 tuorum
1215 2293 1388 2367 laudemus
1421 2306 1471 2386 te,
1498 2306 1632 2369 etcum
1661 2295 1804 2388 Angelis
1836 2299 1902 2369 tuis
1936 2320 2043 2369 cana-

668 2433 742 2484 mus
769 2412 936 2484 dicentes:
963 2410 1158 2485 benedictus
1186 2409 1242 2482 ifle
1269 2415 1323 2504 qui
1352 2413 1445 2482 venit
1472 2411 1514 2482 ad
1541 2411 1681 2485 salutem
1708 2421 1869 2501 nostram,
1897 2423 1931 2483 ιι
1957 2436 2044 2486 ιιιιιιι

668 2530 762 2599 venit
789 2525 830 2599 ad
857 2529 1104 2599 innovationem
1131 2537 1297 2614 nostram,
1332 2529 1426 2598 utin
1453 2525 1517 2598 hoc
1543 2530 1627 2599 sicut
1663 2537 1697 2599 et
1732 2531 1765 2598 in
1799 2525 1968 2616 omnibus,
1999 2529 2041 2601 ah

669 2639 822 2712 omnibus
849 2641 1053 2734 glorificetur
1080 2653 1113 2714 ιι
1138 2641 1290 2715 laudetur
1324 2663 1445 2713 nomen
1480 2651 1568 2714 tuum
1602 2641 1829 2716 honorandum
1864 2655 1898 2715 et
1932 2643 2044 2717 bena-

669 2753 811 2845 dictum,
839 2767 872 2828 et
898 2757 995 2830 simul
1020 2758 1154 2831 Domini
1181 2759 1288 2830 nostri
1321 2757 1405 2830 Jesu
1437 2753 1573 2846 Christi,
1605 2768 1640 2830 et
1672 2759 1814 2855 Spiritus
1847 2761 1894 2830 tui
1928 2762 2043 2846 sancti,

667 2892 772 2959 nunc,
802 2882 864 2945 ιιι.

771 2988 935 3082 Populus.
964 2988 1065 3062 Siout

772 3103 958 3176 Sacerdos.
986 3105 1070 3177 Pax.

772 3220 935 3313 Papulas.
962 3219 1107 3292 Etcum
1135 3222 1252 3314 spiritu
1279 3230 1344 3290 tuo.

773 3333 959 3406 Sacerdos.
986 3335 1240 3409 Misericordiae
1266 3335 1330 3407 Dei
1357 3338 1439 3422 sint,
1468 3344 1529 3405 otc.

771 3450 933 3544 Papulas.
960 3450 1004 3523 Et
1033 3475 1108 3524 curn
1135 3453 1251 3547 spiritu
1276 3459 1343 3521 tuo.

771 3567 959 3639 Diaconos.
985 3566 1156 3659 Angelus,
1184 3578 1247 3639 etc.

773 3683 948 3754 Sacerdos
971 3685 1106 3778 frangit
1134 3681 1298 3752 Oblatum.
1378 3679 1557 3751 Diaconos
1585 3681 1670 3750 dicit
1696 3679 1916 3751 catholicam.

911 4005 1086 4078 Sacerdos
1113 4008 1198 4077 dicit
1226 4007 1422 4076 Orationem
1448 4011 1529 4074 astte
1545 4007 1656 4078 »Pater
1682 4015 1808 4077 noster.

774 4213 867 4284 Deus
895 4215 950 4308 qui
976 4234 1038 4308 per
1065 4214 1213 4307 spiritum
1240 4222 1330 4283 tuum
1355 4210 1486 4284 locutus
1514 4233 1552 4282 es
1579 4213 1611 4281 in
1638 4209 1833 4307 Prophetis,
1869 4219 1903 4282 ιι
1936 4233 2042 4305 prae-

670 4329 789 4400 dicasti
814 4349 876 4424 per
901 4328 1088 4424 Apostolos
1116 4327 1299 4400 doctrinam
1327 4325 1538 4398 sufficientem
1567 4325 1609 4397 ad
1637 4324 1858 4422 inspirandam
1880 4323 2042 4396 mentibus

670 4447 795 4516 nostris
822 4447 1035 4540 sapientiam,
1064 4454 1097 4515 et
1123 4466 1184 4541 per
1212 4464 1272 4516 eos
1300 4439 1537 4514 commendasti
1565 4439 1642 4512 illud
1671 4441 1758 4536 quod
1786 4461 1905 4513 sensus
1938 4441 2043 4535 spiri-

670 4557 778 4630 tuales
807 4562 935 4631 animae
961 4569 1137 4655 purgaret,
1166 4572 1200 4632 ιι
1226 4558 1315 4655 quod
1342 4560 1427 4631 ostia
1455 4568 1572 4653 aperta
1603 4560 1721 4653 capitis
1754 4559 1906 4653 corporis
1939 4556 2045 4629 nostri

670 4673 859 4746 mundaret:
887 4673 1104 4749 obsecramus
1139 4687 1172 4748 ct
1204 4675 1425 4771 deprecamur
1458 4694 1604 4746 amorem
1640 4695 1724 4766 erga
1758 4673 1907 4746 homines
1940 4681 2041 4758 tuum,

670 4800 704 4862 et
731 4793 900 4863 caritatem
927 4800 1016 4866 tuam
1043 4796 1215 4881 eximiam,
1242 4801 1279 4864 ut
1306 4795 1439 4888 aperias
1466 4812 1565 4863 aures
1601 4789 1748 4864 cordium
1782 4799 1971 4862 nostrorum
2000 4782 2041 4857 ad

670 4904 867 4979 audiendam
896 4911 1081 4980 orationem
1113 4910 1338 4996 Dominicam,
1372 4929 1457 5003 quae
1487 4911 1561 5003 ipsa
1595 4916 1648 4980 est
1683 4929 1779 5002 quam
1813 4905 1976 4977 Dominus
2009 4908 2042 4970 et

669 5019 763 5093 Dens
790 5034 906 5096 noster
932 5026 1119 5115 unigenitus
1145 5021 1249 5096 Filius
1276 5034 1369 5111 tuus,
1396 5025 1530 5096 initiatis
1562 5025 1724 5119 mysterio
1759 5044 1840 5110 sno,
1873 5033 1906 5094 et
1938 5019 2041 5092 iami-
