4782 6068
624 658 680 736 DE
705 655 1094 737 utstuttlttottutt
1127 654 1370 734 mititatis.
1605 651 1681 727 569

315 846 458 920 vidimus
485 847 695 920 inmanibus
722 847 815 936 Isae,
847 846 984 918 alterius
1011 867 1056 917 ex
1082 842 1200 918 eadem
1226 840 1381 915 Ecclesia
1407 839 1682 932 fficrbekerensi,

316 987 362 1046 err
389 984 453 1058 qua
479 960 571 1033 Elias
598 969 683 1054 erat,
711 961 907 1036 sacerdotis.
932 960 1196 1036 Recentissimus
1223 962 1278 1054 qui
1304 982 1325 1031 a
1350 958 1500 1056 Josepho
1528 960 1683 1032 Patriar-

315 1079 378 1152 cha
409 1077 539 1151 Romae
572 1083 714 1176 scriptus
750 1087 802 1154 est
834 1079 985 1175 exc-eptIs
1018 1076 1082 1149 illis
1115 1071 1420 1172 interpolationibus
1456 1096 1542 1169 quae
1575 1072 1683 1146 verba

317 1195 439 1269 Christi
464 1197 607 1290 mystica
633 1203 785 1291 spectant
810 1205 844 1274 et
864 1197 979 1289 paucis
1002 1193 1087 1278 aliis,
1114 1215 1188 1266 cum
1207 1190 1336 1264 duobus
1357 1192 1471 1286 primis
1490 1193 1571 1264 satis
1593 1213 1683 1264 con·-

315 1311 481 1386 veniebat.
535 1310 685 1384 Tandem
711 1334 785 1383 cum
811 1309 915 1384 Missa
938 1306 1196 1382 Christianorum
1217 1306 1424 1380 blalabarum
1452 1309 1508 1404 qui
1534 1305 1683 1400 ejusdem

317 1428 556 1501 communionis
584 1435 700 1516 erant,
727 1425 840 1500 similis
867 1425 989 1522 ubique
1018 1427 1220 1522 reperiatur,
1254 1433 1487 1520 praeterquam
1512 1423 1569 1496 ubi
1597 1445 1684 1495 cen-

317 1567 428 1618 suram
453 1540 605 1616 Lusitani
632 1541 981 1638 exercueruntqnod
1008 1562 1197 1634 agnoscere
1222 1539 1321 1612 facile
1344 1551 1408 1628 est,
1436 1561 1482 1612 ex
1499 1542 1564 1612 ista
1582 1562 1684 1612 com-

318 1661 511 1754 paratione,
540 1683 658 1733 veram
692 1683 712 1731 a
746 1659 844 1732 nobis
876 1661 983 1731 teneri
1013 1658 1198 1750 Liturgiam
1230 1656 1464 1730 Nestorianam
1498 1654 1684 1730 firmissime

316 1773 485 1870 probatur.
612 1781 618 1788 '

288 1968 290 1972 .
420 1891 509 1964 XIIl.
536 1891 646 1963 Prima
673 1914 760 1987 qnae
784 1889 1025 1987 Apostolomm
1052 1887 1186 1974 dicitur,
1218 1890 1327 1980 magis
1353 1886 1524 1992 simplex,
1546 1888 1685 1962 aliomm
1750 1893 1852 1948 Primae
1877 1891 2007 1966 terame
2036 1893 2039 1900 '

319 2005 437 2078 Canon
464 2016 516 2079 est
543 2017 577 2078 et
602 2031 648 2080 cx
675 2030 716 2079 ea
750 2027 942 2079 communes
975 2008 1144 2079 orationes
1175 2003 1294 2076 multas
1326 2004 1487 2100 petendas
1520 2026 1616 2096 esse,
1651 2009 1685 2079 in
1715 1981 1806 2036 Μ·

319 2119 446 2196 duabus
474 2123 546 2196 aliis
574 2133 760 2212 annotatur,
787 2121 875 2218 quod
903 2122 1102 2195 observatur
1128 2124 1162 2193 in
1189 2119 1340 2193 omnibus
1367 2118 1556 2207 codicibus,
1585 2135 1685 2218 atque

318 2235 402 2310 baec
428 2242 623 2335 primaevae
652 2249 807 2335 quantum
833 2238 876 2310 ad
901 2237 975 2310 illas
997 2236 1168 2311 Ecclesiae
1193 2238 1392 2331 antiquitatis
1414 2248 1506 2310 certa
1523 2249 1603 2313 nota
1624 2250 1685 2313 εει.

317 2353 355 2426 Si
383 2358 470 2427 anim
496 2354 552 2428 illa
579 2379 665 2451 quae
699 2356 817 2428 dicitur
843 2351 1011 2427 Theodori
1036 2355 1229 2450 Interpretis
1254 2351 1422 2445 Litargia,
1453 2357 1545 2449 prius
1580 2377 1685 2429 usur-

316 2479 395 2567 pata
422 2471 550 2560 fuisset,
578 2471 704 2544 axilla
732 2470 857 2543 similes
884 2471 1053 2544 orationes
1079 2471 1215 2566 petitae,
1241 2490 1309 2540 non
1335 2491 1381 2540 cx
1408 2468 1511 2546 altera
1533 2471 1686 2562 fuissent,

319 2584 409 2680 quod
433 2591 557 2682 pariter
583 2598 618 2660 et
643 2589 762 2682 majori
789 2585 932 2682 quodam
956 2589 1033 2680 Jure
1064 2585 1136 2658 beri
1169 2583 1338 2658 debuisset
1371 2587 1459 2658 circa
1492 2611 1566 2661 eam
1600 2613 1686 2685 quae

242 2725 246 2732 ·
316 2700 476 2774 Nestorio
502 2702 662 2778 tribuitur.
699 2705 828 2778 Desunt
854 2712 964 2774 tamen
992 2705 1025 2773 in
1051 2703 1173 2776 nostris
1200 2698 1371 2774 codicibus
1398 2703 1576 2778 nonnullae
1603 2724 1688 2778 ora-

317 2821 438 2908 tiones,
466 2841 602 2915 quarum
629 2824 758 2918 primae
785 2828 908 2892 tantum
934 2839 1041 2891 voces
1067 2816 1276 2907 referuntur,
1302 2839 1423 2914 nempe
1450 2820 1525 2914 quia
1553 2822 1687 2892 recitari

311 2933 441 3007 'debent
467 2958 487 3006 a
513 2935 689 3025 Diacono,
724 2944 758 3007 et
790 2937 825 3006 in
853 2934 925 3008 aliis
951 2934 1043 3008 libris
1069 2937 1295 3030 reperiuntur:
1331 2934 1509 3030 plerasque
1540 2957 1686 3031 reprac-

318 3060 427 3123 sentnt
463 3051 569 3123 Missa
605 3051 827 3125 Malabarica:
861 3060 895 3121 et
934 3061 1088 3145 quantum
1123 3073 1170 3122 ex
1202 3048 1330 3122 illarum
1370 3050 1513 3124 lectione
1547 3049 1687 3144 intelligi

180 3165 183 3170 '
266 3159 271 3165 ’
320 3175 443 3261 potest,
469 3164 543 3261 plus
570 3167 693 3242 babent
718 3168 889 3256 novitatis,
916 3187 990 3237 cnm
1017 3168 1046 3237 si
1073 3163 1204 3261 qnando
1226 3161 1538 3262 prolixiores'sunt‚
1559 3165 1687 3238 decor.

319 3292 395 3353 rant
421 3282 510 3380 stylo
537 3283 594 3358 illo
621 3282 739 3357 florido
766 3293 800 3356 et
825 3282 993 3372 verboso,
1027 3285 1080 3377 qui
1108 3280 1330 3355 Orientalibus
1359 3283 1405 3353 ita
1431 3279 1556 3376 placet,
1590 3292 1626 3355 nt
1651 3287 1686 3356 in

321 3418 363 3469 co
388 3402 601 3497 praecipuam
629 3399 840 3496 eloquentiae
865 3407 993 3497 partem
1020 3401 1228 3471 constituant
1275 3399 1313 3470 ln
1340 3396 1489 3490 ejusdem
1514 3397 1687 3491 Liturgiae

320 3514 396 3604 fine,
419 3517 599 3590 secundum
624 3516 777 3589 Latinam
799 3518 1004 3604 versionem,
1027 3514 1277 3588 benedictiones
1297 3525 1476 3587 occurrunt
1497 3517 1578 3588 satis
1598 3539 1686 3612 pro-

319 3631 428 3721 lixae,
470 3655 552 3727 quas
589 3631 734 3707 Codices
768 3634 873 3706 nostri
909 3653 976 3704 non
1011 3641 1281 3726 repraesentant:
1314 3629 1375 3704 sed
1411 3652 1525 3702 aarum
1558 3631 1686 3729 aliquas

309 3769 428 3848 ,parvo
457 3757 513 3820 aut
539 3752 664 3842 exiguo
693 3749 893 3838 discrimine,
920 3746 1092 3839 adjunctas
1119 3749 1302 3842 reperimus
1328 3750 1362 3820 in
1387 3745 1453 3820 fine
1478 3751 1596 3822 tertiae
1622 3749 1688 3821 Li-

320 3865 451 3955 tnrgiae
478 3868 552 3938 sive
578 3865 739 3940 Nestorii:
771 3886 838 3936 non
871 3885 929 3936 eas
957 3873 1066 3935 tamen
1094 3860 1194 3934 babet
1221 3861 1342 3937 Codex
1367 3863 1506 3961 Josepbi
1532 3867 1687 3940 Patriar-

320 3977 412 4051 chae.
474 3979 743 4056 Verbosissimac
770 3988 861 4070 sunt,
888 3989 921 4051 et
955 3978 1214 4052 obscurissimae
1246 3981 1355 4054 multis
1388 3985 1422 4054 in
1456 3982 1558 4074 locis,
1597 3983 1687 4079 quod

319 4097 475 4168 novitatis
501 4095 654 4169 indicium
681 4107 743 4170 εει.
794 4098 842 4171 At
867 4119 942 4168 cum
968 4098 1002 4167 in
1028 4116 1090 4184 usu
1117 4105 1231 4169 essent
1261 4095 1347 4192 apnd
1373 4095 1544 4172 Ecclesiae
1570 4099 1686 4171 Mala»-

318 4208 469 4292 baricas,
504 4214 642 4286 nonita
668 4235 780 4287 novae
808 4210 999 4286 censendae
1025 4222 1116 4302 sunt,
1151 4215 1228 4306 quin
1260 4216 1542 4308 septingentorum
1569 4215 1686 4288 saltem

320 4348 481 4400 annorum
508 4331 730 4423 antiquitatem
757 4337 922 4425 superent.
962 4329 1103 4425 Reliqua
1134 4331 1176 4404 ad
1202 4331 1287 4405 banc
1312 4332 1496 4426 Liturgiam
1522 4345 1686 4431 spectan-

318 4446 378 4532 tia,
405 4448 439 4517 in
465 4450 553 4518 notis
580 4443 841 4540 explicabuntur.

423 4559 513 4633 XIV.
540 4559 694 4634 Secunda
721 4569 774 4635 est
799 4560 967 4638 Theodori
993 4564 1184 4658 InterpretIs
1212 4587 1272 4638 seu
1297 4566 1541 4662 blopsnesteni,
1576 4589 1687 4663 quam,
1751 4583 1879 4640 remcort
1896 4585 2009 4657 ιιιιιιςιι

318 4687 355 4748 ut
381 4697 426 4748 ex
453 4675 592 4772 Synodo
619 4678 852 4773 Dinmperensi
878 4678 1083 4772 intelligitur,
1114 4677 1299 4754 babuerunt
1331 4704 1463 4778 quoque
1495 4682 1685 4758 Malabares
1698 4669 1814 4728 ⁰¹⁰⁶⁰¹⁰
1831 4673 1941 4727 encrat
1957 4690 2009 4728 '¹⁰¹²

320 4790 521 4865 Nestoriani.
568 4793 615 4866 At
639 4815 748 4889 neque
774 4794 925 4868 Diodoro
952 4796 1152 4892 adscriptam
1178 4796 1264 4869 illem
1291 4796 1408 4889 luisse,
1435 4810 1491 4872 ant
1517 4800 1686 4873 diversam
1700 4755 1784 4814 Μ

321 4906 459 4980 alteram
486 4908 573 4981 illius
599 4911 732 4982 nomine
759 4914 909 4984 extitisse
942 4911 1027 5008 apud
1054 4911 1292 5004 Nestorianos,
1324 4913 1391 4988 ullo
1425 4915 1484 4987 vel
1514 4915 1686 4991 levissimo

318 5023 441 5096 indicio
467 5034 568 5120 patet
621 5023 802 5120 Utrumque
830 5025 1040 5120 distinguunt,
1067 5040 1101 5101 ει
1127 5032 1297 5126 utriusque
1322 5033 1533 5122 memoriam,
1560 5044 1596 5105 nt
1621 5055 1686 5104 su-

319 5161 381 5234 pra
409 5139 564 5234 diximus,
590 5144 675 5214 inter
701 5139 819 5216 Patres
847 5141 997 5219 Graecos
1024 5141 1213 5219 celebrant:
1241 5145 1301 5221 sed
1317 5147 1502 5221 Diodorum
1528 5152 1686 5244 scriptam
