4814 6060
586 637 772 718 tunitii
796 634 1126 718 Pltnttttottltt
1157 636 1452 718 Atttocttttttt.
1626 638 1702 714 537

432 827 593 922 Populus.
645 826 739 900 Unus
765 828 868 900 Pater
894 833 1038 900 sanctus.

431 943 616 1016 Sacerdos.
669 942 765 1016 Nunc
791 944 933 1016 Domirm
960 941 1225 1039 quandoquidem
1250 945 1342 1016 viam
1367 941 1529 1016 silvosam
1556 949 1589 1014 ct
1616 964 1703 1015 sen·-

326 1059 415 1132 tibus
440 1060 573 1156 plenam
600 1081 688 1156 quae
721 1069 864 1155 purgato
897 1068 969 1148 est,
1004 1057 1133 1131 calcata
1168 1057 1210 1132 ab
1244 1059 1415 1151 unigenito
1449 1068 1527 1147 tuo,
1561 1057 1703 1153 podibus

326 1177 495 1249 interioris
521 1175 663 1256 hominis
689 1177 795 1248 nostri
822 1173 1048 1266 calcavimus,
1075 1183 1110 1247 et
1135 1173 1392 1262 ambulavimus,
1426 1184 1461 1246 et
1492 1175 1548 1270 qui
1579 1177 1701 1267 januas

327 1290 458 1368 clausas
484 1301 746 1388 perseveranter
768 1293 866 1385 juxto
893 1289 973 1364 illud
1008 1313 1028 1362 a
1063 1299 1097 1363 te
1132 1291 1265 1380 dictum,
1297 1290 1434 1363 Pulsate
1467 1301 1502 1363 et
1535 1293 1703 1388 aperietur

325 1408 444 1498 vobis,
471 1407 695 1506 pulsavimus,
721 1404 885 1502 nobisque
918 1416 1056 1503 apertae
1091 1418 1183 1496 sunt,
1219 1414 1255 1480 et
1282 1405 1474 1503 paradisum
1506 1406 1597 1480 illum
1626 1429 1700 1480 vo-

325 1524 461 1621 luptatis
491 1525 634 1622 patriam
668 1533 819 1596 nostram
855 1525 1040 1619 antiquam,
1075 1545 1121 1596 ex
1156 1546 1220 1620 qua
1257 1520 1386 1618 deptdsi
1419 1521 1609 1614 iuommuS,
1644 1521 1700 1594 illa

325 1663 433 1732 voce,
459 1640 598 1731 Venite,
624 1639 795 1712 ascendite
822 1648 857 1710 ct
881 1636 1087 1712 haereditate
1114 1642 1256 1736 accipito
1280 1661 1423 1731 regumn
1448 1640 1614 1732 coeleste,
1640 1640 1700 1710 in-

326 1759 436 1851 gressi
462 1777 576 1831 sumus
602 1763 637 1828 et
661 1753 867 1827 haereditata
880 1758 1083 1852 accepimus,
1109 1766 1144 1828 et
1165 1779 1212 1829 ex
1229 1755 1322 1850 ligno
1336 1759 1441 1844 vitae,
1468 1759 1563 1849 eujus
1586 1775 1699 1850 appe-

325 1877 442 1946 titione
467 1892 575 1966 genus
600 1869 809 1943 humanitatis
834 1880 973 1944 nostrae
1000 1871 1177 1969 expulsum
1202 1871 1329 1955 fuerat,
1362 1894 1425 1969 per
1456 1869 1554 1962 illud,
1588 1870 1700 1944 Aeci-

326 1993 413 2087 pite,
448 1987 537 2060 edite
568 2007 691 2084 corpus
722 2009 850 2077 meum,
882 1997 915 2059 et
949 1985 1052 2060 bibite
1088 1990 1285 2081 sanguinem
1317 2009 1447 2079 meum,
1480 1985 1627 2072 edimm,
1666 1993 1701 2056 et

283 2097 287 2105 ’
327 2104 450 2202 epulati
476 2125 599 2178 sumus.
653 2103 780 2190 Quint
806 2103 851 2176 dii
877 2124 1030 2178 essemus
1063 2113 1215 2202 ternpore
1247 2125 1315 2176 non
1347 2123 1499 2198 congruo
1531 2100 1700 2189 volentes,

324 2244 413 2295 nunc
438 2219 525 2292 idem
552 2222 724 2294 consecuti
749 2241 863 2292 sumus
888 2242 950 2315 per
976 2218 1075 2310 illud,
1100 2221 1256 2317 Accipite
1281 2219 1438 2317 Spiritum
1466 2229 1627 2306 sanctum,
1654 2218 1699 2289 dii

280 2323 283 2330 ’
327 2348 361 2409 et
387 2336 489 2410 divini
513 2335 602 2410 iacti.
655 2336 720 2423 Qui
746 2335 836 2408 illam
862 2338 1077 2426 senteutiam,
1112 2335 1291 2429 Egredere
1322 2335 1365 2408 ad
1395 2346 1519 2408 terram
1552 2333 1698 2408 maledi-

325 2457 488 2543 ctionum,
513 2475 603 2526 nova
630 2452 693 2525 hae
719 2454 868 2539 mutasti,
894 2451 985 2525 Volo
1012 2462 1048 2524 nt
1073 2449 1129 2525 ubi
1157 2475 1223 2546 ego
1251 2475 1342 2542 sum,
1368 2451 1436 2524 illio
1469 2459 1504 2524 et
1535 2452 1600 2546 ipsi
1634 2453 1700 2524 sint

324 2591 475 2643 mecum:
502 2581 536 2642 et
561 2572 606 2641 ita
632 2577 756 2667 terram
781 2571 890 2660 vitae,
917 2590 1004 2663 quae
1030 2571 1187 2641 mentium
1213 2579 1403 2642 creatarum
1429 2577 1563 2664 captum
1589 2589 1699 2664 supe-

324 2696 397 2776 rat,
428 2685 635 2758 haereditate
670 2697 842 2782 acceptam
874 2683 1095 2781 possidemus.
1149 2684 1237 2771 Quid
1270 2683 1369 2759 nobis
1409 2686 1570 2780 suppetit,
1610 2683 1700 2779 quod

325 2799 545 2875 retribuamus
573 2801 649 2892 tibi,
675 2822 738 2895 pro
766 2799 977 2896 amplissimis
1004 2822 1088 2894 erga
1114 2821 1178 2874 nos
1203 2800 1376 2875 beneficiis
1403 2803 1486 2889 trris,
1510 2803 1596 2896 'quia
1621 2797 1702 2872 nibil

324 2939 430 3015 penes
468 2939 532 2991 nos
565 2915 732 3011 estquod
759 2940 779 2988 a
805 2925 839 2988 te
865 2938 935 2988 non
967 2918 1010 2990 sit
1043 2907 1226 3011 acceptum.
1280 2915 1430 3012 Gloriam
1461 2914 1520 2988 tibi
1554 2938 1601 2988 ex
1635 2918 1699 2988 tuis

325 3033 512 3106 referemus
539 3033 613 3122 tibi,
639 3055 701 3127 pro
728 3034 911 3125 gratiarum
938 3035 1070 3106 actione
1102 3035 1238 3123 nosue,
1273 3032 1525 3121 adorationem,
1562 3030 1699 3104 exalta-

327 3153 452 3224 tionem
487 3159 522 3222 ct
553 3147 686 3222 laudem
721 3147 901 3222 secundum
944 3147 1198 3244 possibilitatem
1232 3149 1427 3223 infirmitatis
1465 3157 1604 3221 nostrae
1640 3144 1699 3220 tibi

326 3268 515 3354 oderimus,
542 3275 577 3338 et
601 3267 773 3358 unigenito
799 3263 884 3337 Filio
911 3271 987 3356 tuo,
1014 3275 1049 3337 et
1073 3263 1211 3362 Spiritui
1237 3247 1293 3339 tuo
1320 3267 1542 3339 sanctissimo.

435 3381 599 3476 Populos.
651 3382 771 3456 Amen.

429 3498 615 3571 Sacerdos.
667 3498 752 3570 Pax.

428 3615 591 3710 Populus.
643 3613 788 3688 Etcum
816 3615 932 3711 spiritu
957 3623 1025 3687 tuo.

429 3730 618 3804 Diaconos.
669 3731 762 3803 Post.
948 3725 952 3734 '

428 3845 590 3940 Populum.
643 3847 768 3920 Coram
794 3856 838 3920 te.
1083 3919 1090 3934 ,

428 3961 613 4035 Sacerdos.
666 3963 768 4035 Panis
795 3964 953 4037 eoelestis
981 3961 1113 4038 Christe
1138 3963 1252 4050 Deus,
1280 3961 1336 4056 qui
1356 3981 1403 4032 ex
1420 3956 1615 4032 abscondita
1628 3981 1697 4031 na-

326 4089 410 4152 tura·
425 4079 533 4154 Patris
560 4081 607 4152 tui
633 4076 775 4173 gloriosi
802 4091 894 4152 ortus
922 4103 960 4154 es
979 4079 1067 4176 apud
1093 4077 1245 4152 thronum
1260 4078 1445 4169 majestatis
1461 4097 1562 4166 suae,
1588 4074 1697 4148 factus

325 4194 421 4268 cibus
435 4193 642 4288 Angelorum
671 4217 736 4292 quo
763 4195 947 4270 confirmati
972 4194 1120 4270 buerunt:
1148 4197 1204 4292 qui
1228 4193 1349 4266 deinde
1376 4192 1588 4266 advolastis
1615 4191 1697 4266 sede

326 4312 456 4404 gloriae
482 4314 574 4403 ejus,
601 4321 805 4384 nontamen
833 4309 876 4384 ab
903 4333 946 4386 eo
974 4313 1119 4388 divisus:
1145 4310 1320 4407 factusque
1346 4332 1385 4384 es
1411 4310 1507 4406 panis
1529 4299 1698 4381 hominum

324 4429 552 4518 terrestrium,
579 4448 645 4523 quo
672 4426 795 4523 epulati
821 4431 907 4519 sint,
944 4428 1210 4525 descendistique
1245 4429 1280 4498 in
1314 4425 1477 4522 abyssum
1511 4421 1697 4495 mortalium

323 4539 513 4629 hominurn,
540 4545 616 4638 quia
642 4543 700 4616 tibi
727 4547 772 4617 ita
798 4547 907 4618 visum
940 4556 1010 4618 est:
1042 4545 1129 4617 unde
1163 4543 1301 4616 odorem
1335 4545 1427 4614 vitae
1460 4549 1696 4637 perceperunt,

324 4661 419 4750 cujus
444 4656 609 4734 benelioio
635 4663 785 4733 suscitati
811 4671 896 4734 sunt.
948 4661 1057 4734 Visita
1083 4663 1227 4735 Domine
1259 4669 1293 4732 et
1326 4657 1461 4732 vivifica
1493 4679 1556 4754 per
1587 4660 1697 4729 mise-

324 4774 500 4848 ricordiam
528 4774 587 4848 tibi
611 4781 846 4869 congenitam,
872 4776 960 4851 lilios
985 4777 1162 4851 Ecclesiae
1188 4786 1265 4849 tuae
1292 4783 1429 4850 sanetae
1456 4796 1553 4869 quam
1572 4777 1695 4871 acqui-

325 4892 434 4964 sivisti
460 4895 623 4982 sanguine
648 4902 706 4965 tuo
734 4892 885 4982 salutari,
914 4903 949 4966 et
973 4896 1065 4966 mitte
1091 4915 1194 4990 super
1210 4913 1271 4965 eos
1289 4889 1555 4964 benedictionem
1577 4887 1695 4962 assde

325 5006 456 5099 gloriae
483 5018 580 5098 tuae,
608 5011 683 5103 quia
709 5013 742 5081 in
768 5013 885 5106 spiritu
911 5009 1092 5084 humilitate
1119 5020 1154 5082 et
1180 5007 1283 5083 corda
1308 5008 1473 5096 contrito,
1499 5001 1597 5076 flexis
1623 5024 1694 5095 ge-

324 5120 422 5198 nibus
449 5124 669 5220 dcprecamur
694 5135 746 5218 tc,
772 5137 808 5200 ut
840 5130 925 5199 sicut
957 5149 1019 5202 eos
1047 5127 1187 5219 creasti,
1220 5123 1377 5218 salvasti,
1413 5132 1447 5196 et
1479 5123 1696 5217 acquisivisti,
