4728 6028
601 618 1282 700 tinusctnrnruin.
1394 721 1401 732 .
1552 615 1624 692 159

424 929 599 1003 Sacerdos
620 933 754 1023 transit
780 929 937 1000 oblatam.
992 927 1112 998 Oratio
1140 928 1186 998 ad
1211 927 1312 999 Pater
1337 935 1462 1002 noster.

365 1136 593 1233 Deprecamur
619 1137 903 1233 teneamur,
931 1133 1135 1223 consolator,
1162 1142 1196 1204 et
1222 1131 1427 1206 confortator
1448 1132 1624 1205 infirmita-

260 1255 303 1326 tis
330 1264 487 1342 nostras,
519 1251 654 1347 purifica
680 1273 743 1324 nos
770 1251 812 1326 ab
840 1254 929 1324 omni
954 1248 1154 1322 immunditia
1188 1250 1380 1342 iniquitatis,
1415 1259 1449 1321 et
1481 1251 1625 1346 peccati,

262 1378 297 1440 et
323 1371 456 1463 suscipe
482 1366 542 1441 has
570 1366 774 1456 oblationes,
802 1389 884 1460 quas
910 1389 972 1462 pra
999 1367 1147 1464 peccatis
1179 1367 1322 1452 nostris,
1357 1361 1415 1436 tibi
1446 1363 1624 1451 offerimus,

261 1494 298 1554 nt
323 1505 388 1555 uno
417 1483 602 1579 eodemque
629 1485 756 1578 spiritu,
783 1481 963 1556 clamemus
990 1482 1033 1554 ad
1048 1493 1097 1570 te,
1125 1501 1270 1572 oremus,
1297 1479 1626 1568 etdicamus,Pate1·

260 1608 378 1673 noster
404 1602 459 1695 qui
485 1621 523 1671 es
549 1603 582 1672 in
609 1599 723 1671 coelis.

366 1715 527 1810 Popotas.
579 1713 817 1788 Sanctificetur.

366 1829 549 1904 Sacerdos.
589 1830 682 1904 Deus
707 1831 864 1923 henigne,
890 1853 933 1902 ne
958 1830 1094 1903 inducas
1120 1850 1185 1904 nos
1210 1831 1244 1900 in
1271 1830 1484 1901 tentationum
1511 1849 1624 1924 expe-

261 1949 414 2037 rimenta,
442 1950 518 2042 quia
544 1948 698 2018 virtutem
725 1968 792 2019 non
818 1945 976 2019 habemns
1004 1945 1045 2016 ad
1072 1945 1309 2018 sustinendum:
1337 1944 1397 2016 sed
1411 1965 1474 2040 pro
1487 1947 1625 2018 miseri-

261 2061 377 2135 cordia
404 2073 459 2134 tua
486 2083 625 2155 magna,
663 2066 775 2157 eripe,
809 2070 844 2133 et
869 2062 963 2136 salva
989 2083 1053 2135 nos
1081 2060 1122 2133 ab
1155 2059 1307 2133 onmihus
1342 2059 1450 2156 plagis
1485 2059 1625 2150 iirroris;

262 2181 340 2274 quia
367 2187 423 2251 tua
449 2188 500 2250 est
525 2183 689 2274 potentin,
717 2189 751 2250 et
776 2199 933 2271 regnum,
968 2187 1002 2250 et
1027 2175 1084 2248 tibi
1110 2176 1268 2270 gloriam,
1302 2186 1336 2249 et
1365 2174 1496 2250 laudem
1527 2176 1625 2249 reie-

261 2297 374 2368 rimus.

366 2411 528 2504 Populos.
581 2412 699 2484 Amen.
1145 2499 1147 2504 Ι

365 2526 550 2599 Sacerdos.
603 2529 686 2600 Pax.
893 2525 1054 2618 Populos.
1108 2524 1151 2597 m
1177 2548 1261 2598 cum.

366 2643 553 2717 Diaconos.
606 2643 774 2715 inclinate.

366 2759 549 2835 Sacerdos.
602 2759 748 2830 Benedic
775 2760 918 2831 Domine
943 2760 1036 2830 Deus
1070 2778 1212 2847 servos,
1244 2768 1278 2829 et
1310 2756 1503 2831 adoratores
1539 2768 1627 2848 tuos,

264 2881 318 2974 qui
345 2880 538 2962 animarum,
565 2887 599 2948 et
625 2898 802 2972 corpomm
828 2872 914 2946 colla
940 2895 1054 2946 coram
1082 2883 1115 2945 te
1142 2873 1354 2962 demiserunt,
1382 2885 1416 2946 et
1440 2884 1474 2946 te
1500 2873 1627 2971 depre-

228 3007 235 3017 '
264 3005 389 3068 cantur.
443 2994 573 3086 Dignos
601 2992 693 3064 effice
717 2991 792 3065 iilos
818 2990 981 3080 Domine,
1006 2990 1235 3065 misericordia
1262 3000 1329 3081 tua,
1356 3001 1390 3062 et
1414 2993 1514 3062 venia
1540 3013 1627 3064 suo-

263 3133 354 3198 rum,
379 3118 636 3203 nostrorumque
662 3118 893 3203 peccatorum,
925 3111 1001 3203 quia
1032 3107 1154 3179 multae
1180 3105 1429 3180 misericordiae
1455 3115 1489 3178 et
1514 3109 1628 3180 omni-

263 3234 384 3321 potens
412 3237 445 3298 tu
473 3247 527 3313 es,
554 3234 588 3296 et
613 3224 669 3296 tibi
697 3223 838 3315 gloriam
863 3221 1050 3312 referimus,
1077 3234 1138 3296 etc.

368 3340 529 3434 Populos.
580 3341 701 3414 Amen.

369 3458 552 3534 Sacerdos.
604 3458 687 3528 Pax.
894 3453 1055 3546 Papaias.
1092 3453 1150 3526 'Et
1175 3475 1259 3526 cum.
1340 3455 1349 3496 i

368 3572 552 3645 Sacerdos.
605 3571 664 3645 Sit.

368 3689 557 3761 Diaconos.
611 3685 694 3760 Cum
721 3689 848 3759 timore.

369 3804 553 3876 Sacerdos.
607 3803 730 3876 Sancta
757 3805 890 3896 sanctis.

370 3923 530 4018 Populos.
582 3923 677 3996 Unus
702 3925 804 3995 Pater
829 3932 973 3994 sanctus.

371 4041 558 4115 Diaconos.
609 4039 742 4113 Stemus
769 4039 936 4111 decenter.

572 4365 750 4438 Sacerdos.
806 4364 926 4438 Oratio
948 4367 1323 4460 postcommunionem.

372 4572 577 4648 confitemur
602 4571 679 4660 tibi,
706 4570 865 4660 Domine,
892 4583 926 4644 et
950 4573 1077 4666 gratias
1109 4573 1236 4664 agimus
1270 4566 1328 4640 tibi
1358 4567 1453 4661 hujus
1485 4570 1629 4640 muneris

269 4713 371 4764 causa
399 4713 465 4786 quo
492 4713 556 4762 nos
582 4687 703 4777 beasti,
729 4688 807 4761 licet
831 4687 994 4781 indignos.
1037 4686 1090 4760 Ne
1117 4689 1267 4783 imponas
1294 4684 1390 4757 nohis
1416 4694 1630 4780 peccatorum

268 4815 457 4880 nosuorum
482 4805 655 4901 pudorem,
682 4803 744 4876 sed
770 4807 863 4900 eripe
888 4825 952 4876 nos
972 4827 991 4876 a
1012 4800 1179 4899 spiritibus
1197 4798 1411 4889 adversariis,
1437 4799 1629 4894 qmuohis-
1711 4887 1720 4912 ⁹

269 4943 343 4995 oum
369 4921 601 5008 colluctantur,
635 4931 670 4992 et
694 4941 759 4994 una
785 4942 873 4994 voce
898 4919 1080 4994 reseremus
1108 4895 1163 4991 riti
1190 4918 1349 5010 gloriam,
1382 4927 1446 4990 etc.

370 5037 532 5132 Papam.
558 5037 677 5114 Amen
1063 5037 1073 5052 ⁸
