4782 6068
589 653 647 732 DE
678 649 1079 731 NESTORIdllORllll
1113 647 1356 727 LITURGIIS.
1566 643 1642 720 577

272 845 346 914 dito
368 848 508 937 socrat:
533 863 642 936 neque
676 841 769 912 illam
801 839 1044 934 Apostolorum
1078 841 1262 925 reveritus,
1293 858 1403 930 aeque
1437 835 1481 906 D.
1517 834 1644 908 Basilii

271 961 390 1052 Magni
416 963 453 1030 im
480 959 597 1030 eodem
623 960 747 1052 spirita
774 959 993 1048 conscriptae
1020 957 1189 1024 rationem
1215 953 1317 1024 ullam
1351 951 1541 1024 labendum
1569 974 1643 1024 erse

251 1084 253 1095 ¹
263 1076 445 1169 judicans:
475 1079 512 1145 io
545 1096 613 1168 otro
646 1073 842 1168 Anoplroro
873 1070 1089 1164 dlospltemiis
1111 1073 1229 1163 potios
1256 1092 1354 1163 quom
1376 1068 1539 1160 procidus
1566 1066 1643 1138 Sa-

273 1215 365 1262 crum
394 1192 551 1285 Officium
576 1191 730 1284 replevit.
783 1187 839 1260 Ex
866 1210 908 1259 eo
936 1188 1125 1260 testimonio
1151 1183 1290 1278 intelligi
1322 1195 1433 1281 potest
1459 1184 1642 1276 Liturgiam
1738 1271 1744 1280 .

273 1306 451 1381 Theodoro
484 1308 683 1402 adscriptam
720 1303 860 1377 Graecis
894 1307 1097 1396 incognitam
1129 1324 1196 1375 non
1231 1301 1354 1392 luisse,
1389 1323 1498 1397 neque
1534 1311 1643 1373 tamen

274 1426 435 1496 autoritas
468 1422 618 1510 Leontii,
652 1424 707 1517 qui
736 1431 815 1518 post
848 1429 899 1494 tot
930 1441 1035 1492 anuos
1072 1417 1257 1505 scribebat,
1289 1418 1410 1512 probat
1436 1417 1643 1508 sufficienter,

274 1542 491 1634 compositam
518 1537 608 1610 illam
635 1538 676 1611 ab
704 1559 747 1611 eo
775 1537 891 1628 luisse,
918 1535 979 1610 sed
995 1533 1308 1624 illudsolummodo,
1336 1534 1425 1630 quod
1452 1535 1643 1627 talisvulgo

273 1655 416 1727 ferretur
442 1654 530 1751 apud
558 1658 630 1748 ejus
657 1663 845 1728 sectatores
871 1656 994 1750 opinio.
1048 1651 1146 1740 Quod
1174 1648 1287 1744 adjicit
1312 1649 1484 1739 Leontina,
1511 1650 1644 1746 plenam

274 1770 377 1844 finisse
404 1770 492 1842 illam
522 1769 756 1866 blasphemiis,
788 1776 816 1844 si
849 1793 968 1844 verum
996 1780 1062 1843 est:
1098 1767 1197 1841 aliam
1228 1766 1361 1839 viderat
1394 1765 1436 1840 ab
1472 1790 1512 1840 ea
1547 1791 1645 1862 quam

274 1885 467 1960 Nestoriani
496 1886 562 1958 huc
595 1909 700 1983 usque
733 1897 889 1975 serrant,
930 1907 1137 1982 magnopere
1178 1885 1366 1968 diversam,
1403 1906 1478 1956 cum
1510 1895 1646 1978 praeter

275 2026 375 2077 unum
403 2025 500 2097 quem
528 2025 630 2097 supra
657 2001 873 2076 indicarimus
899 2003 1023 2090 locum,
1051 2001 1138 2098 quod
1165 2001 1209 2074 ad
1234 2000 1388 2074 haeresin
1417 1998 1645 2073 insinuandam
1719 1991 1722 1998 ’

276 2127 432 2216 spectare
457 2117 611 2190 videatur
636 2117 713 2190 nihil
740 2122 773 2191 iu
799 2118 903 2192 tribus
930 2126 1099 2215 appareat.

382 2233 469 2321 Quid
494 2257 556 2329 per
569 2234 810 2329 Apostolorum
829 2235 1012 2327 Liturgiam
1040 2234 1268 2327 designaverit
1285 2233 1458 2324 Leontius,
1486 2239 1516 2308 si
1529 2234 1645 2309 Grae·
1657 2245 1782 2382 unffi
1799 2243 1970 2386 mpig-

276 2373 392 2424 corum
419 2349 625 2422 traditionem
654 2353 832 2446 sequimur,
868 2373 1056 2444 agnoscere
1086 2350 1187 2423 lacile
1220 2372 1288 2424 non
1322 2362 1391 2425 est:
1426 2352 1523 2426 talem
1558 2359 1644 2426 enim
1658 2423 1717 2468 m..

276 2471 341 2564 ipsi
366 2466 487 2540 nullam
515 2465 648 2557 habent,
675 2466 823 2563 solisque
853 2467 966 2540 Basilii
1000 2478 1034 2541 et
1061 2466 1293 2562 chrysostomi
1318 2466 1476 2560 Liturgiis
1503 2479 1645 2543 utuntur.

276 2582 365 2658 Nihil
391 2584 491 2674 igitar
517 2587 654 2680 propius
682 2595 746 2672 est,
773 2606 871 2679 quam
903 2594 1007 2656 uteo
1034 2585 1168 2656 nomine
1194 2581 1394 2675 intelligatur
1427 2607 1467 2656 aa
1501 2589 1645 2682 quaein
1688 2617 1693 2626 ·

277 2700 552 2773 Nestorianorum
581 2700 761 2774 codicibus
788 2703 894 2796 prima
911 2708 945 2771 et
960 2701 1141 2796 praecipua
1168 2709 1230 2788 est
1257 2724 1277 2772 a
1305 2715 1375 2795 qua
1397 2701 1519 2774 multae
1546 2726 1647 2776 com-

277 2836 394 2890 munes
422 2819 592 2889 orationes
619 2820 687 2911 peti
714 2815 851 2888 debent:
887 2838 985 2912 quam
1013 2826 1123 2887 tamen
1150 2814 1326 2888 Nestorius
1362 2827 1418 2889 aut
1451 2821 1647 2914 quicumque

277 2932 363 3006 illius
389 2937 523 3005 nomine
554 2932 739 3025 Liturgiam
774 2934 979 3029 composuit,
1011 2952 1078 3003 non
1113 2934 1249 3027 insuper
1280 2930 1408 3020 habuit,
1443 2945 1500 3006 aut
1531 2959 1647 3030 parum

278 3052 444 3122 reveritus
472 3061 540 3150 est,
563 3069 637 3120 cum
665 3071 759 3122 suam
786 3049 830 3120 ad
863 3051 1069 3146 primaevum
1096 3047 1175 3120 illud
1202 3049 1376 3144 exemplar
1406 3051 1647 3124 accommoda-

279 3169 377 3238 verit.
431 3165 484 3237 De
510 3166 623 3237 Basilii
649 3164 809 3257 Liturgia,
838 3168 932 3260 quasi
964 3164 1075 3258 legem
1101 3168 1329 3252 necessariam
1360 3187 1533 3238 sacrorum
1559 3189 1648 3238 con-

278 3285 391 3370 tineat,
418 3291 515 3354 vetus
543 3292 596 3354 ast
623 3281 828 3354 Graecorum
855 3284 1077 3355 recentiorum
1103 3284 1235 3371 naenia,
1263 3304 1360 3377 quam
1389 3281 1552 3354 adversus
1573 3281 1649 3353 La-

280 3400 369 3469 tinos
396 3397 568 3471 fastidiose
595 3399 743 3493 Symeon
771 3397 1084 3472 Thessalonicensis
1119 3401 1276 3490 ingerere
1303 3397 1408 3485 solet,
1445 3397 1649 3472 calumniose

280 3518 478 3588 nonninus
506 3517 791 3611 quamimperite.
844 3516 951 3587 Porro
988 3497 1113 3610 siper
1137 3515 1320 3607 Liturgiam
1347 3513 1588 3612 Apostolorum
1616 3518 1649 3586 in

278 3629 394 3702 verbis
421 3630 563 3718 Leontii,
590 3633 697 3728 prima
725 3654 838 3703 earum
873 3653 956 3726 quas
988 3629 1180 3702 Nestoriani
1213 3629 1334 3702 habent
1366 3629 1504 3723 intelligi
1538 3629 1649 3720 debet,

279 3744 386 3818 forma
413 3757 510 3819 vetus
539 3745 710 3840 Liturgiae
743 3746 927 3844 Syriacae,
962 3746 1067 3842 qualis
1102 3750 1135 3818 in
1168 3745 1332 3819 Ecclesiis
1363 3748 1649 3844 Mesopotamenis

280 3870 356 3931 ante
384 3865 523 3935 scissam
549 3863 825 3968 Ecclesiam-per
852 3863 1126 3936 Nestorianorum
1160 3863 1314 3936 haeresin
1341 3865 1583 3961 usurpabatur,
1616 3869 1650 3937 in

280 3999 323 4049 eu
351 3983 492 4070 agnosci
519 3989 638 4076 potest.
691 3981 832 4076 Reliqua
858 3982 892 4051 in
918 3984 1005 4053 notis
1033 3980 1294 4075 explicabuntur.

704 4335 1220 4380 ωψ-
