4804 6026
762 603 1176 726 irroratur.

848 965 1056 1066 obsignatio.

363 1191 456 1262 Deus
483 1191 539 1289 qui
563 1188 660 1261 nobis
687 1190 868 1284 praestitit,
894 1201 929 1263 ut
956 1195 1274 1268 communicaremus
1300 1193 1526 1275 Sacramentis
1553 1205 1628 1296 ejus

261 1306 382 1380 divinis
409 1317 443 1378 et
468 1303 707 1395 ineffabilibus,
733 1309 806 1402 ipse
833 1306 952 1399 dignos
979 1307 1080 1382 iaciat
1104 1332 1168 1382 nos
1194 1333 1302 1404 regno
1330 1333 1412 1405 suo,
1446 1317 1535 1413 quod
1560 1341 1628 1392 non

259 1428 396 1514 transit,
424 1433 459 1495 et
483 1421 559 1496 loco
587 1424 721 1518 quietis,
747 1422 803 1496 ubi
830 1433 882 1496 est
907 1423 1063 1515 gaudium
1087 1426 1292 1502 indesinens:
1320 1431 1548 1528 concedatque
1558 1435 1627 1503 mi-

259 1541 492 1632 sericordiam,
520 1549 553 1612 et
578 1537 700 1611 tribuat
725 1543 859 1612 veniam
886 1539 1080 1614 delictorum
1107 1552 1141 1615 et
1165 1547 1398 1618 remissionem
1412 1558 1627 1643 peccatorum

130 1695 135 1706 ·
259 1661 510 1732 commissorum
544 1655 652 1729 verbo
687 1666 721 1727 et
756 1679 881 1753 opere,
914 1657 1107 1753 unicuique,
1143 1661 1199 1753 qui
1230 1663 1397 1759 particeps
1431 1663 1540 1739 iactus
1574 1675 1627 1738 est

258 1773 486 1847 Eucharistiae
513 1775 625 1846 istius:
652 1776 912 1869 propitieturque
938 1775 1049 1864 Deus,
1085 1783 1119 1846 et
1145 1774 1282 1847 dimittat
1314 1781 1365 1870 ci,
1396 1801 1459 1876 pro
1491 1803 1556 1876 quo
1592 1789 1626 1854 et

259 1893 352 1984 cujus
380 1913 482 1963 causa
509 1888 653 1963 oblatum
681 1899 734 1962 est
759 1887 857 1962 hodie
884 1891 1080 1965 sacrificium
1108 1891 1209 1982 istud,
1235 1915 1297 1988 per
1323 1899 1493 1970 orationes
1520 1901 1624 1970 etin-

258 2009 498 2080 tercessionem
524 2007 637 2079 matris
665 2011 805 2078 amictae
828 2009 968 2099 justitia,
995 2009 1082 2081 coeli
1109 2009 1267 2100 secundi,
1292 2008 1441 2105 Virginis
1458 2015 1623 2086 immacu-

257 2124 363 2212 latae,
390 2131 527 2198 sanctae
553 2125 723 2216 genitricis
749 2123 814 2194 Dei
839 2123 977 2196 Mariae.
1030 2124 1074 2196 tn
1098 2147 1159 2222 per
1185 2128 1341 2200 virtutem
1364 2152 1519 2222 magnam
1538 2151 1623 2202 cru-

258 2244 305 2314 cis
331 2243 479 2312 victricis
507 2249 540 2312 et
565 2239 721 2312 vivificae
747 2239 987 2330 custodiamur,
1015 2251 1049 2313 et
1074 2241 1258 2315 salvemur:
1294 2253 1328 2316 et
1352 2268 1413 2341 per
1439 2247 1622 2337 orationes,

256 2357 420 2445 Domine,
445 2355 705 2452 Prophetarum,
738 2353 994 2452 Apostolorum,
1027 2358 1232 2455 Martyrum,
1264 2358 1522 2453 Ossismorum,
1554 2361 1621 2434 lu-

257 2486 394 2564 storum,
404 2472 632 2560 sacerdotum,
640 2471 772 2544 Patrum
787 2483 987 2565 sanctorum,
1000 2473 1174 2548 Pastorum
1188 2497 1358 2568 veronna,
1372 2476 1622 2576 Doctorumque

257 2588 546 2680 Orthodoxorum,
559 2597 593 2662 et
605 2609 666 2683 per
678 2591 847 2662 orationes
862 2593 961 2663 totius
976 2602 1093 2664 coetus
1106 2601 1140 2664 et
1149 2596 1421 2686 congregationis
1434 2603 1621 2669 sanctorum

257 2712 310 2803 qui
338 2707 504 2784 Christum
530 2713 743 2794 amaverunt,
769 2715 802 2777 et
827 2716 1007 2802 praccepta
1034 2707 1106 2799 ejus
1132 2709 1376 2783 custodierunt:
1403 2721 1437 2783 et
1453 2735 1514 2808 per
1535 2734 1620 2785 ora-

255 2829 377 2900 tionem
404 2823 510 2898 sancti
535 2820 577 2892 D.
604 2819 645 2892 N.
681 2821 724 2893 ad
758 2823 852 2913 cujus
888 2845 1036 2894 mensam
1069 2823 1275 2898 Sacrificium
1309 2827 1552 2917 ordinavimus3
1585 2838 1621 2901 ut

255 2943 352 3014 etiam
380 2940 486 3012 sancti
512 2940 605 3030 cujus
631 2935 815 3030 Liturgiam
841 2935 1107 3030 celebravimus3
1133 2949 1167 3012 et
1192 2940 1282 3014 beati
1308 2941 1416 3015 Patris
1443 2948 1547 3016 nostri
1564 2947 1619 3040 qui

253 3057 351 3130 hodie
377 3051 474 3127 nobis
500 3065 650 3150 praeest,
677 3065 712 3126 ut
739 3057 837 3126 etiam
863 3076 924 3151 per
950 3067 1101 3148 vestras,
1128 3056 1250 3130 fratres
1264 3063 1330 3131 mci
1351 3069 1385 3132 et
1405 3060 1528 3132 domiui
1542 3061 1618 3152 mei,

254 3171 458 3246 insaecula.
1614 3175 1618 3186 “

354 3305 530 3378 Sacerdos
556 3307 695 3398 imponit
721 3303 877 3375 dostram
904 3303 1026 3392 altari,
1054 3309 1089 3375 ct
1116 3304 1200 3376 dicit
1228 3305 1424 3380 Orationem
1446 3327 1616 3378 commeo-

253 3424 401 3495 datioor's
426 3421 533 3514 dana,
560 3427 613 3492 ter
638 3425 776 3514 signans
796 3419 957 3514 papulam
981 3423 1078 3516 signo
1105 3424 1234 3509 crucis,
1261 3427 1296 3492 ct
1322 3420 1415 3492 dicit.

353 3556 457 3630 Alite
481 3560 516 3628 in
542 3578 626 3652 pace
652 3554 774 3628 iratres
800 3561 834 3626 et
861 3552 970 3626 dilecti
995 3555 1115 3625 nostri:
1145 3551 1411 3627 commendamus
1436 3574 1501 3626 vos
1528 3575 1615 3648 gra-

252 3676 317 3746 tiae
344 3682 378 3744 et
403 3673 652 3745 misericordiae
677 3671 846 3744 Trinitatis
870 3679 1025 3756 sanctae,
1058 3691 1132 3740 cum
1158 3670 1282 3742 viatico
1310 3677 1344 3741 et
1368 3668 1615 3744 benedictioni-

251 3786 329 3880 bus,
356 3809 439 3884 qaas
466 3790 659 3885 suscepistis
687 3786 728 3862 ab
756 3785 851 3860 altari
876 3786 1103 3882 propitiatorio
1130 3784 1281 3858 Domini:
1307 3785 1409 3880 longe
1431 3789 1559 3883 positos
1582 3797 1617 3860 et

250 3908 444 4001 proximos,
469 3907 572 3977 vivos
599 3913 633 3976 et
657 3912 826 3994 mortuos,
851 3900 1012 3974 liberatos
1039 3921 1101 3996 per
1126 3923 1260 3974 crucem
1282 3905 1454 3976 victricem
1470 3903 1615 3995 Domini,

252 4024 468 4116 consignatos
495 4024 591 4112 signo
625 4019 778 4116 baptismi
808 4021 924 4092 sancti.
983 4015 1043 4089 flla
1077 4017 1225 4114 expiabit
1259 4017 1377 4092 delicta
1412 4029 1547 4111 vestra,
1582 4027 1617 4092 et

252 4139 388 4212 dimittet
414 4139 549 4210 crimina
575 4147 708 4225 vestra,
734 4145 1004 4230 mortuorumque
1030 4142 1237 4207 vestrorum:
1264 4145 1299 4207 et
1324 4155 1392 4228 ego
1419 4158 1538 4209 servus
1556 4139 1614 4208 in-

252 4256 364 4330 firmus
390 4262 424 4326 et
448 4261 607 4348 peccator
633 4251 894 4324 misericordiam
921 4261 954 4322 et
981 4249 1139 4323 auxilium
1158 4272 1346 4346 consequar
1367 4254 1613 4346 perorationes

251 4383 393 4444 vestros.
445 4367 546 4441 Abite
571 4370 605 4440 in
630 4390 715 4465 pace
741 4367 925 4461 gaudentes
951 4376 985 4439 et
1010 4364 1215 4457 exultantes,
1243 4377 1278 4438 et
1302 4389 1365 4463 pro
1392 4389 1446 4438 me
1473 4377 1578 4440 orate.
1726 4369 1728 4374 '

353 4500 528 4572 Sacerdos
559 4500 741 4572 inclinato
774 4521 892 4570 coram
919 4521 1035 4570 mansa
1069 4502 1178 4586 citae,
1212 4499 1298 4570 dicit
1330 4502 1425 4572 intra
1455 4522 1493 4572 se
1524 4499 1615 4572 tana

253 4618 464 4705 Gratiam,
487 4639 555 4710 pro
580 4639 618 4688 sc
643 4620 738 4710 ipso,
763 4623 907 4690 secreto.

352 4752 420 4823 Per
446 4749 643 4824 sacrificium
670 4749 758 4845 quod
784 4749 959 4824 obtulimus
984 4747 1101 4837 hodic,
1127 4749 1278 4846 placetur
1293 4750 1455 4823 Dominus
1482 4759 1517 4822 et
1533 4747 1612 4822 An-

249 4867 316 4960 gsli
343 4869 417 4958 ejus
443 4865 542 4938 electi
568 4876 602 4938 et
628 4869 751 4957 sancti,
778 4877 813 4940 et
837 4890 898 4962 per
923 4865 1003 4938 illud
1027 4875 1175 4962 praestet
1202 4868 1346 4961 qrrietem
1364 4875 1398 4938 et
1419 4869 1612 4938 memoriam

249 4977 371 5054 bonam
405 4985 557 5076 genitrici
583 5003 667 5055 suae
693 4991 727 5054 et
751 4985 874 5056 sancus
901 4985 986 5073 suis,
1019 4980 1237 5078 omnibusque
1262 4979 1423 5054 delirnctis
1448 4979 1612 5071 fitentur,

249 5100 431 5194 praecipue
455 5097 503 5172 illi
528 5121 590 5196 pro
618 5119 682 5194 quo
709 5106 743 5170 et
768 5099 863 5189 cujus
890 5119 990 5172 causa
1019 5095 1161 5172 oblatum
1189 5107 1242 5174 cst
1265 5097 1330 5172 hoc
1355 5097 1562 5174 sacrificium.
