4730 6038
717 477 794 554 stt
1285 478 1518 556 sollu

716 666 814 747 magis
835 683 925 746 quarn
945 665 1097 728 sanam
1118 662 1277 728 Ecclesiae
1299 681 1379 746 qnae
1404 663 1513 726 omitit
1533 671 1651 744 partera
1672 661 1837 726 verbum
1857 661 1897 724 ab
1917 661 2089 746 Βωμ-

446 787 523 840 m
548 787 574 839 a,
601 787 631 851 p,
657 787 703 840 ss,
716 765 773 826 atis
794 763 975 828 relatorum:
997 773 1029 826 et
1050 763 1089 826 ad
1111 765 1372 826 consecrationem
1393 762 1497 824 calicis
1518 761 1724 842 spectanb'bus
1746 762 1804 824 alia
1827 761 1973 842 adjunxit,
1996 780 2088 842 quae,

397 881 445 924 ιι.
462 873 489 925 a
718 871 751 926 ut
780 872 865 927 recte
892 873 976 930 notat
1004 861 1035 926 S.
1064 861 1214 938 Tbomas,
1248 861 1407 925 Ecclesiae
1434 859 1594 924 traditione
1621 861 1805 924 mansuer
1831 858 2090 922 summantur.

717 961 806 1036 Quod
828 963 866 1039 si,
889 972 921 1026 ut
948 963 1019 1026 olim
1047 961 1086 1023 ab
1112 962 1226 1043 aliquot
1253 961 1422 1024 hominibus
1450 959 1561 1023 lactum
1590 968 1654 1035 est,
1686 960 1725 1022 lia
1752 967 1911 1023 mereatur
1941 960 2090 1022 aarum

717 1061 889 1124 Orientales
911 1062 950 1124 de
973 1061 1237 1124 Sacramentomm
1259 1060 1375 1138 lormis,
1396 1077 1498 1140 neque
1518 1059 1580 1122 ulla
1602 1059 1785 1134 admittatur,
1806 1067 1841 1121 ut
1862 1057 2008 1141 legilin,
2030 1058 2089 1120 nisi

714 1159 830 1224 Latinis
852 1161 956 1224 verbis
977 1159 1145 1242 syllabatim
1168 1161 1338 1230 conveniat,
1358 1159 1441 1222 nulla
1461 1161 1493 1222 in
1514 1158 1652 1222 Ecclesia
1667 1158 1817 1222 Orientali
1836 1173 1971 1237 usqum
1990 1154 2088 1218 faisse

716 1259 909 1325 Sacramenta
939 1267 1083 1341 sequetur
1110 1259 1302 1322 necessario:
1337 1259 1420 1321 nulla
1444 1257 1556 1322 dudum
1582 1276 1749 1340 superesse
1781 1261 1814 1321 ia
1842 1257 1902 1321 ulis
1928 1254 2088 1330 sedus,

716 1379 784 1423 cum
806 1359 913 1441 quibua
937 1368 1036 1422 umen
1057 1357 1191 1420 Romana
1215 1357 1461 1421 communionem
1482 1358 1587 1422 tenuit

768 1641 803 1711 5.
843 1637 1012 1710 Memento
1037 1635 1184 1708 Dorniae
1210 1637 1341 1731 Reponi
1366 1639 1425 1730 qni
1440 1657 1557 1706 cerum
1578 1634 1795 1727 Rdimoncaa
1816 1637 2035 1728 profitentur.

828 1829 865 1908 ln
888 1849 921 1904 ut
943 1839 1014 1904 alibi
1035 1841 1202 1904 monuimus
1224 1839 1401 1902 translatum
1428 1847 1538 1902 estex
1560 1839 1658 1900 veteri
1679 1837 1819 1917 formula,
1837 1839 1926 1921 juata
1947 1836 2088 1918 discipli-

717 1965 785 2010 nam
808 1942 1062 2021 Ecclesiasticam,
1085 1959 1163 2025 quae
1185 1945 1339 2006 orationes
1367 1958 1425 2024 pro
1448 1941 1583 2024 Regibus
1605 1944 1695 2004 etiam
1723 1959 1784 2005 non
1814 1940 1992 2006 Christianis
2021 1941 2089 2004 lieri

716 2042 885 2128 praecepit,
907 2061 947 2107 ex
968 2041 1186 2123 Apostolorum
1215 2041 1362 2106 doctrina.
1410 2040 1644 2104 Allectatiouem
1676 2041 1708 2102 in
1736 2040 1882 2104 Jawbitis
1911 2042 2032 2104 nimiam
2060 2041 2088 2104 si

717 2144 785 2225 quis
808 2143 879 2206 inde
907 2141 1100 2223 suspicetur,
1130 2149 1228 2203 natam
1256 2161 1296 2202 ex
1322 2147 1443 2203 vetusto
1471 2139 1619 2203 adversus
1649 2139 1852 2221 inputaturus
1879 2137 2087 2214 0rtlrorloxos,

717 2245 769 2326 qui
792 2243 860 2306 illos
882 2247 1097 2322 represserunt
1119 2239 1201 2320 odio,
1224 2239 1345 2302 babebit
1367 2247 1542 2323 argumenta
1561 2257 1622 2303 non
1637 2257 1734 2320 pauca
1750 2239 1858 2321 quibus
1881 2238 2087 2318 conjecturam

715 2349 845 2406 tucatur.
889 2339 1047 2403 Maledicta
1075 2340 1154 2402 enim
1176 2339 1322 2402 adversus
1351 2339 1536 2402 Marcianum
1565 2339 1647 2420 quod
1677 2337 1815 2402 Concilio
1845 2335 2089 2401 Calchedonensi

717 2441 838 2518 laverit,
860 2439 980 2520 pictatis
1002 2445 1119 2521 partem
1140 2438 1283 2501 videntur
1304 2439 1504 2518 existimasse,
1527 2457 1595 2502 cum
1625 2455 1662 2501 ea
1684 2455 1745 2500 nou
1775 2436 1865 2501 modo
1895 2437 1926 2498 iu
1954 2435 2087 2499 historiis

716 2539 863 2619 librisque
886 2537 1089 2620 Theologicis,
1113 2535 1168 2600 sed
1191 2538 1280 2600 etiam
1301 2537 1333 2598 in
1354 2537 1513 2618 precibus,
1542 2545 1642 2600 nmen
1665 2545 1753 2600 extra
1775 2533 1929 2616 liturgias
1951 2553 2088 2620 conges-

717 2639 827 2702 serint:
850 2637 933 2699 utin
956 2635 1071 2718 aliquot
1093 2636 1226 2717 Syriacis
1249 2635 1352 2698 olflciis
1375 2636 1621 2699 observavimus:
1644 2655 1712 2699 nam
1735 2635 1954 2698 moderatiores
1976 2634 2035 2698 hoc
2056 2636 2087 2698 in

717 2755 834 2822 genere
857 2735 1001 2818 Aegyptii
1024 2733 1154 2799 lucrum.
1198 2733 1260 2797 lrno
1282 2735 1471 2812 Nestoriani,
1500 2737 1572 2800 licet
1593 2737 1622 2798 in
1645 2738 1708 2799 suis
1731 2751 1853 2818 quoque
1875 2731 1987 2796 Officiis
2009 2752 2088 2816 quae

718 2841 749 2900 in
770 2835 840 2899 Beit
860 2836 958 2911 Gaas,
978 2835 1044 2900 sive
1069 2833 1225 2898 Thesauro
1249 2852 1305 2898 suo
1334 2836 1525 2899 continentur
1547 2835 1718 2899 Nestorium
1749 2833 1881 2910 laudent,
1904 2833 1987 2914 quod
2010 2852 2088 2896 cou-

717 2936 837 3000 trlvorit
866 2944 958 3018 caput
986 2935 1137 3015 serpentis
1165 2933 1286 3016 cyrilli,
1308 2934 1459 2997 abstinent
1485 2943 1586 2999 tamen
1608 2953 1626 2998 a
1647 2934 1792 2998 conviciis
1814 2932 1961 2996 adversus
1984 2932 2087 2996 Theo-

718 3035 834 3100 dosium
855 3035 1080 3118 imperatorem.
1125 3031 1167 3096 Αι
1187 3031 1343 3097 tacebitne
1365 3035 1435 3115 syri
1462 3035 1582 3099 modam
1610 3051 1671 3097 non
1692 3041 1865 3110 tenuerunt,
1887 3041 1919 3096 et
1941 3051 2009 3096 cum
2031 3033 2086 3096 sub

718 3135 841 3199 Zenone
863 3141 897 3231 eq
916 3133 1088 3212 Anastasio,
1110 3149 1188 3215 quos
1217 3140 1357 3214 tanquam
1387 3134 1514 3198 Sanctus
1536 3142 1737 3213 venerantur,
1766 3142 1797 3198 et
1826 3149 1925 3196 annua
1952 3151 2087 3196 comnm-

718 3235 886 3298 moratione
908 3231 1074 3312 celebrant,
1096 3233 1255 3315 plurimum
1283 3241 1426 3314 possent,
1453 3241 1649 3315 veteremque
1672 3232 1921 3297 consuetudinem
1943 3233 2087 3296 orationis

718 3351 775 3416 pro
798 3331 974 3398 Christianis
996 3331 1231 3413 imperatoribus
1253 3333 1283 3394 in
1306 3331 1440 3416 liturgia
1464 3331 1620 3396 iaciendas
1642 3340 1858 3413 renovassent,
1889 3348 1956 3393 eam
1977 3340 2084 3413 postea

717 3435 917 3510 retinuerunt,
940 3431 997 3494 etsi
1018 3439 1141 3512 praeter
1162 3429 1265 3513 Reges
1287 3430 1467 3512 Aethiopiae
1494 3439 1525 3495 et
1546 3431 1673 3510 Nubiae,
1696 3431 1795 3497 nullos
1818 3451 1858 3496 ex
1879 3448 1935 3493 sua
1957 3439 2085 3494 senten·

719 3534 760 3596 tia
783 3531 976 3596 Orthotloxos
998 3538 1212 3614 agnoscerent.

909 3791 944 3866 6.
978 3793 1146 3866 Memento
1172 3791 1330 3880 Domine,
1354 3795 1544 3886 praecipue
1568 3791 1694 3864 Jacobs·
1719 3793 1904 3864 Boraduti.

813 3987 904 4080 Quen
926 3997 1051 4074 sumna,
1073 3997 1099 4059 si
1122 3996 1224 4060 titulus
1246 4005 1278 4060 ιιι
1300 3995 1450 4080 legitimus
1480 3996 1667 4078 agnoscitur,
1689 4014 1797 4060 nomen
1819 3996 1977 4078 Diptpchis
2001 3998 2086 4060 inse-

721 4104 808 4182 ritur,
831 4101 983 4177 novitatis,
1005 4106 1057 4163 ant
1078 4100 1294 4181 suppositionis
1317 4107 1433 4164 certum
1449 4107 1657 4182 argumentum
1679 4117 1739 4162 non
1762 4109 1819 4182 est,
1842 4101 1977 4183 quamvis
2001 4102 2087 4165 aliter

721 4202 829 4266 lliveto
851 4200 947 4263 visum
970 4197 1069 4278 luerit,
1091 4217 1197 4280 parum
1221 4198 1329 4263 idoneo
1352 4206 1488 4263 veterum
1500 4199 1782 4263 Ecclesiasticorum
1805 4201 1986 4282 scriptorum
2009 4219 2085 4265 cen-

722 4301 796 4379 sori,
818 4299 869 4384 qui
891 4299 1042 4383 liturgias
1055 4295 1172 4377 iacobi,
1195 4299 1295 4362 anilii
1318 4306 1350 4362 et
1363 4297 1570 4380 chrysostomi
1592 4298 1701 4362 frivola
1717 4299 1774 4363 ista
1785 4300 1902 4364 ratione
1917 4301 2083 4384 impugnat,

722 4401 808 4484 cujus
830 4399 1000 4464 inanitatem
1023 4396 1093 4462 alibi
1106 4398 1333 4464 confutavimus.
1368 4399 1447 4463 Fieri
1474 4400 1594 4464 omnino
1616 4400 1724 4481 potuit,
1747 4400 1988 4464 ut-recentiores
2010 4397 2086 4462 istae

721 4499 889 4584 Liturgiae‚
911 4516 989 4580 quae
1010 4505 1043 4560 ut
1066 4496 1174 4561 Graeci
1197 4506 1318 4563 autores
1351 4498 1485 4562 nonnulli
1508 4499 1763 4577 observaverunt,
1792 4498 1976 4564 alacobitis
1999 4515 2086 4562 com-

722 4601 841 4683 positae
863 4605 943 4678 sunt,
964 4615 1003 4661 eo
1026 4599 1212 4678 potissimum
1236 4598 1362 4663 consilio
1384 4598 1482 4662 lautae
1504 4601 1581 4679 sint,
1610 4601 1694 4662 utin
1718 4599 1803 4662 lestis
1826 4598 1932 4662 diebus
1955 4615 2032 4680 quos
2054 4598 2085 4660 in

723 4698 895 4763 memoriam
930 4696 1049 4760 illorum
1081 4706 1354 4779 consecraverant,
1389 4699 1625 4764 celebrarentur.
1681 4699 1724 4762 lta
1754 4715 1863 4762 nomen
1891 4697 1971 4762 illius
2000 4697 2085 4779 cujus

723 4799 866 4864 memoria
889 4797 1046 4882 agebatur,
1068 4796 1224 4880 Diptychis
1246 4799 1339 4864 inseri
1350 4797 1494 4862 debebat:
1517 4805 1607 4881 atque
1624 4797 1693 4863 iude
1715 4797 1805 4877 forte,
1827 4806 1859 4861 ut
1882 4797 1953 4860 alibi
1975 4796 2086 4860 obser-

724 4907 824 4964 vatum
846 4905 903 4976 est,
925 4895 1072 4980 originem
1104 4895 1273 4961 babuerunt
1300 4898 1416 4961 illarum
1445 4898 1538 4979 tituli,
1566 4917 1643 4982 quae
1673 4899 1792 4964 nomina
1820 4917 1894 4980 prae
1922 4895 2086 4962 scierunt

724 5005 861 5066 automm
884 4997 935 5080 qui
955 4997 1096 5060 vixerunt
1118 5005 1187 5062 ante
1209 4996 1423 5063 lluhamedana
1445 5007 1590 5080 tempora.
