4784 6040
704 611 783 688 404
1201 613 1560 694 litoteta

809 801 960 872 Elecuos
984 823 1110 872 nocero.
1147 799 1271 872 Eorum
1300 802 1355 896 qui
1382 802 1415 872 in
1442 805 1569 876 cunctis
1596 805 1871 896 generationibus
1894 810 1974 900 justi
2001 807 2083 883 fue-

706 925 781 989 runt
808 928 842 990 et
867 917 1031 1006 illustres,
1064 926 1220 1012 propter‘
1237 937 1359 988 nomen
1395 924 1485 987 tuum
1517 928 1677 991 sanctum.
1734 919 1860 996 Eorum
1892 927 1994 998 etiam
2026 930 2084 1022 qui

705 1033 987 1130 praedicaverunt
1008 1032 1188 1105 adventum
1207 1033 1367 1124 unigeniti
1385 1031 1459 1104 Filii
1477 1036 1523 1105 tui
1544 1036 1577 1106 in
1599 1035 1769 1109 mundum:
1792 1041 1978 1130 justorum,
2004 1041 2083 1114 ele-

706 1159 836 1222 ctorum
869 1159 904 1222 ct
937 1158 1148 1238 sanctorum,
1186 1152 1242 1242 qui
1275 1171 1337 1244 per
1369 1149 1512 1220 inediam
1549 1153 1808 1225 exsiccaverunt
1839 1176 1984 1250 corpora
2022 1178 2084 1230 sue

452 1281 466 1312 ν
531 1280 606 1313 ⁰0¹*-
708 1275 847 1362 propter
873 1275 921 1338 tc:
948 1263 1135 1360 Martyrum
1162 1266 1306 1336 victoria
1324 1264 1343 1300 ⁴*
1359 1267 1574 1338 vestitorum:
1602 1264 1861 1359 confessorum,
1890 1273 1945 1364 qui
1973 1275 2084 1345 omnia

707 1391 872 1454 tormenta
906 1385 998 1478 passi
1032 1392 1122 1455 sunt:
1159 1384 1304 1453 omnium
1337 1378 1469 1452 tandem
1501 1384 1558 1476 qui
1593 1382 1635 1455 ab
1670 1385 1762 1456 initio
1796 1406 1903 1478 usque
1929 1385 1972 1459 ad
1997 1387 2084 1462 banc

709 1500 796 1571 diem
824 1502 856 1569 in
883 1501 941 1571 via
968 1500 1119 1571 veritatis
1147 1495 1417 1569 ambulaverunt:
1452 1506 1485 1567 et
1511 1519 1573 1592 per
1600 1501 1768 1572 orationes
1797 1521 1914 1573 eorum
1940 1502 2084 1593 divium,

708 1637 894 1712 praeserva
920 1635 983 1688 nos
1012 1611 1053 1684 ab
1082 1611 1233 1684 omnibus
1260 1612 1369 1708 plagis
1397 1615 1538 1706 asperis,
1565 1624 1600 1686 et
1625 1615 1754 1688 custodi
1781 1637 1844 1690 nos
1865 1615 1908 1689 ab
1930 1617 2083 1692 omnibus

708 1730 961 1825 tempestatibus
989 1739 1022 1800 et
1048 1725 1200 1800 fluctibus
1227 1731 1369 1822 peccati,
1396 1729 1473 1821 quia
1500 1737 1534 1800 tu
1561 1751 1599 1802 es
1626 1729 1777 1803 salvator
1795 1735 2083 1809 nosterllomine:

707 1847 833 1941 tibique
859 1845 1002 1938 gloriam
1031 1852 1064 1915 et
1089 1843 1220 1915 laudern
1246 1841 1433 1932 referimus,
1461 1852 1495 1915 et
1521 1847 1692 1936 unigenito
1720 1847 1806 1920 Filio
1835 1859 1905 1940 tuo,
1932 1860 1996 1923 etc.

810 1961 972 2054 Populus.
1024 1959 1145 2032 Amen.

706 2133 710 2140 .
812 2077 990 2148 Sacerdos
1005 2075 1196 2146 inclinatus.
1231 2075 1373 2148 Praesta
1389 2077 1533 2150 Domine
1551 2079 1744 2149 memoriam
1771 2078 1894 2152 bonam
1921 2089 1956 2152 et
1982 2105 2082 2155 com-

705 2196 981 2266 memorationem
1009 2190 1194 2284 sublimem,
1222 2189 1376 2263 omnibus
1400 2190 1555 2266 Patribus
1582 2203 1615 2264 et
1641 2192 1839 2268 Pastoribus
1866 2197 1994 2289 electis,
2028 2202 2097 2294 qui

705 2309 882 2383 induerunt
907 2330 1027 2381 nornen
1056 2317 1162 2395 tuum,
1194 2318 1350 2401 tanquam
1376 2311 1628 2382 vestimentum:
1661 2313 1889 2406 mysterioque
1916 2323 1973 2385 tuo
2001 2325 2082 2387 tan-

706 2449 804 2520 quam
831 2424 931 2518 galea
958 2425 1077 2496 armati
1103 2433 1196 2494 sunt:
1223 2421 1504 2519 praefueruntque
1529 2424 1705 2521 praeclare
1731 2429 1830 2520 gregi
1861 2437 1933 2520 tuo,
1966 2452 2082 2526 popu-

703 2543 837 2635 lumque
864 2551 954 2612 tuum
979 2537 1254 2631 gubemaverunt
1269 2539 1449 2612 secundum
1468 2545 1645 2614 veritatem
1663 2552 1763 2634 mam,
1790 2545 1951 2638 primitias
1966 2551 2082 2640 gregis

705 2659 768 2730 bri:
796 2665 1064 2751 acceperuntque
1090 2675 1235 2727 coronas
1262 2658 1436 2728 victoriae.

810 2771 960 2843 Eteonos
985 2792 1111 2842 vocem.
1164 2769 1291 2842 Eorum
1318 2773 1372 2868 qui
1398 2774 1622 2845 sustinuemnt
1639 2773 1786 2868 pericula
1807 2783 1839 2846 et
1859 2775 2081 2850 adversitates

594 2894 598 2900 '
705 2891 798 2984 passi
825 2895 901 2960 sunt
926 2895 1064 2983 propter
1090 2908 1213 2958 nomen
1240 2896 1329 2959 tuum
1356 2897 1516 2960 sanctum.
1556 2890 1706 2981 Dignare
1732 2888 1865 2964 illorum
1890 2895 2082 2968 meminisse

704 3004 869 3092 Domine,
897 3008 952 3098 qui
979 3003 1148 3096 adjutores
1177 3012 1211 3075 et
1236 3003 1488 3097 praedicatores
1514 3002 1647 3077 fuerunt
1673 3008 1838 3082 veritatis:
1873 3010 1928 3101 qui
1960 3009 2082 3083 aedifi-

705 3130 869 3194 caverrmt
894 3119 1067 3194 Ecclesiae
1094 3128 1247 3208 sanctas3
1276 3121 1330 3214 qui
1356 3118 1561 3208 fundatores,
1588 3131 1623 3192 et
1650 3130 1822 3194 erectores
1841 3119 1976 3194 fuerunt
1991 3132 2081 3196 tem-

705 3236 834 3332 plorum
862 3258 1020 3308 verorum
1048 3237 1172 3308 nomini
1199 3245 1255 3307 tuo
1282 3237 1553 3307 constitutorum:
1588 3238 1643 3331 qui
1675 3247 1814 3332 propter
1847 3247 1880 3308 tc
1912 3260 2080 3334 persecu-

704 3354 813 3422 tiones
847 3354 1089 3441 sustinuemnt,
1124 3359 1159 3421 et
1192 3348 1340 3444 colaphis
1374 3354 1466 3422 coesi
1498 3363 1573 3423 sunt
1603 3362 1742 3447 propter
1773 3356 1950 3426 veritatem
1977 3363 2080 3426 mam:

706 3469 761 3560 qui
789 3477 941 3540 errantes
969 3465 1010 3538 ad
1039 3476 1072 3538 te
1100 3475 1353 3538 converterunt:
1389 3468 1443 3560 qui
1469 3477 1694 3560 portaverunt.
1713 3492 1847 3542 crucem
1874 3472 1906 3540 in
1934 3469 2080 3566 populis:

705 3590 740 3652 et
766 3581 1040 3672 glorificaverunt
1065 3603 1187 3654 nomen
1215 3591 1305 3652 tuum
1332 3581 1567 3674 ingentibus:
1601 3593 1634 3656 et
1666 3606 1728 3678 per
1761 3587 1931 3678 orationes
1965 3607 2079 3659 eorum

706 3696 848 3786 divinas,
876 3698 1002 3771 extolle
1030 3708 1064 3770 et
1091 3698 1189 3770 eleva
1216 3719 1280 3771 nos
1308 3698 1351 3769 ad
1378 3707 1422 3785 te,
1451 3707 1485 3770 et
1511 3697 1604 3770 trahe
1630 3703 1853 3794 cogitationes
1880 3712 2013 3773 nostras
2039 3699 2080 3772 ad

704 3817 882 3886 veritatem
909 3823 1008 3886 tuam.
1051 3815 1191 3886 Praesta
1218 3817 1316 3885 etiam
1344 3814 1442 3887 nobis
1470 3823 1504 3886 et
1530 3815 1682 3888 omnibus
1710 3821 1765 3911 qui
1791 3816 2010 3889 laudaverunt
2037 3827 2078 3903 te,

705 3937 740 4000 ut
766 3928 951 4003 referamus
978 3929 1037 4002 tibi
1063 3927 1207 4022 gloriam
1233 3939 1267 4000 et
1293 3929 1435 4018 laudem,
1462 3933 1698 4026 unigenitoque
1725 3932 1810 4004 Filio
1837 3943 1906 4024 tuo,
1933 3941 1996 4006 etc.

810 4045 971 4138 Populus.
1023 4045 1144 4118 Amen.

809 4161 999 4233 Diaconos.
1052 4162 1119 4233 Pro
1148 4161 1321 4234 defunctis.

809 4276 986 4349 Sacerdos
1018 4278 1210 4349 inclinatus.
1263 4277 1432 4349 Memento
1466 4277 1609 4348 Domine
1643 4280 1788 4378 omnium
1822 4298 1937 4350 eorum
1973 4281 2079 4373 quia
2211 4327 2217 4347 .

706 4393 843 4465 saeculo
872 4392 930 4465 tibi
955 4393 1165 4490 placuerunt3
1192 4393 1424 4481 Sacerdotum,
1450 4392 1693 4482 Diacouorum,
1726 4404 1856 4488 patrum
1885 4406 1918 4467 et
1944 4395 2078 4468 fratrum

676 4517 905 4600 nostrorum,
933 4532 1129 4605 pauperum,
1155 4511 1422 4604 peregrinortun,
1449 4519 1482 4580 et
1509 4512 1652 4581 omnium
1680 4511 1736 4602 qui
1762 4530 1836 4580 cum
1864 4518 1974 4603 spect
1991 4507 2078 4580 bdu-

705 4627 757 4696 cia
785 4628 817 4696 in
845 4635 891 4716 te,
919 4648 964 4697 ex
990 4629 1061 4697 vita
1087 4624 1150 4696 bac
1178 4624 1353 4720 temporali
1378 4627 1617 4716 migraverunt.

809 4741 961 4811 Elecoae
1003 4763 1127 4812 nocem.
1154 4740 1384 4836 Deprecamur
1410 4749 1444 4812 le
1471 4738 1618 4813 clemens
1645 4752 1680 4812 et
1706 4743 1897 4813 misericors
1924 4740 2077 4826 Domine,

705 4876 767 4948 pro
795 4859 906 4928 servis
934 4858 996 4926 tuis
1025 4879 1108 4950 quos
1136 4855 1299 4946 fomrasti,
1326 4865 1360 4928 et
1385 4878 1448 4952 per
1473 4859 1677 4948 unigenitum
1704 4866 1792 4928 tuum
1822 4855 1972 4942 salvasti,
2000 4858 2077 4950 qui·

708 4993 773 5063 que
801 4991 863 5064 per
888 4970 1093 5042 voluntatem
1121 4983 1209 5042 tuom
1238 4995 1283 5043 ex
1309 4971 1370 5044 hac
1397 4973 1466 5044 vita
1492 4974 1731 5063 migraverunt.
1763 4969 1887 5042 Libera
1914 4981 1948 5042 et
1973 4991 2077 5066 pree-

709 5105 810 5159 serva
831 5107 891 5159 eos
918 5107 980 5181 per
1006 5089 1239 5160 miserationes
1268 5099 1352 5180 tuas,
1379 5085 1421 5159 ab
1449 5089 1535 5179 ignis
1563 5087 1743 5184 supplicio;
1770 5084 1985 5183 operantibus
2011 5085 2078 5158 ini-
