4730 6038
645 666 720 742 362
1148 662 1506 741 LITURGlh

516 931 518 936 ,
644 853 772 929 insidiis
800 863 833 925 et
857 851 986 947 laqueis
1014 849 1229 938 daemonum,
1263 873 1284 921 a
1317 849 1407 923 lame
1432 852 1622 960 perniciosa
1658 850 1881 923 doctrinarum
1907 853 2018 925 mala-

642 993 736 1042 rum:
764 980 798 1042 et
823 969 865 1042 ab
893 966 1012 1040 hrsultu
1039 967 1181 1040 hostium
1208 965 1399 1053 audacium;
1424 989 1446 1037 a
1472 966 1623 1039 manibus
1650 966 1790 1039 liliorum
1818 967 2016 1056 alienorum;

644 1083 901 1158 abdominibus
934 1082 1046 1168 malis,
1081 1092 1115 1155 et
1147 1081 1320 1156 sceleratis
1346 1103 1511 1178 perversa
1538 1081 1767 1177 loquentibus:
1800 1095 1900 1180 atque
1927 1107 2016 1158 con-

644 1202 779 1275 firmans
807 1223 869 1272 nos
896 1222 958 1294 per
987 1198 1252 1294 tranquillitatem
1286 1220 1373 1292 quae
1410 1208 1491 1270 ate
1519 1207 1592 1286 est,
1618 1199 1738 1289 dignos
1761 1199 1855 1272 effice
1879 1213 1916 1274 ιιι
1948 1223 2017 1274 non

644 1315 787 1414 spoliati,
814 1314 1056 1406 custodiamur,
1093 1314 1134 1386 ad
1167 1314 1314 1387 ultimum
1344 1337 1451 1409 usqua
1485 1317 1578 1387 vitae
1611 1323 1748 1387 nostrae
1782 1317 1952 1411 spiritum;
1984 1327 2017 1390 et

642 1433 827 1504 referamus
843 1430 902 1503 tibi
914 1429 1045 1502 laudem
1058 1431 1219 1526 simulque
1240 1435 1410 1523 unigenito
1422 1429 1508 1504 Filio
1522 1441 1579 1504 tuo
1597 1439 1630 1502 et
1642 1429 1778 1526 Spiritui
1794 1442 1925 1524 sancto,
1952 1444 2014 1506 etc.

748 1548 911 1640 Populos.
965 1547 1084 1618 Amen.

746 1663 921 1735 Sacerdos
953 1664 1145 1735 inclinatur.
1197 1663 1367 1735 Memento
1400 1663 1543 1734 Domine
1568 1662 1717 1754 Regum.
1732 1663 1876 1738 fidelium
1911 1665 2014 1740 Chri-

644 1785 838 1870 stianorum,
866 1790 901 1852 et
926 1782 1132 1851 exercituum
1159 1800 1286 1870 eorum,
1313 1779 1476 1853 adversos
1504 1801 1565 1852 eos
1602 1783 1658 1874 qui
1690 1789 1806 1853 contra
1842 1779 1918 1853 illos
1944 1806 2014 1879 pu-

643 1909 755 1990 gnant.
808 1896 977 1969 Memento
1004 1899 1103 1968 etiam
1130 1896 1274 1968 Domine
1300 1917 1415 1967 eorum
1444 1899 1499 1990 qui
1524 1899 1559 1967 in
1584 1899 1667 1967 mari
1699 1898 1871 1988 navigant,
1900 1901 2015 1971 autin

640 2012 859 2087 incommodis
885 1993 1057 2084 itineribus
1082 2021 1277 2084 versantur:
1306 2011 1442 2084 infirmis
1470 2021 1504 2083 et
1530 2015 1563 2083 in
1590 2009 1709 2085 dolore
1735 1987 1940 2101 constitutis,
1966 2015 2014 2084 li-

640 2128 848 2202 berationem
875 2139 909 2200 et
935 2131 1107 2200 sanitatem
1134 2131 1201 2200 cito
1229 2128 1384 2200 concede.
1417 2127 1586 2199 Memento
1614 2131 1713 2206 etiam
1740 2128 1885 2200 Domine
1911 2134 2014 2219 aeris,

641 2245 806 2333 imbrium,
832 2248 919 2317 roris
947 2255 980 2317 et
1006 2242 1182 2332 fructuum,
1209 2254 1243 2315 et
1269 2265 1418 2316 coronae
1444 2245 1544 2315 anni:
1578 2242 1621 2315 ad
1654 2255 1687 2315 te
1714 2245 1803 2315 enim
1833 2249 2015 2340 respiciunt

642 2361 730 2434 oculi
757 2364 937 2433 universae
964 2362 1090 2448 carnis,
1117 2368 1152 2430 et
1176 2371 1211 2432 tu
1238 2363 1287 2434 eis
1315 2359 1481 2433 distribuis
1509 2362 1601 2432 vitae
1634 2363 1828 2432 necessaria
1862 2363 1896 2432 in
1923 2373 2014 2434 tem-

641 2499 726 2574 poro
753 2488 952 2573 opportuno.

746 2593 897 2663 Eteonos
923 2614 1049 2664 uocem
1101 2593 1237 2686 Adjuva
1273 2596 1371 2664 etiarn
1400 2593 1544 2665 Domine
1587 2612 1704 2664 omnes
1743 2589 1861 2683 Reges
1896 2615 2014 2667 veram

641 2709 838 2802 religionem
865 2709 1078 2803 prolitenteS,
1115 2719 1149 2780 et
1183 2710 1341 2805 populum
1374 2719 1465 2782 tuum
1497 2711 1552 2805 qui
1579 2711 1708 2803 quaerit
1738 2707 1826 2802 apud
1853 2717 1886 2780 tc
1912 2711 2013 2782 relu-

642 2830 743 2918 gium.
798 2820 990 2920 Comprime
1016 2822 1246 2897 Ecclesiamm
1272 2824 1462 2914 schismata,
1489 2845 1669 2919 compesce
1704 2823 1895 2918 superbiam
1921 2847 2014 2918 gen-

642 2945 740 3026 tium,
775 2940 935 3014 haereses
961 2962 982 3013 a
1007 2939 1228 3013 hmdamentis
1255 2940 1405 3014 destrue:
1439 2963 1500 3014 eos
1528 2944 1583 3035 qui
1608 2943 1642 3011 in
1669 2938 1872 3031 carceribus,
1900 2941 2013 3026 exibo,
2117 2959 2120 2966 ’

643 3066 699 3130 aut
731 3061 892 3129 servitute
927 3066 1018 3146 sunt,
1057 3055 1181 3128 libera:
1216 3079 1277 3131 eos
1317 3061 1434 3152 quiin
1471 3060 1682 3151 captivitate,
1723 3058 2013 3152 persecutionibus

642 3182 698 3246 aut
727 3172 876 3268 periculo
910 3181 1005 3262 sunt,
1040 3176 1149 3269 cripe:
1184 3195 1243 3246 eos
1277 3178 1331 3269 qui
1363 3175 1571 3266 gravissimis
1610 3172 1736 3245 morbis
1775 3165 2013 3265 conflictantur,

642 3311 743 3362 sana:
770 3310 831 3361 eos
858 3291 912 3385 qui
939 3290 1057 3363 dolore
1084 3299 1117 3361 et
1143 3293 1296 3382 angustia
1329 3293 1430 3362 animi
1455 3298 1623 3376 tenentur,
1656 3311 1795 3377 recrea;
1823 3289 1928 3364 reduc
1953 3313 2014 3364 eos

643 3409 696 3500 qui
728 3409 761 3476 in
794 3407 897 3494 mari,
924 3416 981 3478 aut
1006 3405 1196 3500 longinquis
1221 3404 1391 3477 itineribus
1418 3427 1565 3502 peregre
1590 3403 1727 3477 absunt:
1759 3403 1884 3478 imbres
1921 3417 2013 3481 tem-

641 3525 811 3616 pestivoS,
851 3543 1031 3616 roremque
1064 3522 1272 3594 commodum
1304 3522 1389 3595 locis
1429 3521 1609 3596 secundum
1639 3525 1875 3594 necessitatem
1912 3525 2012 3594 mitte.

640 3636 788 3709 Benedic
817 3658 965 3710 coronae
992 3641 1068 3709 anni
1094 3660 1156 3732 per
1181 3641 1324 3731 gratiam
1343 3649 1443 3728 tuam,
1471 3641 1546 3733 quia
1573 3648 1607 3709 tu
1622 3637 1768 3713 clemens
1796 3660 1833 3710 es
1862 3647 1895 3711 et
1920 3635 2012 3709 mul-

639 3763 695 3824 tae
719 3754 982 3846 misericordiae,
1010 3764 1044 3826 et
1079 3755 1138 3828 tibi
1163 3755 1293 3827 laudam
1320 3753 1486 3829 oderimus
1514 3764 1549 3826 et
1574 3757 1743 3846 unigenito
1768 3753 1859 3828 Filio.
1881 3764 1950 3840 tuo,
1978 3764 2012 3826 et

641 3867 777 3964 Spiritui
804 3880 859 3942 tuo
888 3873 1108 3943 sanctissimo.

745 3986 907 4080 Populos.
959 3986 1079 4058 Amen.

747 4100 922 4174 Sacerdos
947 4104 1138 4174 inclinatae.
1190 4103 1359 4175 blemcnto
1387 4104 1529 4175 Domine
1555 4104 1698 4174 omnium
1731 4107 1859 4198 piorum
1893 4113 1926 4174 et
1948 4103 2012 4193 ju-

642 4225 785 4304 storum,
817 4229 1013 4314 patrumque
1046 4229 1255 4309 sanctorum,
1291 4223 1343 4314 qui
1380 4220 1421 4293 ab
1449 4219 1580 4292 Adamo
1607 4241 1714 4314 usque
1741 4218 1783 4291 ad
1811 4219 1897 4290 hanc
1924 4217 2011 4289 diem

640 4330 780 4405 luerunt.
811 4333 855 4406 Et
874 4317 1031 4428 Virginis¹
1044 4335 1170 4408 Mariae
1188 4336 1317 4408 thorum
1337 4336 1545 4429 conjugalem
1560 4358 1627 4420 non
1645 4346 1820 4431 expertae,
1847 4336 2012 4408 loannis-

641 4448 830 4544 Baptistaa,
870 4451 1031 4547 Stephani
1070 4454 1167 4547 primi
1199 4453 1443 4542 Diaconorum;
1477 4460 1652 4526 eteorum
1678 4455 1822 4524 omnium
1851 4455 1906 4547 qui
1932 4451 2012 4546 pla-

642 4578 779 4638 cuerunt
805 4589 918 4640 coram
948 4578 990 4640 te.

744 4683 894 4754 Eteonos
919 4706 1043 4755 uocem.
1089 4683 1262 4759 Constitue
1289 4695 1323 4758 et
1349 4708 1491 4758 recense
1518 4706 1580 4756 nos
1598 4684 1755 4772 Domine,
1781 4685 1868 4755 inter
1894 4693 2012 4755 coetus
2100 4731 2104 4739 -

643 4797 836 4872 dilectorum
857 4810 1001 4890 tuorum,
1027 4804 1112 4873 inter
1134 4801 1268 4873 ordines
1287 4825 1402 4875 eorum
1427 4805 1481 4896 qui
1506 4800 1692 4872 dilexerunt
1716 4803 1894 4873 veritatem
1911 4809 2013 4891 tuam,

640 4917 675 4985 in
702 4913 852 4987 coetibus
879 4919 1008 5009 piorum
1036 4926 1069 4987 et
1092 4919 1267 5008 justorum,
1295 4921 1350 5011 qui
1377 4926 1642 5013 expectaverunt
1669 4915 1809 4989 salutem
1838 4927 1942 5004 tuam,
1978 4920 2014 4989 in

586 5069 589 5074 v
643 5031 962 5122 congregationibus
989 5040 1170 5128 martyrum
1198 5037 1254 5128 qui
1279 5043 1418 5106 mortem
1445 5057 1519 5106 cnm
1546 5057 1607 5130 spe
1634 5045 1688 5106 tua
1716 5034 1954 5106 sustinuerunt:
1978 5035 2015 5102 in

640 5146 790 5242 partibus
806 5148 988 5242 praeclaris
1006 5147 1241 5240 religiosorum
1260 5159 1389 5224 tuorum
1407 5160 1440 5223 et
1463 5154 1648 5244 virginum:
1670 5155 1703 5222 in
1728 5169 1891 5221 consessu
1909 5146 2014 5241 Apo-
