4814 6060
1113 941 1617 1128 LlTUllGlll

782 1274 1007 1392 tonant
1042 1275 1447 1394 Plttttlntttllt
1505 1301 1528 1364 1·
1572 1277 1927 1396 lntioontttt
1941 1371 1951 1423 ,

939 1499 1003 1588 Qut
1029 1498 1148 1574 ETIllll
1174 1496 1312 1604 nictus
1339 1498 1409 1576 EST
1435 1497 1579 1576 JOSEPH
1604 1498 1636 1574 F.
1664 1499 1795 1576 VAHlB.

1231 1768 1352 1841 Oratio
1380 1768 1498 1840 Pacis.

747 1966 864 2069 Deus
891 1991 1066 2066 absondita
1094 2003 1128 2065 ct
1154 1989 1510 2085 incomprehensibilis,
1543 1990 1654 2062 abdite
1687 2001 1722 2062 et
1753 1991 1909 2080 excelse,
1945 2016 2056 2090 nequa

676 2109 937 2202 investigabilia,
964 2107 1183 2204 tranquillitas
1199 2129 1437 2203 supernorum,
1465 2118 1498 2179 et
1513 2106 1720 2198 inferiorum,
1746 2109 1848 2180 Pater
1861 2113 1968 2182 omnis
1985 2133 2055 2205 pa-

676 2229 838 2297 ternitatis
866 2235 901 2296 et
926 2224 1089 2297 Dominus
1101 2226 1244 2294 omnium
1258 2223 1532 2296 dominationum:
1561 2224 1616 2317 qui
1629 2245 1692 2318 per
1710 2221 1845 2296 effirsam
1865 2222 2056 2316 largitatem

676 2345 914 2413 immensorum
951 2339 1189 2412 beneficiorum
1226 2348 1358 2410 tuorum
1396 2340 1530 2411 seruisti
1563 2360 1680 2433 pacem
1718 2348 1752 2408 et
1787 2338 2054 2433 tranquillitatem

676 2459 763 2528 inter
789 2459 922 2552 spiritus
949 2465 983 2526 et
1010 2458 1152 2542 animas,
1180 2463 1382 2548 naturasque
1410 2477 1430 2526 a
1457 2472 1496 2526 se
1522 2455 1669 2525 inuicem
1685 2443 1819 2528 dissitas
1840 2459 2055 2549 conjunxisti,

677 2575 787 2666 posito
814 2572 938 2672 lapide·
952 2570 1103 2663 angulari
1129 2573 1300 2662 unigenito
1332 2569 1418 2644 Filio
1451 2580 1529 2642 tuo:
1561 2591 1681 2666 pacem
1713 2570 1865 2643 concede
1900 2575 2055 2645 societati

676 2697 812 2760 nostrae
839 2710 902 2783 per
929 2688 1102 2758 caritatem
1129 2695 1233 2758 tuam:
1261 2685 1409 2758 accende
1436 2696 1564 2758 mentes
1591 2693 1726 2760 nostras
1753 2708 1869 2758 amore
1896 2696 1968 2759 tuo:
1996 2687 2054 2758 di·-

676 2805 751 2894 rige
778 2805 1003 2895 cogitationes
1029 2811 1163 2875 nostras
1191 2801 1233 2872 ad
1261 2811 1311 2873 te:
1338 2800 1394 2873 lac
1419 2823 1566 2894 regnare
1592 2803 1627 2872 in
1652 2800 1750 2874 nohis
1785 2803 2053 2898 tranquillitatem

676 2928 711 2990 et
736 2940 853 3013 pacem
881 2929 989 3007 tuam,
1015 2929 1218 3012 praestaque
1245 2915 1363 3007 nobis,
1389 2926 1425 2988 ut
1451 2939 1516 2988 una
1543 2926 1664 2989 catena
1698 2917 1861 3013 spirituali
1893 2918 2053 3012 colligati,

674 3056 853 3128 precemur
879 3032 976 3107 nobis
1002 3057 1120 3129 pacem
1147 3041 1290 3106 mutuum
1317 3036 1351 3104 in
1385 3031 1501 3105 osculo
1536 3043 1654 3106 sancto
1690 3042 1724 3104 et
1755 3032 1814 3105 tihi
1845 3031 1985 3128 placito,
2018 3046 2054 3108 ut

677 3153 779 3222 simus
805 3173 906 3222 unum
933 3171 1057 3245 corpus
1084 3151 1201 3244 capitis
1230 3147 1353 3220 Christi
1379 3149 1539 3240 unigeniti
1565 3147 1642 3220 Filii
1674 3151 1741 3237 tui,
1776 3147 2053 3243 quemadmodum

675 3277 710 3338 tu
737 3289 810 3337 curn
837 3265 894 3338 illo
922 3288 1006 3338 unus
1033 3286 1090 3355 es,
1124 3264 1252 3358 absque
1283 3247 1448 3336 divisione
1482 3263 1663 3336 secundum
1697 3261 1914 3336 substantium
1948 3274 2049 3338 tuam.

675 3381 742 3452 Per
769 3404 844 3453 eum
872 3393 1006 3454 etcum
1033 3403 1076 3454 eo
1104 3388 1136 3451 te
1163 3378 1260 3452 decet
1286 3379 1414 3470 gloria,
1440 3377 1549 3452 honor
1574 3389 1609 3450 et
1634 3380 1827 3473 imperium,
1863 3401 1937 3450 cum
1964 3379 2051 3472 Spi-
2185 3440 2191 3465 ,

676 3500 740 3566 ritu
766 3506 822 3567 tuo
841 3499 1068 3582 sanctissimo,
1094 3494 1203 3582 bono,
1232 3493 1423 3583 adorando,
1450 3493 1655 3584 vivificante,
1682 3493 1808 3588 tibique
1823 3494 2053 3568 cousubstan-

675 3612 745 3683 tiali
770 3633 872 3699 nunc,
900 3621 963 3683 eto.

779 3727 941 3821 Populus.
994 3727 1114 3799 Amen.

778 3842 964 3916 Sacerdos.
1017 3844 1102 3916 Pax.

779 3959 943 4051 Populos.
996 3958 1040 4030 Et
1066 3981 1141 4032 cum
1168 3961 1284 4054 spiritu
1310 3967 1377 4030 tuo.

779 4075 968 4146 Diaconos.
1021 4075 1088 4146 Det
1114 4077 1340 4169 unusquisque
1366 4095 1495 4170 pacem.

779 4187 965 4264 Sacerdos.
1017 4190 1129 4286 Super
1154 4213 1227 4279 eos,
1254 4192 1410 4282 Domine,
1438 4194 1492 4285 qui
1509 4189 1720 4262 crediderunt
1746 4190 1922 4260 veritatem
1949 4197 2050 4278 tumn,

676 4308 731 4399 qui
758 4326 821 4398 per
847 4309 1016 4378 caritatem
1044 4316 1133 4378 tuam
1159 4308 1258 4394 uniti,
1295 4317 1329 4377 et
1361 4308 1528 4397 conjuncti
1563 4316 1639 4378 sunt
1670 4327 1733 4401 per
1765 4326 1911 4376 amorem
1948 4314 2049 4390 tuum,

675 4425 797 4515 quique
824 4425 961 4494 cervice
988 4422 1134 4495 demissa
1160 4420 1415 4494 humiliaverunt
1440 4424 1550 4518 capita
1577 4444 1639 4494 sua
1659 4443 1774 4495 coram
1792 4423 1967 4513 majestate
1980 4428 2050 4508 tua,

674 4539 765 4608 mitte
794 4534 926 4610 divitias
952 4536 1217 4610 benedictionum
1251 4561 1271 4610 a
1298 4537 1381 4609 sede
1407 4535 1538 4630 gloriae
1564 4550 1657 4610 tuae:
1696 4537 1839 4610 benedic
1869 4557 1930 4609 eos
1957 4535 2050 4608 dcx-

674 4663 748 4723 tera
774 4660 851 4736 tua,
879 4661 913 4723 et
939 4653 1047 4726 adduc
1072 4675 1133 4726 eos
1160 4653 1221 4727 sub
1249 4652 1397 4727 umbram
1424 4665 1529 4726 tuam:
1556 4653 1678 4749 lacque
1704 4675 1766 4726 eos
1792 4653 1913 4746 dignos
1939 4652 2050 4744 gloria

675 4765 856 4859 decuplici,
883 4768 1041 4843 ethonis
1076 4772 1197 4843 novies
1229 4769 1467 4866 multiplicatis,
1501 4792 1589 4865 quae
1619 4772 1827 4865 praeparasti
1859 4765 2050 4842 timentibus

674 4903 796 4956 nomen
824 4892 928 4956 tuum:
957 4896 990 4956 et
1016 4885 1202 4956 referemus
1228 4883 1286 4956 tibi
1313 4885 1455 4978 gloriam
1483 4895 1518 4957 et
1542 4885 1693 4972 laudem,
1720 4888 1956 4979 unigenitoque
1982 4883 2050 4956 Fi-

672 5001 716 5072 lio
746 5010 817 5091 tuo,
847 5009 880 5071 et
906 5000 1043 5095 Spiritui
1070 5012 1127 5074 tuo
1155 5003 1374 5076 sanctissimo.
