4712 6032
484 415 487 428 '
594 443 757 518 -220
1190 447 1551 526 irrorari

679 635 863 726 potentiam
890 641 994 722 tuam,
1021 626 1202 726 potentiam
1228 632 1369 724 illorum,
1398 637 1454 729 qui
1481 644 1568 708 stant
1582 633 1747 706 adversus
1760 637 1933 730 imperium
1952 644 2054 724 mum,

678 756 713 818 et
738 769 1003 842 unumquemque
1030 749 1158 841 subjice
1185 751 1337 821 servituti
1362 752 1503 824 nominis
1530 754 1576 822 tui
1609 753 1732 822 sancti:
1766 754 1842 844 quia
1879 761 1912 822 tu
1944 753 2055 824 victor

679 883 735 950 es,
768 872 802 934 ct
833 861 976 938 bellator
1016 864 1127 952 solus,
1169 873 1202 935 et
1236 863 1293 935 tibi
1334 865 1476 956 gloriam
1509 877 1543 938 et
1575 869 1758 958 gratiarum
1794 869 1958 938 actionem
1991 889 2054 938 re-

678 973 824 1050 ierimus.

782 1091 945 1184 Populus.
998 1091 1117 1166 Amen.

783 1207 959 1280 Sacerdos
992 1207 1184 1279 inclinatas.
1239 1203 1569 1295 commemorantes,
1596 1210 1792 1280 memoriam
1827 1213 1956 1301 agimus
1983 1235 2051 1284 co-

678 1346 748 1395 ram
777 1332 827 1412 te,
853 1324 1016 1413 Domine,
1043 1333 1077 1394 et
1104 1321 1146 1392 ad
1174 1321 1416 1396 obsecrandum
1444 1331 1478 1392 te
1505 1320 1712 1410 adducimus,
1745 1325 1886 1416 primum
1920 1324 2050 1418 quidem

677 1447 826 1512 sanctam
854 1440 1048 1529 genitricem
1081 1439 1146 1509 Dei
1175 1436 1339 1524 Mariam,
1382 1446 1416 1507 et
1446 1458 1702 1532 praecursorem
1733 1437 1898 1526 loannem
1931 1440 2051 1534 Bapti-

677 1563 782 1641 stam,
810 1552 1013 1648 Stephanum
1039 1555 1179 1649 primum
1204 1553 1449 1638 Diaconorum‚
1480 1562 1514 1623 et
1539 1563 1878 1649 proto-martyrem,
1907 1577 2051 1646 agmen-

677 1690 742 1762 que
769 1677 977 1758 sanctorum,
1003 1665 1262 1763 Prophetarum,
1297 1667 1557 1762 Apostolorum,
1584 1667 1779 1763 Martyrum,
1808 1668 2049 1743 Conlessorum

678 1794 711 1855 et
738 1783 957 1879 reliquorum,
986 1805 1125 1878 quorum
1152 1786 1286 1855 nomina
1314 1785 1437 1882 scripta
1464 1793 1539 1854 sunt
1565 1786 1598 1852 in
1624 1781 1711 1855 libro
1738 1787 1837 1856 vitae.

768 1901 941 1994 Papulas.
964 1919 968 1925 ·
995 1899 1100 1995 llyrie
1128 1898 1265 1970 eleison.

695 2065 707 2074 -
783 2015 960 2088 Sacerdos
997 2015 1134 2086 elecaas
1172 2036 1299 2087 aecem,
1360 2013 1404 2086 Ut
1443 2014 1697 2108 deprecationes
1737 2013 1867 2085 illorum
1907 2027 2047 2104 tuorum,

673 2128 805 2224 placide
847 2132 1053 2225 suscipiens,
1097 2134 1284 2200 orationes·
1304 2151 1420 2201 eorum
1465 2138 1580 2220 gratas
1615 2129 1730 2223 pietati
1766 2138 1842 2199 tuae
1881 2143 2047 2226 acceptes.

672 2243 747 2317 Nos
776 2266 906 2339 quoque
939 2245 1138 2334 conjunctim
1173 2242 1439 2315 obsecrationem
1471 2241 1701 2338 imperfectam
1732 2252 1900 2333 nostram,
1934 2269 2047 2320 coram

673 2368 708 2431 te
744 2361 840 2431 simul
880 2358 1094 2447 effundimus,
1135 2379 1358 2453 rogamusque
1395 2367 1429 2428 et
1465 2357 1699 2453 deprecamur,
1742 2367 1778 2430 ut
1813 2377 1878 2430 non
1911 2372 2046 2436 avertas

672 2473 792 2546 faciem
821 2485 909 2545 tuam
937 2497 956 2544 a
984 2473 1102 2562 nobis,
1128 2495 1237 2568 neque
1264 2478 1297 2545 in
1324 2477 1374 2545 ira
1402 2474 1572 2566 elongeris
1600 2497 1618 2544 a
1645 2472 1762 2546 nobis:
1790 2495 1857 2546 non
1873 2477 1906 2546 in
1933 2477 2046 2550 imore

672 2597 730 2662 tuo
759 2589 933 2685 disperdas
961 2612 1043 2678 nos,
1070 2611 1188 2660 verum
1216 2588 1397 2663 secundum
1423 2587 1694 2660 benevolentiam
1708 2600 1794 2660 tuam
1815 2589 1951 2682 posside
1971 2614 2045 2682 nos,

673 2715 707 2776 et
741 2728 804 2801 per
843 2705 1073 2778 abundantiam
1109 2704 1266 2777 bonitatis
1302 2716 1395 2792 tuae,
1414 2771 1416 2776 ,
1437 2725 1541 2798 parce
1575 2705 1682 2776 nobis.
1736 2703 1885 2776 Illumina
1921 2705 2045 2780 vultum

671 2829 761 2892 tuum
790 2843 998 2916 supernos,
1026 2831 1059 2892 et
1085 2842 1188 2916 super
1214 2843 1345 2893 omnem
1371 2818 1506 2914 plebem
1532 2819 1745 2892 haereditatis
1773 2829 1866 2908 tuae,
1894 2824 1970 2914 quia
1989 2821 2044 2894 tibi

671 2935 792 3030 placet
809 2935 946 3009 salutem
974 2947 1164 3033 praestare,
1196 2947 1230 3008 et
1262 2946 1318 3008 tua
1351 2944 1403 3006 est
1436 2959 1506 3030 pax
1533 2946 1567 3007 et
1593 2935 1699 3007 salus:
1736 2934 1860 3028 tibique
1893 2936 2043 3027 gloriam,

672 3061 706 3122 et
732 3056 913 3144 gratiarum
942 3057 1104 3126 actionem
1131 3052 1319 3141 offerimus,
1346 3061 1380 3122 et
1406 3054 1576 3142 unigenito
1604 3051 1689 3122 Filio
1717 3061 1783 3122 tuo.

775 3168 936 3261 Populos.
989 3171 1109 3241 Amen.

774 3284 950 3356 Sacerdos
976 3285 1168 3354 iaelinatos.
1222 3282 1391 3354 Memento
1419 3286 1518 3354 otiam
1533 3281 1675 3353 Domine
1702 3282 1835 3352 Petrum
1863 3280 2042 3354 electorum

670 3410 704 3472 ct
738 3411 946 3489 sanctorum,
979 3398 1262 3486 Patriarcharum,
1299 3409 1333 3469 et
1368 3420 1484 3470 eorum
1521 3401 1575 3492 qui
1603 3401 1801 3491 interpretes
1838 3407 1872 3468 et
1907 3399 2041 3468 ministri

669 3515 801 3588 luerunt
828 3519 1065 3612 mysteriorum
1093 3536 1267 3587 sacrorum
1293 3512 1469 3585 Ecclesiae
1498 3523 1573 3583 tuae
1600 3521 1754 3584 sanotae:
1787 3514 1934 3583 maxime
1961 3533 2041 3582 varo

670 3629 807 3722 lgnatii,
834 3633 1005 3727 Dionysii,
1033 3630 1127 3719 Julii,
1154 3629 1343 3718 Athanasii,
1370 3628 1497 3718 basilii,
1518 3629 1686 3719 Gregorii,
1713 3628 1883 3716 Dioscori,
1911 3627 2040 3714 Severi,

670 3746 939 3843 reliquorumque
965 3746 1206 3844 Apostolorum
1234 3755 1268 3817 et
1293 3747 1488 3834 Pastorum,
1516 3747 1569 3838 qui
1599 3741 1640 3814 ad
1668 3752 1701 3814 te
1727 3745 1964 3833 migraverunt.

772 3864 934 3958 Papulas.
986 3864 1092 3958 llyrie
1119 3862 1257 3934 eleison.

779 3978 955 4050 Sacerdos
990 3978 1128 4049 eteoaas
1165 3999 1291 4060 ccccm.
1342 3976 1526 4062 DoctoreS,
1567 3969 1777 4069 EpiscoposJ,
1818 3983 1850 4042 et
1892 3983 2039 4044 rectores

668 4098 781 4166 ovium
814 4093 1046 4190 spiritualium,
1082 4114 1223 4184 gregum
1257 4102 1386 4163 tuorum
1422 4090 1677 4163 sacerdotalium
1711 4091 1860 4184 suscipe,
1886 4090 2037 4174 Domino,

668 4219 703 4278 et
729 4229 789 4278 eos
817 4212 871 4303 qui
898 4232 971 4280 cum
999 4211 1190 4293 sanctitate,
1217 4210 1397 4302 prhnitias,
1425 4230 1519 4280 more
1544 4205 1745 4302 Apostolico
1773 4215 1934 4300 ceperunt
1951 4204 2036 4276 hae-

667 4323 817 4395 reditatis
850 4323 1030 4418 pacificae,
1063 4317 1283 4414 Theologiam
1319 4323 1446 4395 sedicet
1482 4326 1674 4418 acquisitam
1707 4323 1870 4413 sanguine
1906 4319 2038 4392 salutari

669 4436 793 4508 Christi
819 4442 978 4530 unigeniti
1004 4438 1079 4510 Filii
1107 4441 1170 4510 tui:
1198 4460 1315 4510 eorum
1342 4442 1396 4533 qui
1424 4443 1457 4510 in
1482 4437 1646 4512 Ecclesiis
1674 4439 1736 4510 tuis
1764 4441 1888 4510 sanctis
1922 4436 2036 4532 expli·
2166 4437 2170 4442 ’

669 4564 831 4624 caverunt
857 4554 989 4643 verbis,
1017 4553 1158 4646 gloriam
1185 4554 1449 4646 magnificentiae
1476 4558 1572 4648 regni
1597 4559 1642 4626 tui
1676 4554 1838 4646 gloriosi,
1871 4562 1906 4624 et
1940 4572 2038 4646 super

666 4665 914 4740 fundamentum
940 4669 1016 4742 lidei
1043 4668 1304 4750 aedificaverunt
1330 4673 1501 4743 scientiam
1528 4675 1719 4744 universam
1755 4691 1859 4742 verae
1893 4667 2037 4760 religio-

665 4786 736 4869 nis,
764 4783 997 4880 salubremque
1024 4785 1223 4858 doctrinam:
1257 4785 1302 4858 Ut
1327 4809 1389 4882 per
1422 4790 1681 4860 intercessiones
1718 4809 1833 4860 eorum
1868 4807 1969 4880 puras
2005 4793 2038 4854 et

667 4897 909 4994 acceptabiles,
935 4903 1094 4988 Domine,
1122 4925 1190 4974 non
1216 4901 1385 4997 relinquas
1412 4924 1475 4974 nos
1508 4906 1683 4998 expositos
1716 4903 1841 4978 insidiis
1872 4913 1906 4974 et
1940 4900 2036 4972 deci-
