4804 6026
646 513 677 587 Π
1076 518 1577 598 ulssuntltlo

648 727 716 776 non
742 703 841 779 modo
868 705 1044 799 lbeologi,
1071 705 1131 778 sed
1158 704 1315 801 synodus
1351 715 1449 778 sexta
1476 715 1668 779 statuerunt
1720 705 1819 780 Nulla
1845 705 1898 780 bic
1924 711 2011 781 inter

649 818 862 894 Ortbodoxos
889 833 922 894 et
947 823 1146 896 Haereticos
1171 824 1359 918 opinionum
1387 821 1552 895 dissensio
1581 833 1641 894 est„
1675 820 1720 893 Et
1745 845 1784 894 re
1809 845 1893 896 vera
1919 824 2009 896 nulla

646 939 833 1028 intereos,
860 943 1039 1012 autetiam
1066 936 1327 1010 interGraecos
1362 947 1397 1009 et
1421 937 1542 1034 Syros,
1579 959 1657 1010 esse
1690 943 1812 1034 potuit3
1852 941 2011 1035 quando..

647 1051 776 1145 quidem
805 1075 851 1124 cx
877 1053 1026 1126 codicum
1052 1057 1222 1148 utriusque
1247 1053 1381 1146 linguae
1414 1055 1665 1150 comparatione
1690 1054 1866 1151 Syriacam
1891 1055 2010 1128 Litor-

647 1169 735 1258 giam
760 1169 880 1242 Jacobi
907 1193 952 1242 cx
979 1168 1110 1241 Graeca
1136 1169 1242 1242 fuisse
1268 1191 1475 1264 expressam,
1502 1172 1612 1242 statim
1629 1168 1829 1263 intelligitur.
1856 1170 2010 1245 Graecae

376 1305 429 1360 cae.
448 1309 553 1377 nysam.
573 1307 631 1362 oro.
645 1305 739 1356 usum
767 1308 974 1358 communem
999 1288 1032 1356 in
1057 1284 1212 1357 Ecclesia
1237 1283 1544 1382 Hierosolymitana
1570 1285 1691 1374 nasse,
1718 1288 1902 1360 certissimo
1930 1288 2009 1386 Cy-

321 1395 423 1448 ⁸⁰⁶r⁵l
442 1395 460 1446 ¹·
479 1413 501 1448 ⁰·
519 1397 545 1450 3·
645 1399 709 1472 rilli
735 1401 883 1492 ejusdem
909 1399 1070 1498 Episcopi
1095 1404 1281 1474 testimonio
1309 1401 1562 1490 demonstratur,
1589 1402 1683 1493 cujus
1718 1407 1924 1475 autoritatem
1950 1402 2009 1476 la-

646 1515 817 1589 befactare
844 1515 920 1589 dum
946 1525 1084 1590 conatus
1110 1528 1163 1589 est
1178 1516 1334 1590 Andreas
1359 1517 1501 1589 Rivetus
1516 1516 1714 1590 Criticorum
1744 1518 2010 1610 infelicissimum

645 1634 841 1728 imperitiam
867 1635 940 1728 ipsc
967 1655 1071 1721 suam,
1098 1655 1166 1704 non
1193 1629 1424 1706 Catccbsseon
1456 1631 1765 1729 Mystagogicarum
1800 1638 2009 1731 suppositio-

643 1770 719 1818 nem
746 1748 995 1836 demonstravit,
1017 1745 1057 1820 'ut
1082 1748 1187 1823 fusius
1214 1749 1293 1822 alibi
1318 1747 1545 1845 probavimus.
1579 1747 1674 1820 Unde
1701 1772 1768 1822 non
1793 1751 1893 1824 modo
1920 1751 2010 1824 Hie-

644 1863 833 1961 rosolymis,
861 1865 921 1937 sed
947 1863 1191 1937 inPalaestinis
1208 1862 1371 1938 Ecclesiis
1398 1874 1588 1961 usurpatam
1614 1863 1719 1938 nisse
1744 1866 1866 1939 Jacobi
1891 1867 2009 1939 Litan-

643 1983 733 2072 giam
759 1981 932 2052 evidenter
958 1979 1135 2053 conficitur.
1164 1978 1249 2053 (lum
1273 2003 1359 2053 vero
1385 1979 1527 2077 Syriaca
1553 1977 1665 2072 lingua
1691 1985 1732 2054 iis
1762 1985 1796 2053 in
1828 1986 2008 2079 provinciis

642 2097 824 2168 vernacula
856 2095 961 2184 foret,
998 2099 1195 2192 pracsertim
1231 2099 1265 2169 in
1296 2099 1392 2192 pagis
1420 2105 1454 2167 et
1481 2106 1577 2167 extra
1603 2096 1716 2184 urbes,
1744 2099 1905 2189 originem
1934 2100 2009 2171 inde

644 2211 757 2284 habuit
780 2212 930 2304 Liturgia
957 2210 1119 2308 Syriaca,
1155 2233 1254 2306 quam
1280 2210 1467 2283 Ortbodoxi
1499 2220 1534 2283 et
1558 2211 1733 2284 Jacobitae
1760 2221 1913 2308 anquam
1939 2237 2008 2287 an·-

644 2331 776 2422 tiquitus
804 2327 973 2416 uadum,
999 2327 1063 2399 huc
1088 2349 1194 2422 usque
1221 2337 1463 2416 servavenmt,
1490 2338 1524 2399 et
1550 2325 1630 2423 Syri
1656 2350 1794 2418 omnes,
1822 2332 1851 2401 si
1877 2329 2009 2402 Nesto-

645 2448 759 2517 rianos
785 2445 982 2540 excipimus,
1010 2445 1065 2538 qui
1091 2442 1146 2516 illa
1163 2465 1326 2538 nunquam
1352 2447 1404 2516 usi
1418 2443 1572 2515 videntur
1597 2442 1709 2516 luisse.
1736 2445 1842 2536 Hujus
1860 2449 1893 2518 in
1909 2469 2009 2519 com-

643 2562 732 2631 muni
761 2557 990 2630 Ecclesiarum
1025 2559 1262 2632 consuetudine
1304 2559 1504 2632 diversitatis
1537 2579 1661 2630 causae
1695 2561 1894 2633 verisimiles
1930 2563 2009 2635 for-

642 2679 742 2748 tassis
770 2675 891 2748 multae
917 2679 950 2748 in
975 2686 1118 2748 mentem
1142 2679 1298 2765 veniunt3
1326 2686 1416 2748 certa
1443 2679 1609 2767 assignari
1634 2674 1723 2747 nulla
1748 2687 1870 2772 potest.
1923 2679 2010 2751 Nam

645 2792 733 2887 quod
759 2792 837 2865 odio
870 2791 1139 2866 Orthodoxorum
1166 2793 1199 2865 id
1231 2793 1384 2881 fecerint,
1420 2816 1464 2864 ne
1495 2794 1678 2864 communia
1711 2815 1808 2865 sacra
1839 2791 2010 2885 baberent,

644 2910 750 2981 inanis
777 2911 969 2999 conjectura
996 2919 1063 2998 est,
1090 2932 1189 3004 mam
1220 2909 1445 2982 Jacobitarum
1480 2907 1669 3005 exemplum
1696 2911 1777 2980 satis
1804 2907 1934 2981 refellit.
1961 2911 2012 2982 Illi

646 3027 766 3120 quippe
793 3047 866 3096 cum
893 3028 926 3096 in
952 3027 1112 3122 Aegypto
1141 3024 1356 3098 Orthodoxos
1382 3046 1521 3097 numero
1539 3035 1751 3120 superarent,
1783 3023 1906 3120 talique
1933 3027 2011 3099 odio

558 3147 563 3156 '
607 3121 943 3236 'prosequerentur,
969 3152 1005 3214 ut
1040 3141 1190 3214 scultro
1217 3145 1367 3215 servituti
1397 3139 1714 3212 Muhamedanorum
1741 3139 1885 3229 tradere,
1914 3129 2011 3237 qnam

544 3341 547 3348 Ι
644 3254 705 3328 sub
739 3255 1013 3354 Imperatoribus,
1047 3262 1102 3354 qui
1137 3255 1419 3330 calchedonensis
1456 3255 1576 3354 synodi
1611 3254 1709 3328 fidem
1743 3257 2010 3353 propugnabant,

647 3375 767 3445 vivere
802 3373 993 3446 maluerint:
1028 3376 1062 3446 in
1088 3377 1194 3448 sacris
1230 3372 1356 3446 Officiis
1391 3371 1467 3444 nihil
1497 3380 1724 3461 mutaverunt,
1760 3373 1819 3445 sed
1846 3379 2010 3447 communi

647 3486 798 3580 Litargia
825 3493 871 3560 uti
898 3499 1213 3586 perseveraverunt.
1249 3489 1298 3561 lta
1324 3493 1356 3560 in
1383 3487 1484 3584 Syria
1510 3487 1671 3574 lecerunt,
1699 3509 1772 3559 cum
1799 3487 1865 3559 illic
1889 3492 2009 3582 ingens

645 3625 776 3699 quoque
803 3603 1028 3677 Jacobitarum
1054 3604 1222 3676 multitudo
1248 3604 1345 3678 iorct.
1386 3604 1463 3676 Alia
1495 3606 1595 3696 igitur
1629 3604 1805 3694 singularis
1836 3604 1931 3694 hujus
1958 3607 2008 3674 rei

643 3723 727 3792 ratio
755 3721 945 3815 quaerenda
972 3731 1033 3794 est.

258 3903 262 3914 ,
343 3837 631 3906 puaecmsaempo-
746 3837 801 3908 Ill.
838 3837 998 3922 Quamvis
1034 3861 1055 3909 a
1086 3817 1236 3909 Diodoro
1272 3836 1442 3932 Tarsensi,
1479 3833 1723 3929 Theodoroque
1757 3835 2007 3930 Mopsuesteno,

325 3925 403 3976 '⁰⁰¹³‘
428 3941 473 3976 ⁰¹¹¹
488 3923 632 3978 mmm
648 3953 808 4043 originem
850 3929 1005 4025 habuisse
1039 3952 1194 4026 haeresin
1229 3975 1327 4049 quam
1370 3962 1489 4049 postca
1520 3950 1695 4022 Nestorius
1733 3949 1905 4045 amplexus
1944 3960 2007 4040 est,

648 4066 769 4140 Gracci
795 4066 969 4163 Latinique
993 4068 1098 4161 vulgo
1126 4069 1279 4159 doceant,
1305 4075 1339 4139 in
1366 4091 1431 4162 qno
1459 4069 1704 4140 consentientes
1731 4065 1853 4137 babent
1879 4067 2004 4138 Orien-

646 4183 729 4256 tales
757 4205 889 4273 onmes;
916 4193 1025 4256 mmen
1051 4183 1106 4256 illa
1132 4189 1167 4256 in
1186 4184 1550 4280 Constantinopolitana
1576 4186 1685 4279 potius
1710 4183 1881 4272 Dioecesi,
1908 4204 2006 4276 quam

643 4302 677 4370 in
703 4299 774 4372 aliis
800 4301 981 4395 provinciis
1008 4302 1245 4375 incrementum
1272 4305 1409 4396 accepit.
1436 4301 1473 4372 ln
1499 4299 1598 4395 Syria
1630 4308 1816 4394 propagata
1848 4301 1909 4371 vix
1933 4295 2003 4383 luit,

642 4417 705 4487 nisi
731 4424 907 4512 postquam
931 4416 1186 4514 Mesopotamia,
1213 4423 1245 4490 in
1273 4440 1337 4512 qua
1364 4416 1521 4512 deinceps
1547 4418 1692 4486 maxime
1718 4417 1832 4506 viguit,
1869 4436 1889 4484 a
1914 4414 2004 4484 Per-

643 4553 754 4606 sarnm
781 4531 931 4624 Regibus
959 4542 1120 4630 occupata
1147 4544 1206 4605 cst.
1242 4533 1295 4605 Eo
1328 4532 1454 4607 scilicet
1484 4529 1714 4604 confluxerunt
1744 4527 1933 4600 Nestoriani
1959 4549 2005 4598 cx

646 4657 717 4720 toto
743 4648 895 4721 Romano
922 4647 1077 4746 Imperio,
1109 4673 1184 4722 cum
1213 4647 1345 4742 legibus
1371 4650 1564 4744 proscripti,
1598 4643 1826 4738 Ecclesiisque
1861 4642 2004 4740 spoliati,

322 4025 353 4062 08
372 4025 424 4062 non
442 4018 579 4063 uterentur.

646 4765 731 4860 apud
757 4764 927 4838 Barbaros
962 4770 1126 4858 integram
1156 4765 1341 4838 libertatem
1366 4767 1645 4838 nanciscerentur.
1679 4760 1754 4832 Nec
1781 4781 1821 4832 ca
1849 4761 2005 4848 contenti,

649 4880 791 4954 Cosrois
804 4881 1023 4953 Nuschiruani
1048 4891 1213 4977 potestate
1240 4880 1423 4969 abutentes,
1437 4877 1863 4974 Orthodoxosexpulerunt
1887 4874 2003 4948 Edes-

642 5019 725 5070 sena
758 4995 871 5071 scbola
908 5007 941 5069 et
974 4996 1146 5090 Ecclesia,
1182 5021 1280 5097 quam
1315 4995 1488 5070 Heraclius
1523 5017 1608 5092 pace
1645 5016 1719 5066 cum
1753 4995 1867 5068 Persis
1902 4991 2001 5082 facta,
