4730 6038
720 522 795 596 350
1223 522 1579 602 Lll'llllGld

822 710 984 804 Populea.
1036 710 1156 782 Amen.

822 825 997 898 Sacerdos
1014 826 1206 898 inclinatus.
1240 825 1434 900 Pastoribus
1457 848 1503 898 ex
1521 848 1661 922 quoram
1679 837 1799 899 ventre
1819 823 1952 900 flumina
1976 851 2085 924 aquae

718 945 821 1014 vivae
847 941 1035 1016 fluxerunt:
1065 947 1185 1038 quique
1211 951 1323 1040 potum
1350 942 1528 1015 salutarem
1554 943 1674 1016 ovibus
1701 945 1858 1035 stagnis
1885 946 1950 1015 tuis
1976 967 2084 1039 prae-

716 1055 876 1149 buerunt,
912 1067 1047 1155 praesta
1085 1058 1246 1147 Domine,
1282 1059 1474 1131 memoriam
1509 1061 1640 1155 pietatis
1676 1056 1817 1134 bonam:
1852 1081 1983 1156 nosque
2023 1083 2085 1156 per

718 1171 848 1247 illorum
875 1177 1134 1251 intercessiones
1160 1173 1299 1249 custodi.

820 1290 972 1362 Elecars
997 1314 1122 1364 vocem,
1180 1291 1225 1364 Ut
1257 1289 1385 1363 illorum
1418 1291 1568 1364 docuina
1600 1289 1737 1364 salutari
1769 1291 2017 1365 confirmemur:
2050 1301 2085 1368 ei

718 1405 883 1503 exemplis
910 1415 1040 1504 patrum
1067 1431 1183 1480 eorum
1209 1409 1415 1498 insistamus,
1444 1417 1541 1502 atque
1567 1410 1613 1479 ita
1638 1418 1731 1480 sorte
1757 1418 1792 1481 et
1816 1405 1962 1481 fumiculo
1994 1407 2083 1481 hae-

715 1521 865 1596 reditatis
893 1545 1009 1596 eorum
1035 1546 1099 1598 nos
1126 1523 1245 1618 dignos
1272 1523 1413 1613 efficias,
1445 1533 1478 1595 et
1511 1525 1596 1595 inter
1629 1545 1707 1612 eos,
1740 1533 1776 1596 ut
1800 1523 1863 1612 illi,
1895 1522 2082 1599 referamus

619 1701 623 1708 ,
715 1637 773 1710 tibi
800 1637 952 1731 gloriam.

818 1754 981 1848 Populus.
1033 1756 1152 1828 Amen.

818 1870 995 1944 Sacerdos
1018 1871 1209 1942 inclinatas.
1248 1868 1487 1942 Defunctorum
1506 1871 1560 1963 qui
1580 1868 1790 1942 crediderunt
1807 1873 1981 1965 promissis
2002 1874 2082 1942 uni-

715 1991 819 2081 geniti
839 1986 915 2060 Filii
932 1991 991 2080 tui,
1017 1991 1110 2060 etin
1137 2008 1198 2084 spe
1218 1987 1474 2059 resurrectionis
1501 1983 1760 2076 obdormierunt,
1787 2007 1867 2060 ossa
1893 1989 1927 2058 in
1954 1986 2081 2083 pulve-

714 2126 786 2176 rem
813 2103 969 2194 redacta,
1001 2103 1142 2176 odorem
1167 2105 1391 2177 suscitationis
1418 2102 1541 2173 sentire
1567 2099 1639 2175 fac:
1675 2105 1800 2174 animas
1831 2125 1947 2174 eorum
1979 2103 2081 2176 reduc

714 2220 756 2291 ad
784 2241 900 2292 eorum
926 2219 1107 2306 cadavera,
1134 2230 1168 2291 et
1192 2219 1516 2314 praevaricationum
1543 2216 1675 2290 illomm
1700 2239 1744 2289 ne
1771 2222 1968 2290 memineris.

818 2335 969 2406 Eleoare
1002 2359 1128 2407 cacata
1189 2333 1234 2406 Ut
1268 2356 1331 2429 per
1362 2343 1395 2406 te
1431 2357 1450 2405 a
1480 2344 1589 2406 morte
1621 2333 1781 2431 spirituali
1813 2333 1961 2421 liberati,
1994 2343 2028 2406 et
2060 2359 2081 2408 a

713 2454 849 2544 gurgite
874 2451 1070 2548 perditionis
1100 2450 1209 2523 educti
1235 2459 1269 2522 et
1294 2474 1314 2522 a
1340 2449 1418 2522 limo
1446 2453 1668 2546 corruptionis
1695 2453 1848 2539 extracti,
1874 2473 1962 2523 nunc
1977 2449 2080 2522 fortes

713 2579 892 2661 resurgant
918 2577 952 2640 et
978 2578 1134 2640 enarrent
1159 2564 1381 2638 fortitudinem
1408 2577 1442 2638 et
1474 2571 1615 2659 gratiam
1642 2571 1802 2660 unigeniti
1827 2565 1901 2640 Filii
1934 2571 1992 2655 tui,
2018 2589 2081 2664 per

714 2706 811 2778 quem
838 2705 901 2755 nos
928 2705 1061 2780 quoque
1087 2681 1348 2756 misericordiam
1376 2686 1537 2778 consequi
1563 2705 1749 2779 speramus,
1784 2686 2080 2780 remissionemque

713 2809 930 2894 peccatorum
957 2822 1043 2894 qnae
1068 2809 1205 2895 propter
1232 2821 1306 2871 eum
1334 2809 1403 2888 est,
1430 2809 1497 2872 tam
1522 2797 1634 2892 nohis,
1661 2822 1758 2895 pam
1784 2799 1858 2872 illis.

818 2916 980 3010 Populos.
1033 2917 1185 3004 Quietem
1210 2924 1355 3012 praesia.

822 3031 1007 3104 Sacerdos.
1059 3031 1104 3104 Et
1129 3053 1241 3106 novos
1267 3055 1329 3128 per
1355 3032 1533 3106 secundam
1559 3030 1790 3107 formationem
1816 3032 1934 3126 iactos,
1959 3055 2080 3107 resur-

714 3159 913 3244 gentesque,
940 3147 983 3219 ad
1009 3152 1203 3222 convivium
1231 3149 1402 3245 spirituale
1427 3151 1461 3220 in
1487 3160 1668 3246 conspectu
1694 3159 1773 3236 uro,
1807 3173 1870 3224 nos
1895 3162 2079 3224 renovatos

713 3274 790 3336 tuos
817 3264 1000 3360 aequaliter
1025 3269 1207 3361 pervenire
1233 3276 1381 3363 praesta,
1406 3276 1441 3338 ut
1466 3269 1500 3336 in
1526 3264 1605 3352 hoc,
1641 3269 1726 3340 sient
1759 3269 1791 3340 in
1826 3267 1961 3362 reliquis
1994 3267 2078 3361 glo-

712 3379 868 3470 rificetur,
904 3392 937 3453 et
961 3381 1114 3454 laudetm
1138 3403 1260 3455 nomen
1293 3393 1380 3454 tuum
1413 3381 1689 3475 gloriosissimum
1722 3395 1757 3456 et
1788 3381 2012 3474 benedictum,
2044 3395 2080 3458 ut

713 3500 812 3569 etiam
838 3500 972 3571 Domini
997 3499 1104 3570 nostri
1129 3496 1212 3571 Jesu
1238 3495 1360 3572 Christi
1386 3507 1421 3570 et
1445 3498 1587 3594 Spiritus
1614 3501 1831 3590 sanctinum,
1858 3509 1921 3573 etc.

815 3613 977 3707 Populus.
1030 3612 1082 3685 Ut

815 3729 1000 3800 Sacerdos.
1052 3728 1137 3801 Pax.

815 3844 978 3940 Populus.
1030 3842 1174 3919 Etcum
1202 3847 1317 3942 spiritu
1343 3856 1410 3918 tuo.

816 3959 1001 4034 Sacerdos.
1053 3961 1306 4035 Misericordiae
1331 3960 1396 4033 Dei
1423 3963 1497 4034 sint

815 4077 977 4170 Populus.
1029 4075 1074 4150 Et
1100 4100 1174 4149 cum
1200 4081 1315 4174 spiritu
1341 4089 1408 4151 tuo.

818 4193 994 4265 Sacerdos
1016 4197 1150 4290 srarcpit
1175 4200 1211 4265 et
1235 4198 1349 4290 ripaei
1373 4194 1499 4266 diceres.
1553 4193 1736 4268 Credimus.

815 4308 994 4381 Diacoaaa
1020 4309 1094 4380 alta
1117 4331 1203 4382 occe
1229 4310 1314 4381 dicit
1339 4309 1558 4382 Catholicam.

973 4583 1147 4657 Sacerdos
1173 4585 1258 4657 dicit
1285 4585 1482 4658 Orationem
1507 4586 1554 4657 ud
1579 4586 1679 4659 Pater
1704 4596 1829 4660 noster.

816 4771 935 4866 'lange
968 4775 1128 4864 Domine,
1164 4789 1326 4867 organum
1362 4775 1531 4872 spirituale
1568 4786 1737 4864 nostrum,
1770 4774 1858 4871 quod
1889 4774 1931 4850 ad
1961 4774 2077 4849 laudes

712 4898 786 4961 tuas
812 4888 997 4961 ordinatum
1024 4901 1087 4981 est,
1114 4890 1233 4980 sardia,
1260 4899 1294 4962 et
1320 4889 1455 4966 edecus
1481 4914 1555 4966 cum
1582 4891 1725 4965 motibus
1752 4903 1787 4964 et
1821 4893 2077 4986 cogitationibus

713 5028 800 5102 quae
830 5028 894 5079 nos
928 5005 1123 5079 conturbent
1158 5018 1326 5103 tempera,
1364 5018 1400 5079 ut
1434 5008 1614 5082 secundum
1648 5011 1883 5083 institutionem
1916 5011 2077 5102 unigeniti
2143 5061 2149 5068 -
