4730 6038
605 523 733 603 NOTAE
758 525 799 602 Ili
823 523 1030 602 tumenti
1054 522 1192 602 indoti
1216 524 1418 602 etmulti.
1619 522 1691 598 341

325 709 423 786 nobis
449 714 609 806 mysteria
636 722 691 785 tua
717 721 847 800 sancta,
872 710 934 784 sed
960 711 1002 783 ad
1028 713 1339 808 praeservationem
1365 710 1407 784 ab
1436 709 1590 784 omnibus
1615 733 1696 784 me-

325 827 379 919 lis,
406 838 441 901 et
466 827 509 900 ad
533 827 764 902 liberationem
799 839 833 900 et
859 831 1151 902 conservationem
1184 825 1225 900 ab
1260 824 1413 899 omnibus
1446 830 1629 920 angustiis,
1663 836 1697 900 et

326 945 368 1020 ed
395 945 659 1019 emundationem
685 943 728 1020 ab
756 944 907 1020 omnibns
933 944 1092 1034 maculis,
1126 954 1160 1017 et
1192 944 1234 1016 ad
1267 943 1537 1040 consequendam
1563 966 1696 1041 pnrga—
1827 946 1830 952 '

325 1063 447 1134 tionem
474 1060 658 1158 perlectam
685 1061 727 1135 ab
755 1060 909 1137 omnibus
935 1058 1291 1158 praevaricationibus,
1319 1070 1353 1131 et
1379 1059 1421 1131 ad
1448 1065 1696 1158 susceptionem

228 1227 231 1240 ι
326 1179 470 1250 omnium
497 1176 764 1251 benedictionum
790 1189 824 1250 ct
849 1177 1031 1267 bonomm‚
1069 1187 1103 1250 et
1135 1175 1366 1250 liberationem
1398 1199 1416 1246 a
1444 1162 1550 1249 Belial
1580 1200 1696 1250 vena-

326 1301 401 1366 tore
427 1295 621 1384 animarum
648 1301 682 1365 et
708 1293 750 1365 ad
776 1293 965 1386 effugienda
992 1296 1198 1366 amarissima
1225 1295 1366 1388 suspiria
1394 1315 1481 1387 quae
1505 1291 1602 1366 finem
1627 1314 1695 1365 nou

326 1407 459 1498 babent,
484 1420 766 1504 reservanturque
792 1409 1007 1507 operantibus
1033 1410 1131 1502 mala,
1158 1408 1261 1483 etad
1287 1410 1542 1504 consequendas
1560 1409 1696 1482 delicias

326 1528 560 1622 sempitemas‚
587 1549 674 1622 quae
699 1530 870 1622 repositae
896 1537 972 1601 sunt
998 1525 1212 1624 operantibus
1238 1525 1345 1599 bona:
1379 1536 1415 1598 ut
1448 1549 1522 1599 cum
1548 1525 1612 1598 illis
1640 1527 1695 1620 qui

328 1641 419 1736 digni
444 1650 540 1714 erunt
565 1641 770 1717 haereditate
796 1653 867 1732 tua,
901 1643 1064 1716 laetemur
1089 1647 1122 1715 in
1148 1640 1365 1716 tabernaculo
1391 1645 1489 1736 regni
1515 1647 1580 1735 tui,
1607 1640 1696 1739 quod

329 1757 452 1830 anierri
469 1781 536 1832 nou
552 1768 675 1855 potest,
692 1769 726 1832 et
740 1757 926 1833 referemus
943 1760 1002 1834 tibi
1025 1759 1168 1854 gloriam
1192 1769 1225 1831 et
1244 1756 1376 1831 laudem
1393 1760 1552 1855 Patrique
1579 1769 1635 1830 tuo
1659 1767 1694 1830 et

296 1911 303 1923 ·
328 1873 465 1970 Spiritui
491 1884 608 1950 sancto
635 1884 692 1949 tuo
719 1897 806 1948 nunc
832 1884 866 1948 et
881 1896 1014 1975 semper
1041 1878 1133 1948 etin
1159 1873 1294 1948 saecula
1319 1873 1539 1948 saeculorum.
1571 1874 1693 1946 Amen.

668 2233 1308 2285 ψ

386 2622 481 2774 ἱΙΝ
526 2623 907 2718 titubarunt
948 2621 1195 2718 titoni
1250 2619 1603 2714 Bnnnnntl

925 2834 1098 2918 nortl.

813 3117 848 3188 1.
886 3117 1047 3212 Litorqio
1072 3113 1208 3188 Jacobi.

417 3325 491 3404 Hoc
519 3339 639 3404 nomine
674 3336 863 3402 famosissimi
891 3337 970 3419 apud
999 3339 1094 3421 syros
1121 3335 1274 3400 Jacobitas
1303 3332 1432 3398 extitere
1462 3333 1585 3415 plures,
1616 3355 1692 3418 quos

329 3459 442 3522 aeque,
472 3455 533 3502 non
560 3437 648 3500 modo
669 3445 703 3502 ut
725 3437 872 3515 Sanctus,
900 3436 956 3502 sed
982 3445 1016 3500 ut
1044 3436 1200 3500 Ecclesiae
1231 3453 1305 3498 suae
1334 3434 1515 3516 praecipuos
1545 3433 1693 3500 Doctores

327 3547 526 3616 venerantur,
562 3543 592 3600 et
620 3538 651 3600 in
680 3535 837 3620 Diptycbis
867 3544 1110 3602 commemorant.
1155 3536 1184 3599 ls
1214 3553 1302 3616 quem
1332 3553 1350 3596 a
1381 3532 1505 3596 Graecis
1533 3533 1693 3599 Zanzalum

327 3638 420 3722 vulgo
443 3636 624 3719 appellatum
647 3636 741 3700 luisse
763 3643 893 3699 testatur
913 3635 1121 3720 Nicephorus,
1144 3641 1175 3697 et
1197 3651 1286 3716 quem
1309 3629 1377 3715 Syri
1400 3633 1465 3710 sui,
1495 3631 1607 3715 duplici
1620 3692 1622 3711 ,
1636 3653 1694 3698 co·
1723 3647 1858 3717 dicepti.
1879 3645 2015 3702 loeta.

327 3739 469 3820 gnomine
492 3736 669 3816 designant,
700 3735 825 3816 Syrisce
848 3735 968 3817 quidem
996 3735 1183 3810 scribentes,
1212 3733 1376 3812 Fassclitu,
1404 3731 1536 3796 Arabico
1563 3733 1694 3811 Bnrdui,

328 3854 416 3918 quam
439 3851 544 3898 vocem
567 3831 691 3916 Syriaca
714 3837 902 3916 exprimunt,
924 3842 957 3897 ut
978 3833 1027 3898 bic
1049 3835 1162 3915 scripta
1185 3840 1249 3911 est,
1270 3830 1454 3916 Bordpneo:
1488 3833 1598 3896 Graeci
1626 3832 1695 3896 Bn-

327 3935 470 3998 rndntnm
491 3935 693 4015 pronuntiant.
737 3933 798 3997 Alii
819 3934 1007 3998 recentiores
1029 3933 1166 4011 luerunt,
1189 3931 1405 4012 Botnanensis,
1428 3950 1483 3996 seu
1496 3932 1693 4016 Semgensts:

326 4032 517 4108 Edessenus,
539 4031 672 4096 lamosus
695 4032 775 4113 apud
804 4050 858 4096 eos
889 4033 1078 4118 ilbeologus,
1114 4041 1146 4096 ct
1174 4033 1344 4113 scripturae
1374 4033 1535 4113 interpres.
1578 4031 1694 4095 Primus

327 4133 366 4196 de
395 4150 455 4215 quo
486 4132 643 4196 dicendum
671 4139 733 4212 est,
767 4133 913 4215 cujusque
944 4134 1063 4198 nomine
1093 4131 1169 4196 banc
1197 4131 1362 4213 Litargiam
1388 4130 1516 4210 babent,
1545 4137 1577 4193 ut
1606 4131 1694 4194 etiam

327 4232 453 4296 duorum
475 4232 637 4296 alterorum
660 4229 813 4316 singulas,
835 4231 957 4296 Bardo?
977 4229 1146 4340 appellatus
1168 4238 1217 4295 est
1243 4232 1325 4312 qaod
1353 4234 1383 4294 ei
1411 4233 1540 4294 amictas
1570 4238 1653 4308 erat,
1676 4250 1694 4292 a

328 4331 508 4412 acymtnttas
528 4331 702 4395 Alborodci
721 4351 776 4394 seat
796 4332 985 4394 dorsuolm
1005 4350 1085 4413 pace
1096 4332 1242 4411 jumentis
1263 4331 1391 4393 lantani
1410 4331 1521 4410 solent,
1548 4331 1691 4394 connum.
1762 4353 1867 4421 mk,
1897 4355 1960 4409 rm,
1987 4357 2014 4409 2.

327 4429 428 4494 Verba
449 4439 519 4494 sunt
539 4429 679 4512 Eutycbii
699 4429 897 4494 Alexandrini
926 4431 1090 4495 secundum
1117 4432 1290 4494 versionem
1311 4427 1461 4493 Pocockii.
1505 4430 1600 4494 Favet
1622 4429 1762 4512 buicpcp.
1781 4442 1841 4493 m.

327 4529 528 4612 etymologiae
552 4529 687 4612 eJusdem
709 4530 795 4595 vocis
815 4520 988 4616 ‘Ouoloyloe
1010 4539 1042 4594 ut
1063 4549 1178 4615 graece
1199 4537 1324 4592 vocatur
1345 4548 1401 4593 sen
1421 4528 1592 4610 Confessio,
1615 4549 1693 4611 quae

327 4629 657 4710 Syro-Jacobiticarum
669 4628 896 4695 Ordinationum
917 4632 977 4694 ritu
998 4631 1130 4714 exigitur
1151 4629 1188 4693 ab
1211 4628 1398 4708 ordinandis,
1420 4631 1452 4693 iu
1479 4649 1538 4712 qua
1558 4629 1693 4694 lacobus

328 4727 379 4792 ille
401 4729 480 4792 inter
500 4729 577 4793 alios
598 4729 748 4794 Doctores
769 4731 938 4795 recensitus
951 4729 1119 4813 appellatur
1128 4730 1286 4806 Fossedta,
1309 4728 1394 4810 cujus
1415 4730 1501 4794 vocis
1524 4729 1612 4813 origo
1634 4737 1693 4808 est,

327 4827 365 4890 ab
388 4844 425 4890 ca
448 4848 526 4910 quae
547 4829 707 4911 Scpmmtc
728 4828 891 4914 significat,
914 4850 973 4912 qua
995 4830 1214 4914 significatione
1236 4817 1433 4915 ῥακενδύτης
1455 4828 1533 4912 apud
1557 4828 1692 4893 Graecos

326 4929 514 4994 recentiores
543 4937 716 5011 usurpatur.
760 4926 942 5010 Coujectura
971 4937 1071 4994 tamen
1098 4949 1169 4995 esse
1197 4935 1299 5010 potest
1319 4928 1439 4992 nomas
1458 4936 1599 4992 vocatum
1621 4947 1691 4994 esse

325 5023 363 5090 ab
386 5027 464 5092 urbe
485 5029 628 5110 Bomos,
658 5046 735 5112 quae
757 5045 818 5094 non
839 5027 931 5112 longo
954 5031 991 5094 ab
1014 5031 1167 5096 lstacbara
1189 5030 1304 5112 aberat,
1326 5031 1357 5094 in
1378 5035 1519 5092 moutam
1540 5027 1688 5114 Regione,

1398 5132 1482 5210 46*
