4728 6028
581 727 632 802 IN
664 724 956 802 LITURGIAS
990 723 1263 803 Sl'RlAGAS.
1556 725 1606 798 65

233 913 319 978 istius
341 913 488 976 mistionis
510 911 668 989 inventor,
697 928 714 973 a
744 908 936 974 Christodulo
959 910 1164 990 reprehensus
1193 917 1255 985 est,
1289 909 1344 972 sed
1377 908 1414 971 ad
1446 927 1514 972 enm
1536 917 1608 972 tan-

236 1031 323 1094 quam
346 1013 556 1092 Syrianomm,
579 1009 638 1072 boc
660 1018 708 1072 est
731 1009 876 1090 Syrorum
897 1008 1102 1072 laccbitarum
1132 1025 1304 1089 supremum
1333 1008 1505 1071 Antistitem
1528 1027 1608 1089 que-

235 1113 298 1176 rela
322 1111 438 1188 delata,
462 1128 551 1190 quam
573 1110 600 1172 si
621 1109 743 1172 vivente
766 1106 862 1171 altero
885 1107 1040 1191 neglexit,
1062 1115 1170 1189 postea
1200 1116 1234 1171 ut
1255 1107 1297 1170 illi
1317 1107 1507 1172 satisfaceret
1528 1126 1607 1189 ope-

235 1231 299 1276 ram
323 1209 460 1289 dedisse,
484 1211 592 1291 probat
614 1227 651 1272 ea
674 1226 763 1288 quam
785 1207 913 1270 diximus
935 1207 1098 1291 Apologia.
1141 1207 1174 1268 ln
1192 1206 1242 1269 illa
1262 1215 1397 1271 autorem
1412 1227 1447 1272 so
1459 1208 1607 1271 mistionis

234 1313 314 1377 illius
337 1327 399 1373 non
422 1311 577 1394 agnoscit,
600 1327 700 1389 nequo
722 1307 885 1371 verisimile
909 1315 956 1370 est
977 1313 1049 1370 tunc
1072 1305 1150 1369 illam
1173 1307 1293 1370 noviter
1314 1305 1409 1370 fuisse
1431 1309 1606 1386 institutum,

236 1410 291 1474 sed
314 1410 505 1492 displicuisse
528 1407 739 1485 Christodulo,
762 1405 842 1489 quod
864 1404 1025 1469 Archiater
1047 1405 1185 1468 illoram
1207 1423 1315 1468 novam
1330 1413 1516 1487 attentasset,
1540 1426 1607 1470 cum

238 1510 389 1585 Oblatam,
426 1524 511 1571 more
548 1507 585 1570 ab
616 1506 755 1578 Ecclesia
788 1504 995 1569 Alexandrina
1029 1505 1151 1568 diuerso
1184 1513 1407 1585 praeparatam,
1438 1506 1605 1572 obtulisset.

237 1609 395 1674 llabebant
417 1609 529 1691 quippe
552 1609 620 1690 Syri
641 1606 797 1670 lacebitae
818 1606 849 1668 in
871 1604 1014 1687 Aegypto
1034 1605 1157 1667 stabiliti
1179 1604 1332 1668 Ecclesiae
1355 1623 1430 1668 snae
1453 1609 1554 1690 gentis
1577 1615 1608 1670 et

239 1717 341 1773 sectae
364 1692 522 1789 proprias,
545 1708 575 1770 in
599 1706 706 1787 quibus
728 1723 816 1770 sacra
839 1722 894 1768 suo
917 1705 977 1766 ritu
998 1703 1163 1784 faciebant,
1186 1703 1369 1778 sinentibus,
1393 1713 1444 1768 ant
1465 1705 1607 1768 dissimu-

236 1810 368 1872 lantibus
391 1807 570 1870 Patriarcbis
592 1805 817 1880 Alexandrinis,
840 1804 921 1884 quod
944 1805 983 1866 ob
1006 1804 1112 1868 Severi
1126 1803 1309 1866 Antiocheni
1324 1806 1505 1881 memoriam,
1527 1806 1608 1869 mul-

240 1914 298 1969 tum
321 1905 519 1970 Antiochenis
542 1905 725 1982 tribuerent,
748 1905 798 1985 qui
820 1901 997 1985 frequenter
1018 1904 1048 1964 in
1062 1893 1253 1986 Aegyptum,
1277 1901 1326 1964 ubi
1349 1903 1485 1986 sepultus
1498 1902 1606 1984 fuerat,

238 2005 396 2088 religionis
420 1995 511 2068 eausa
534 2003 751 2068 commeabant.
795 2002 979 2084 Ignorabant
1008 2019 1129 2082 quoque
1160 2000 1298 2066 fortassis
1320 2001 1519 2066 Alexandrini
1547 2005 1608 2068 Pa-

239 2105 379 2168 riarchae
402 2104 528 2167 aliorum
554 2103 756 2166 Jacobitarurn
780 2101 975 2181 disciplinam,
998 2110 1031 2166 ut
1053 2121 1093 2164 ex
1116 2101 1174 2164 allo
1196 2101 1346 2164 llistoriae
1368 2102 1437 2166 loco
1460 2107 1608 2185 agnosci-

239 2225 312 2268 mus.
358 2205 433 2266 Nam
456 2203 623 2284 Gregorius
646 2201 765 2284 quidam
786 2201 988 2264 Armenorum
1010 2201 1193 2281 Patriareba,
1216 2203 1247 2264 in
1261 2201 1436 2283 Aegyptum
1459 2221 1525 2266 cum
1548 2223 1607 2268 ve·
1672 2202 1735 2256 ¹¹5⁸!-
1761 2203 1833 2257 Patr.
1857 2203 1932 2256 Alea.

238 2306 350 2381 nisset,
372 2321 468 2383 seque
495 2302 699 2365 tacobitarum
726 2301 813 2364 fidem
842 2301 978 2381 profiteri
999 2308 1128 2365 testatus
1157 2300 1278 2380 fuisset,
1308 2309 1448 2382 tanquam
1476 2304 1514 2365 ad
1543 2323 1608 2368 rem
1634 2307 1661 2358 Ρ·
1680 2289 1742 2341 ⁴⁶⁰·
1760 2289 1821 2342 ¹²92·

239 2421 363 2484 novam,
387 2402 505 2483 sibique
527 2402 612 2482 prius
635 2402 847 2480 incompertam
866 2401 1086 2482 obstupuerunt
1100 2400 1255 2484 Aegyptii.
1289 2401 1370 2464 Fieri
1388 2403 1481 2484 igitur
1502 2405 1610 2485 potuit,

239 2511 271 2566 ut
292 2502 364 2584 quid
388 2503 417 2564 in
441 2500 590 2564 Ecclesiis
609 2500 804 2581 syriacorum
825 2499 954 2578 illorum,
973 2500 1054 2562 circa
1075 2499 1249 2564 Oblatarnm
1267 2504 1530 2582 praeparationem
1552 2505 1612 2566 ob-

240 2609 430 2682 servaretur,
460 2599 659 2663 Alexandrini
681 2598 872 2663 Patriarcbae
893 2600 1078 2683 ignorarint,
1107 2619 1174 2662 cum
1197 2601 1227 2662 in
1257 2601 1325 2664 illos
1348 2603 1518 2682 precarium
1541 2613 1611 2668 tan-

239 2700 411 2780 tummodo,
434 2702 513 2764 sicut
535 2700 566 2763 in
588 2701 753 2775 Armenos3
776 2717 838 2760 non
859 2699 981 2781 plenum
1003 2705 1034 2760 et
1057 2698 1241 2780 absolutum,
1273 2710 1306 2763 ut
1329 2719 1405 2784 erga
1434 2701 1611 2784 Aethiopes,

236 2803 287 2884 jus
310 2801 470 2864 haberent.
515 2799 633 2881 Quippe
657 2799 777 2880 Syriani
798 2798 841 2860 illi
863 2806 894 2861 et
915 2797 1040 2861 Armeni
1074 2816 1134 2860 non
1165 2806 1263 2862 tama
1290 2799 1488 2877 Patriarchis,
1522 2820 1611 2883 quam

241 2921 259 2964 a
286 2901 397 2964 Viziris
427 2907 458 2962 et
487 2897 616 2962 Sullanis
655 2885 866 2976 obtinuerunt,
904 2905 938 2960 ut
967 2914 1037 2960 suas
1071 2896 1129 2958 sibi
1157 2897 1312 2960 Eccleslas
1342 2898 1455 2963 habere
1487 2900 1610 2966 liceret:

240 3000 405 3064 sufficiebat
427 2999 506 3062 enirn
528 3016 599 3061 esse
621 3000 651 3060 in
674 2997 784 3061 Aulico
806 2997 971 3060 ministerio
994 2994 1126 3058 scribam
1150 2995 1289 3078 aliquem,
1314 3008 1364 3062 aut
1387 2999 1534 3062 bledicum
1554 3002 1612 3065 ad-

241 3119 365 3176 uenam,
389 3099 441 3179 qui
462 3096 636 3160 facultatem
658 3115 675 3160 a
697 3095 883 3179 principibus
905 3095 1087 3176 postularet:
1117 3097 1168 3158 illa
1196 3098 1248 3159 vix
1274 3116 1404 3180 unquam
1433 3102 1611 3181 negabatur.

239 3198 364 3262 Armeni
386 3197 506 3260 Viairos
529 3198 642 3278 aliquot
663 3216 736 3260 suae
759 3198 858 3280 gentis
881 3196 1065 3272 habuerunt,
1092 3203 1126 3258 ut
1155 3196 1347 3276 Eebramum,
1370 3197 1611 3265 Beder-Gema-
1676 3208 1737 3258 liar.
1765 3206 1836 3258 Patr.
1860 3205 1934 3258 Alea.

240 3297 310 3360 lium
334 3305 366 3360 et
388 3298 481 3373 alios,
504 3315 522 3358 a
546 3296 653 3377 quibus
676 3314 738 3358 non
760 3297 905 3362 modcut
925 3294 1080 3356 Ecclesias
1107 3296 1248 3374 proprias
1276 3297 1438 3371 haberent,
1469 3298 1612 3364 obtinue-
1638 3312 1665 3362 Ρ·
1684 3293 1745 3344 5⁰⁶·
1765 3303 1855 3359 etseq.

240 3406 325 3472 runt;
348 3396 404 3460 sed
426 3395 541 3477 aliquas
562 3396 637 3477 ipsis
660 3394 786 3475 Coptitis
810 3396 995 3475 eripuerunt.
1039 3394 1152 3455 Verum
1175 3394 1251 3457 baec
1274 3395 1343 3458 alibi
1365 3395 1462 3458 fusius
1484 3404 1611 3463 tractata

242 3505 323 3560 sunt:
347 3495 385 3558 de
408 3495 560 3578 Apologia
580 3494 706 3558 loannis
727 3494 807 3556 illius
829 3493 1010 3556 Antiocheni
1036 3493 1097 3573 jam
1118 3511 1216 3573 pauca
1239 3493 1366 3557 dicenda
1388 3504 1469 3560 sunt.

325 3594 372 3657 De
395 3594 531 3676 Azymis,
554 3602 585 3656 et
607 3594 790 3656 necessitate
817 3593 904 3674 panis
932 3591 1101 3654 fennentati
1124 3593 1257 3656 continet
1279 3612 1315 3656 ea
1338 3611 1416 3675 quae
1445 3615 1463 3657 a
1486 3593 1610 3660 Graecis
1640 3609 1937 3685 banzymisqutdnaec

242 3695 393 3776 sequioris
416 3692 495 3770 aevi,
517 3711 580 3756 nou
602 3696 698 3756 minus
729 3692 865 3773 prolixe,
896 3708 984 3772 quarn
1012 3690 1137 3754 futiliter
1165 3693 1306 3773 exposita
1336 3703 1421 3773 sunt,
1451 3695 1482 3757 ia
1513 3698 1610 3760 multis
1623 3697 1754 3768 Apologia
1771 3704 1908 3758 conducat.

243 3795 390 3858 adversus
419 3791 543 3854 Latinos
566 3793 702 3871 scriptis,
737 3791 825 3854 editis
855 3797 885 3853 et
913 3791 1131 3871 manuscriptis.
1176 3790 1369 3856 Collectanea
1397 3803 1466 3858 sunt
1496 3795 1612 3858 scilicet

242 3897 431 3957 diversorum
453 3909 560 3954 sacrae
589 3892 764 3972 scripturae
794 3892 929 3953 locorum
959 3889 1105 3954 adversus
1134 3889 1278 3955 ludaicos
1305 3895 1397 3972 ritus,
1428 3901 1459 3956 et
1485 3893 1611 3975 Aryma,

242 3991 433 4056 dissimulatis
456 3992 526 4070 illis,
551 4010 628 4072 quae
651 3993 682 4054 in
704 3991 824 4054 illorum
847 3990 1135 4054 commendationem
1158 3990 1195 4052 ab
1208 3991 1372 4056 Humberto
1394 3992 1505 4074 Sylvae
1529 3993 1613 4057 Can-

243 4092 330 4155 didae
353 4098 384 4153 et
405 4091 550 4154 sinilibus
574 4091 760 4154 Graecorum
783 4092 1009 4154 accusatoribus
1044 4089 1163 4171 objecta
1186 4090 1316 4170 fuerant,
1339 4110 1435 4172 aeque
1463 4094 1611 4174 imperite.

242 4191 456 4274 Adjunguntur
479 4191 648 4254 testimonia
672 4190 812 4274 Gregorii
829 4190 1021 4268 Nazianzani,
1044 4188 1168 4253 loannis
1181 4189 1399 4272 Chrysostomi,
1415 4193 1612 4273 Dionysiiqae

243 4289 452 4369 Atheniensis,
476 4307 554 4370 quae
576 4289 648 4352 nibil
671 4289 708 4352 ad
730 4308 794 4352 rem
816 4288 939 4353 faciant.
962 4288 1053 4351 Extat
1075 4286 1242 4352 de'eodem
1264 4299 1442 4371 argumento
1465 4292 1613 4372 prolixior

244 4390 405 4472 disputatio
428 4389 560 4452 Arabica
582 4390 695 4470 scripta
717 4390 748 4451 in
772 4388 884 4453 Codice
912 4390 1068 4465 Vaticano,
1096 4397 1166 4470 post
1188 4388 1390 4462 Quaestionas
1418 4399 1449 4453 et
1470 4391 1612 4472 Respon-

244 4492 346 4553 siones
370 4489 471 4552 varias
495 4490 577 4552 circa
598 4487 832 4567 Eucharistiam,
862 4505 939 4569 quae
963 4487 1102 4552 dicuntur
1129 4487 1225 4552 factae
1253 4491 1415 4551 recaredum
1444 4491 1613 4554 doctrinam

242 4587 401 4651 Ecclesim
424 4585 577 4668 Copticae,
612 4589 746 4670 quamvis
778 4608 819 4652 ex
848 4587 1025 4651 Orthodoxo
1054 4590 1155 4671 potius
1182 4588 1283 4668 aliquo
1312 4589 1462 4670 scriptore
1492 4591 1610 4654 Graeco

243 4687 406 4750 translatae
428 4686 596 4752 videantur.
641 4685 718 4749 Nam
739 4687 819 4750 inter
853 4689 1020 4751 testimonia
1050 4688 1129 4750 circa
1158 4686 1366 4750 Eucharistiae
1392 4688 1497 4766 fidem,
1526 4688 1577 4752 ref
1593 4724 1612 4736 -

242 4793 350 4846 rantur
372 4785 474 4848 ultima
497 4787 596 4868 capita
619 4784 687 4847 libri
708 4785 833 4850 loannis
856 4787 1034 4850 Damasceni
1057 4785 1094 4848 de
1116 4785 1191 4848 Fide
1214 4785 1400 4848 Orthodoxa.
1432 4787 1481 4850 An
1504 4789 1612 4869 dispu-

243 4884 317 4946 tatio
340 4883 379 4946 de
392 4884 517 4966 Anamis
540 4883 577 4948 ad
600 4892 735 4948 autorem
758 4887 848 4948 totius
863 4886 977 4967 operis,
1000 4893 1050 4947 aut
1063 4884 1101 4947 ad
1113 4885 1238 4947 alterum
1261 4887 1429 4968 quempiam
1451 4886 1612 4950 referenda

243 4985 300 5061 sit,
331 4984 404 5046 sciri
436 4985 488 5046 vix
521 4992 631 5065 potest.
684 4983 801 5048 Dicitur
830 4992 928 5048 autem
957 4985 1035 5048 facta
1064 4983 1328 5065 Constantinopoli
1356 5003 1413 5066 pro
1441 4986 1613 5049 Patriaroha

245 5081 403 5159 blichaele,
427 5101 505 5146 anno
527 5082 695 5147 Alexandri
716 5082 914 5150 MCCCLXV.
937 5084 1100 5164 blartyrum
1116 5081 1257 5149 DCCLX.
1273 5083 1404 5166 liegirae
1418 5085 1611 5150 CCCGXLV.

245 5183 295 5262 qui
317 5200 414 5244 annus
435 5183 602 5264 respondet
624 5200 702 5247 anno
723 5182 924 5248 J.C.th111.
946 5191 980 5246 ut
1002 5181 1078 5294 altor
1095 5182 1273 5261 Alexandri,
1296 5201 1352 5248 seu
1374 5182 1612 5265 Seleucidarnm,
