4728 6028
692 571 778 701 861
1067 569 1684 662 ΟΒὸΕΒΗΤΙΟΝΕὸ

691 756 742 821 An
763 774 839 820 vero
861 755 998 819 inchoata
1020 755 1069 820 illa
1091 756 1140 836 sit,
1164 765 1195 820 et
1222 757 1446 822 lnvocationem
1473 757 1643 839 desideret,
1673 757 1877 822 Orientdibus
1907 776 2059 841 nunqnam

690 855 759 920 talis
783 855 949 936 disquisitio
971 856 1001 918 in
1023 862 1150 918 mentem
1172 858 1269 920 venit:
1299 875 1399 940 neque
1428 857 1467 920 de
1488 858 1538 920 illa
1565 857 1650 934 olim,
1679 865 1730 924 aut
1756 866 1827 938 post
1853 857 2058 922 Florentinum

693 953 871 1032 Concilium,
894 956 1053 1038 quidquam
1076 955 1244 1034 andierunt,
1266 973 1334 1019 nam
1357 955 1395 1018 ad
1422 974 1478 1020 eos
1500 975 1561 1020 non
1583 956 1762 1039 pertinebat.
1807 955 1867 1036 lpsi
1889 956 2009 1035 Graeci,
2030 959 2058 1022 si

692 1055 761 1117 illos
784 1055 883 1136 potius
905 1053 1070 1134 audiamus,
1101 1073 1191 1136 quam
1219 1055 1339 1120 illorum
1367 1063 1581 1134 accusatores,
1610 1075 1672 1120 non
1700 1065 1760 1118 tam
1786 1055 1992 1120 orthodoxam
2019 1057 2059 1120 de

691 1152 795 1216 verbis
818 1154 1051 1216 consecratoriis
1073 1153 1239 1216 doctrinam
1261 1154 1485 1237 impugnabant,
1507 1174 1596 1235 quam
1618 1155 1813 1236 quorumdam
1833 1153 2058 1238 theologorum

690 1251 865 1316 Latinorum
887 1253 1051 1314 sententias
1074 1253 1158 1317 duas.
1196 1253 1260 1316 Una
1283 1262 1359 1332 erat,
1381 1255 1461 1336 quod
1484 1255 1558 1318 solis
1580 1257 1645 1318 istis
1667 1254 1770 1317 verbis
1792 1253 1858 1316 Hoc
1879 1263 1926 1316 ert
1945 1274 2059 1335 eorpus

690 1369 798 1427 metro,
819 1349 878 1412 llic
899 1358 946 1412 ert
965 1353 1089 1432 conquir
1110 1372 1204 1430 nnus,
1227 1354 1416 1417 consecratio
1445 1355 1485 1416 ita
1513 1355 1730 1436 perficeretur,
1759 1359 1792 1414 ut
1821 1370 1838 1414 a
1868 1371 2058 1435 quocumque

692 1448 858 1512 Sacerdote
884 1449 1021 1530 prolata,
1057 1449 1197 1514 effectum
1224 1451 1383 1527 baberent,
1410 1455 1499 1516 etiam
1527 1461 1614 1516 extra
1642 1452 1824 1534 Liturgiam:
1853 1451 1949 1514 altera
1976 1452 2058 1535 quod

690 1565 799 1628 preces
821 1547 977 1612 Ecclesiae
1003 1551 1112 1630 quibus
1133 1550 1184 1614 illa
1207 1560 1335 1630 constat,
1357 1555 1426 1633 piae
1455 1554 1574 1635 quidem
1597 1553 1712 1630 lorent,
1738 1552 1793 1615 sed
1821 1551 1895 1614 nibil
1916 1553 1954 1615 ad
1977 1571 2057 1616 con·

691 1648 889 1710 secretionem
912 1647 1094 1712 conferrent.
1124 1649 1207 1713 llaec
1230 1651 1336 1715 Graeci
1359 1651 1526 1717 traditionis
1549 1659 1580 1715 et
1602 1653 1768 1716 autoritatis
1790 1651 2058 1714 veteruml’atrum

691 1748 958 1827 observantissimi,
985 1749 1143 1812 admittere
1171 1750 1368 1814 recusabant:
1396 1750 1466 1833 Syri
1493 1760 1524 1814 et
1553 1751 1603 1814 alii
1631 1751 1826 1836 ignorabant,
1856 1757 1887 1812 et
1915 1751 2058 1842 ignorant

691 1847 860 1926 etiamnum,
884 1866 984 1929 neque
1005 1847 1197 1930 impingenda
1218 1849 1277 1912 illis
1299 1857 1396 1928 erant,
1419 1869 1496 1932 quae
1518 1868 1668 1932 nunquam
1690 1851 1910 1932 cogitaverunt.
1956 1850 2056 1914 Satius

691 1947 812 2010 omnino
835 1945 962 2009 Dandini
983 1949 1134 2029 interpres
1164 1949 1358 2030 conjecturae
1384 1959 1508 2014 nostrae
1535 1969 1622 2031 quam
1653 1950 1752 2014 obiter
1782 1952 1896 2032 tangit,
1930 1951 2057 2012 animum

692 2045 869 2127 adjiciendo,
893 2047 1084 2110 omissionem
1105 2046 1295 2110 librariorum
1317 2048 1405 2130 culpa
1427 2047 1537 2111 iarum
1560 2051 1748 2130 agnovisset,
1770 2049 1826 2112 sed
1839 2049 1913 2112 ldss.
1926 2047 2056 2112 Codices

688 2143 789 2209 nullos
812 2145 940 2224 viderat,
963 2162 1040 2227 quos
1063 2147 1093 2208 in
1115 2164 1170 2209 ore
1193 2153 1293 2210 tamen
1321 2165 1443 2228 semper
1471 2147 1610 2213 babebat.
1660 2148 1745 2221 Quae
1777 2147 1815 2210 ad
1844 2147 1935 2208 totius
1958 2164 2056 2227 quae-

690 2243 797 2307 stionis
819 2244 1050 2326 explicationem
1072 2246 1234 2326 pertinent,
1256 2247 1363 2325 partim
1385 2248 1524 2328 exposita
1547 2247 1677 2310 suntad
1699 2246 1800 2310 Basilii
1822 2245 1979 2326 Copticurn
2000 2244 2056 2307 Li-

670 2342 830 2436 ⁸iurgium,
854 2349 886 2406 et
907 2342 978 2406 alibi
1000 2342 1094 2408 lusius
1117 2343 1359 2438 explicabuntur.

937 2587 1061 2659 Mortis
1086 2595 1165 2658 tune
1190 2587 1336 2660 Domine
1361 2593 1554 2661 memoriam
1581 2593 1720 2682 aqimus,
1748 2597 1812 2661 etc.

802 2727 838 2804 lu
861 2737 976 2801 Graeca
1003 2737 1109 2801 Jacobi
1139 2737 1274 2823 Liturgia
1302 2747 1373 2820 post
1402 2737 1504 2800 ultima
1534 2735 1646 2800 Christi
1674 2735 1770 2799 verba
1800 2738 1896 2800 donec
1924 2741 2055 2815 nemon,

689 2829 1020 2926 Andematunnum!
1048 2832 1253 2921 dimnaticum
1273 2839 1329 2905 καὶ
1349 2831 1576 2924 ὁμολογοῦμεν.
1623 2839 1779 2902 Onutnm
1806 2849 1837 2903 et
1861 2845 2055 2922 confitenm

691 2942 780 3017 onon
801 2942 944 3005 Diaconis
966 2941 1041 3004 bace
1064 2941 1224 3006 Confessio
1247 2941 1402 3019 tribuitur,
1431 2957 1491 3002 non
1515 2947 1561 3004 est
1583 2940 1748 3002 secundum
1776 2941 1864 3003 ritum
1893 2940 2055 3005 Orientalis

691 3041 860 3120 Ecclesiae,
882 3042 913 3103 in
936 3059 995 3121 qua
1018 3058 1094 3105 unus
1110 3041 1203 3123 vulgo
1225 3039 1377 3104 Diaconos
1399 3041 1556 3118 ministrat,
1578 3046 1609 3102 et
1630 3039 1726 3102 verba
1747 3039 1827 3104 lacit.
1866 3040 1898 3103 ln
1921 3039 2055 3120 Copticis

691 3139 925 3223 exemplaribus·
949 3140 1123 3204 acclamatio
1156 3139 1206 3202 illa
1239 3138 1469 3220 praescribitur,
1497 3139 1552 3202 sed
1580 3157 1598 3200 a
1627 3138 1742 3219 populo
1770 3138 1912 3214 dicenda,
1946 3156 2055 3202 nona

690 3242 842 3306 Diaconis.
885 3240 933 3301 De
954 3257 991 3302 ea
1013 3239 1122 3302 dictum
1145 3240 1245 3302 estin
1267 3238 1489 3305 Commentario
1512 3237 1737 3301 adliasilianam
1751 3237 1926 3322 liturgiam.
1950 3238 2055 3320 Signi·
2091 3265 2094 3272 ·

690 3345 858 3408 ficationem
881 3338 1040 3420 duplicem,
1063 3346 1095 3401 ut
1117 3338 1178 3401 illic
1192 3338 1430 3414 observavimus,
1452 3337 1626 3400 acclamatio
1639 3336 1688 3400 illa
1705 3337 1817 3400 babere
1828 3345 1943 3419 potest:
1966 3357 2076 3430 unamx

690 3443 761 3506 lidei
782 3441 820 3504 de
842 3443 971 3504 veritate
993 3438 1130 3520 corporis
1153 3447 1184 3500 et
1205 3439 1360 3519 sanguinis
1383 3437 1495 3500 Christi
1515 3437 1546 3498 in
1562 3436 1764 3499 Eucharistia:
1787 3437 1913 3500 alteram
1935 3437 1973 3500 de
1996 3457 2056 3502 ve-

689 3542 779 3604 ritate
801 3541 892 3602 tctius
920 3538 1100 3601 narrationis
1129 3536 1350 3620 Evangelicae,
1381 3555 1469 3618 quarn
1491 3555 1510 3598 a
1532 3534 1696 3600 Sacerdote
1727 3536 1857 3617 populus
1886 3535 1993 3600 audiit:
2023 3537 2055 3600 in

690 3657 749 3722 qua
771 3639 855 3720 prior
876 3655 998 3718 quoque
1020 3638 1199 3700 continetur.
1243 3635 1346 3716 ltaque
1369 3635 1448 3698 inter
1468 3634 1634 3717 Liturgias,
1662 3633 1894 3719 Theologosve,
1922 3643 2055 3698 contra-

689 3740 783 3802 rietas
804 3738 885 3800 nulla
909 3737 1027 3800 censeri
1050 3736 1160 3812 debet,
1191 3735 1272 3817 quod
1294 3736 1325 3796 in
1347 3734 1405 3797 illis
1427 3733 1601 3815 simpliciter
1624 3731 1735 3810 Crede
1757 3741 1807 3796 aut
1831 3734 1998 3814 Credimus,
2021 3742 2061 3802 ut.

688 3842 719 3903 in
742 3839 859 3902 Graeco
882 3837 1047 3918 exemplari
1068 3835 1192 3920 legitur:
1215 3836 1245 3897 in
1268 3833 1432 3916 aliquibus,
1461 3841 1494 3896 ut
1516 3835 1546 3896 in
1568 3833 1765 3914 Aethiopica,
1794 3833 1952 3898 Credimus
1981 3853 2054 3896 cere

687 3941 746 4002 bec
767 3957 835 4002 ease
857 3955 967 4018 carpam
988 3943 1085 3998 mum:
1113 3937 1164 3998 bic
1192 3943 1239 3997 ert
1265 3954 1336 4000 nere
1356 3935 1481 4014 scapum
1503 3942 1589 3996 tuuc:
1619 3934 1650 3995 in
1679 3932 1905 4015 Theologorum
1932 3934 2053 4014 scriptis

687 4055 809 4120 quoque
832 4038 906 4100 baec
929 4035 1089 4100 Confessio
1112 4033 1199 4112 fidei,
1229 4033 1266 4096 dc
1294 4039 1356 4094 tota
1383 4031 1567 4115 Evangelica
1597 4033 1770 4095 narratione
1798 4033 1986 4114 explicetur,
2015 4033 2053 4096 ab

688 4135 851 4216 aliquibus:
874 4135 911 4199 ab
934 4135 999 4199 aliis
1021 4135 1060 4198 de
1081 4135 1210 4197 veritate
1232 4131 1371 4213 eorporis
1401 4138 1432 4193 et
1454 4131 1609 4214 sanguinis
1632 4130 1743 4194 Christi
1765 4131 1893 4196 Domini.
1934 4132 1968 4194 ln
1991 4131 2054 4214 Sy-

687 4235 778 4300 riacis
801 4234 962 4300 Codioibus
984 4233 1055 4298 nibil
1077 4233 1198 4317 legitur,
1221 4239 1344 4314 praeter
1362 4248 1550 4295 communem
1571 4231 1707 4294 omnibus
1721 4229 1864 4314 Liturgiis
1887 4231 2053 4296 scrinulum

687 4319 905 4398 cheinnin
925 4349 987 4397 σου
1011 4324 1103 4420 κύριε
1119 4324 1384 4417 καταγγέλλομεν,
1406 4325 1461 4394 καὶ
1475 4319 1534 4415 τήν
1552 4318 1729 4395 menoccle
1743 4345 1804 4392 σου
1827 4321 2052 4413 ὁμολογοῦμεν.

687 4435 814 4496 dlortem
836 4443 919 4496 tuom
939 4433 1066 4496 Domine
1088 4434 1323 4507 metuendumne,
1344 4439 1376 4494 et
1394 4433 1645 4494 resurectionem
1666 4438 1748 4494 tuom
1768 4433 1952 4512 confitemur,
1975 4448 2053 4510 quae
2101 4506 2104 4510 ¹

691 4532 810 4596 Graece
830 4551 849 4595 a
872 4529 999 4612 Coptitis
1022 4533 1146 4596 dicitur:
1174 4531 1281 4612 quibus
1305 4530 1446 4594 nonnulla
1469 4529 1506 4593 de
1529 4531 1679 4612 mysteriis
1700 4529 1759 4614 τῆς
1780 4519 1938 4616 e’vodpxoo
1966 4521 2055 4592 oino-

690 4627 805 4712 νομίας
827 4629 895 4694 addi
917 4649 1126 4713 nonnunquam
1148 4630 1257 4696 solent.
1292 4629 1357 4694 Nec
1380 4629 1466 4692 aliam
1489 4629 1715 4694 confessionem
1737 4637 1966 4711 repraesentant
1988 4627 2053 4692 Cn-

690 4731 773 4796 dices
803 4731 958 4796 blaronitis
984 4733 1118 4815 proprii,
1147 4731 1203 4794 elsi
1231 4731 1356 4794 istorum
1385 4729 1531 4811 Syrorum
1556 4731 1685 4792 maxime
1714 4729 1858 4794 intererat
1886 4729 1967 4793 illam
1992 4745 2054 4792 non

689 4830 842 4911 omittere,
873 4831 898 4894 si
927 4848 993 4894 eam
1023 4831 1205 4895 habuissent.
1254 4829 1343 4892 Valet
1371 4830 1450 4892 enim
1483 4845 1544 4892 non
1578 4828 1783 4908 mediocriter,
1815 4829 1853 4892 ad
1882 4828 2050 4894 diluendam

685 4929 775 4992 nimis
797 4928 954 5012 vulgarem
977 4931 1158 5012 opinionem,
1182 4927 1443 5011 quod0rientales
1465 4928 1567 4992 verbis
1581 4927 1704 5004 Christi,
1727 4929 1763 4992 ad
1780 4931 2050 5009 consecrationem,
2144 4953 2153 4974 ι

687 5030 747 5092 vim
768 5029 878 5092 nullam
901 5037 951 5092 aut
972 5030 1117 5093 modicam
1139 5029 1311 5097 attribuant.
