4730 6038
624 626 627 640 ,
714 568 1343 651 slttcl10ltt1ttt.
1633 573 1710 648 275

342 761 435 847 tatis,
471 767 505 831 ct
530 761 639 854 pacis:
674 757 830 853 dignique
861 758 1040 832 efficiamur
1071 757 1168 832 bonis
1204 758 1268 832 illis
1303 782 1389 855 quae
1428 762 1578 855 promisit
1611 759 1710 835 nobis

342 874 444 948 Filius
471 886 545 947 tuus
571 876 758 966 unigenitus
784 884 818 946 et
845 884 998 948 sanctus:
1031 896 1235 972 perquem,
1270 885 1303 948 et
1338 899 1411 947 cum
1445 897 1511 972 quo
1548 885 1582 948 te
1615 878 1713 949 decet

342 991 462 1084 gloria,
489 990 608 1079 honor,
636 998 670 1061 et
683 993 841 1085 potentia,
869 1015 945 1063 cum
959 991 1083 1087 Spiritu
1110 1003 1167 1064 tuo
1183 985 1404 1081 sanctissimo,
1431 1001 1466 1064 et
1490 992 1592 1080 bono,
1621 993 1711 1066 ado·
1791 993 1798 1008 ‘

340 1108 457 1197 raudo,
484 1106 686 1194 vivificante,
714 1114 748 1178 et
774 1107 833 1179 tibi
860 1107 1142 1182 consubstantiali.

445 1223 607 1316 Populus.
660 1223 779 1297 Amen.

443 1339 627 1411 Sacerdos.
681 1338 756 1410 Pax
780 1339 881 1412 vobis
909 1339 1069 1412 omnibus.

445 1457 607 1550 Populos.
659 1453 702 1526 Et
728 1477 802 1576 cupi
830 1447 944 1552 spiritu
971 1466 1037 1529 tuo.

444 1573 633 1644 Diaconos.
686 1569 774 1643 Date
799 1594 928 1668 pacem.

446 1689 608 1782 Populus.
660 1687 811 1780 Dignare
836 1688 989 1761 Domine.

446 1806 634 1876 Diaconos.
687 1803 884 1877 lnclinemus
911 1806 1021 1900 capita
1047 1814 1163 1878 nostra
1189 1804 1342 1878 Domino.
1434 1839 1438 1844 ·

446 1920 607 2013 Populus.
662 1919 786 1992 Coram
813 1929 847 1990 te
872 1921 1025 1992 Domine.
1143 1941 1157 1958 ·

447 2036 631 2109 Sacerdos.
684 2035 736 2107 Tu
759 2058 800 2110 es
826 2038 926 2127 igitur
950 2039 1137 2124 miserator,
1165 2045 1199 2108 et
1224 2035 1345 2110 multae
1368 2040 1618 2112 misericordiae
1631 2040 1712 2114 Dc-

343 2159 441 2244 mine,
469 2156 544 2249 qnia
572 2175 591 2223 a
619 2163 652 2224 te
680 2151 860 2238 descendit,
889 2163 922 2224 et
948 2154 1052 2223 oritur
1079 2175 1177 2224 omne
1204 2152 1324 2225 donum
1352 2157 1528 2249 optimum,
1566 2167 1599 2228 et
1625 2181 1712 2255 per-

343 2269 482 2358 fectum,
509 2268 669 2358 benedic,
697 2277 731 2339 et
763 2287 930 2340 conserva
966 2267 1162 2342 adoratores
1196 2281 1270 2342 tuos
1303 2273 1402 2360 istos,
1438 2275 1492 2365 qni
1526 2294 1642 2346 coram
1679 2285 1713 2347 te

344 2387 431 2459 colla
464 2405 642 2480 corporum
681 2387 925 2479 animarumque
960 2404 1092 2456 suarum
1131 2384 1391 2474 inclinaverunt,
1424 2397 1457 2458 et
1488 2386 1552 2458 illis
1588 2387 1713 2482 largire

342 2503 464 2576 donum
490 2503 738 2572 miserationum
766 2509 906 2587 tnarmn,
939 2509 1039 2595 atque
1065 2501 1224 2574 auxilium
1250 2501 1432 2598 perfectum
1459 2507 1592 2594 gratiae
1623 2515 1712 2594 mae,

340 2622 436 2713 juxta
462 2618 717 2712 promissionem
744 2613 865 2687 Christi
891 2619 952 2689 tui:
980 2641 1054 2690 cum
1083 2642 1166 2713 quo,
1198 2631 1233 2692 et
1265 2621 1389 2716 Spiritu
1416 2631 1532 2694 sancto
1560 2621 1618 2694 tihi
1645 2621 1712 2692 de-

342 2733 438 2807 betur
465 2733 628 2823 adoratio,
656 2743 718 2804 ctc.

311 2901 315 2906 -
444 2849 606 2943 Populos.
658 2849 777 2923 Amen.

445 2964 628 3038 Sacerdos.
682 2965 874 3039 Creaveras
909 2973 997 3040 enirn
1029 2991 1093 3041 nos
1118 2967 1262 3041 Domine
1296 2993 1316 3040 a
1351 2973 1514 3066 principio
1546 2993 1608 3067 per
1642 2974 1712 3042 mi-

342 3083 558 3157 scricordiam
585 3075 673 3153 tuam
701 3093 889 3177 paternam,
925 3093 958 3154 et
989 3083 1137 3174 beatam,
1169 3107 1232 3158 nos
1266 3090 1321 3180 qni
1346 3090 1495 3181 primitus
1521 3087 1600 3160 nihil
1627 3109 1711 3159 era-

341 3217 430 3271 mus:
457 3199 582 3270 idcirco
609 3195 879 3271 athenopolis
906 3210 996 3272 esset
1021 3203 1055 3270 in
1081 3201 1188 3292 gradu
1214 3200 1271 3273 illo
1300 3201 1451 3289 excelso,
1478 3206 1570 3274 vitae
1597 3225 1711 3296 ange-⁶

341 3313 438 3405 licae,
465 3324 498 3387 et
524 3313 760 3402 immaterialis,
787 3327 821 3388 et
847 3325 957 3386 tamen
983 3327 1098 3389 nostra
1119 3316 1306 3406 voluntate,
1333 3319 1366 3387 in
1394 3339 1553 3406 errorem,
1582 3329 1615 3390 et
1634 3322 1711 3390 rui-

342 3454 418 3504 nam
451 3433 580 3526 pcccati
617 3429 766 3526 prolapsi
802 3453 931 3519 sumus,
970 3431 1088 3504 exules
1124 3431 1202 3504 facti
1243 3455 1263 3502 a
1302 3435 1408 3528 prima
1439 3444 1554 3505 nostra
1591 3439 1709 3530 patria.

342 3547 467 3620 Verum
494 3569 556 3642 per
582 3545 717 3619 easdem
745 3558 899 3619 aeternas
926 3556 999 3619 tuas
1032 3551 1281 3638 miserationes,
1314 3548 1434 3620 Filium
1468 3560 1556 3622 tuum
1583 3553 1710 3642 unige-

342 3667 443 3736 nitum
469 3665 586 3736 misisti
612 3663 654 3734 ad
677 3662 815 3735 salutem
833 3671 993 3753 nostram,
1010 3668 1065 3760 qui
1081 3675 1291 3761 peccatores,
1309 3674 1343 3737 et
1367 3668 1558 3761 insipientes
1586 3689 1712 3756 sumus,

342 3789 376 3851 et
400 3778 508 3852 iactus
535 3787 587 3852 est
612 3778 843 3874 corporaliter,
871 3779 931 3852 sed
959 3780 1086 3876 absque
1110 3784 1291 3856 mutatione
1325 3779 1425 3854 homo
1459 3782 1574 3855 similis
1600 3779 1712 3872 nohis,

342 3908 377 3969 nt
413 3919 476 3969 nos
504 3895 651 3992 'amplius
682 3896 814 3970 divinos
842 3897 1004 3988 efficeret,
1031 3908 1065 3968 et
1100 3897 1141 3970 ad
1166 3901 1338 3994 pristinam
1369 3910 1516 3971 nostram
1549 3895 1710 3970 haeredi-

268 4043 271 4050 ·
342 4020 441 4085 tutem
477 4033 540 4084 nos
573 4011 758 4084 reduceret
811 4013 863 4085 'ln
897 4035 980 4106 ergo
1021 4017 1195 4086 etiamnum
1233 4014 1395 4104 Domine,
1437 4017 1527 4086 mitte
1569 4015 1712 4106 gratiam
1770 4063 1779 4089 .

342 4139 429 4200 tuam
457 4128 499 4200 od
526 4131 761 4222 expiationem,
790 4137 823 4200 et
849 4130 1094 4203 mundationem
1120 4141 1278 4220 nostram,
1305 4139 1339 4202 et
1366 4131 1408 4203 ad
1436 4135 1709 4228 acceptationem,

343 4247 725 4340 consummationemque
757 4249 832 4342 puri
866 4246 980 4339 hujus,
1021 4258 1054 4319 et
1086 4247 1285 4321 immaculati
1321 4247 1494 4338 sacrificii,
1531 4248 1619 4345 quod
1645 4267 1709 4342 pro

342 4365 487 4457 peccetis
516 4365 642 4434 nostris
671 4361 730 4434 tibi
760 4361 940 4452 oderimus,
963 4367 1061 4456 Juxta
1088 4362 1270 4436 doctrinam
1295 4362 1554 4457 Evangelieam‚
1581 4373 1616 4436 et
1649 4365 1710 4434 vi-

341 4478 473 4551 vificam
501 4476 636 4567 Christi,
663 4502 736 4550 cnm
765 4501 829 4574 qno
857 4489 891 4550 te
918 4480 1015 4553 decet
1040 4479 1157 4570 honor,
1185 4479 1303 4574 gloria,
1333 4492 1366 4553 et
1392 4489 1551 4576 potestas.

445 4593 607 4687 Populos.
659 4595 779 4666 Amen.
902 4633 905 4648 ·

445 4711 634 4782 Diaconos.
687 4712 820 4783 Stemus
848 4711 1012 4784 decenter.
1085 4711 1087 4719 '

444 4827 606 4920 Populus.
659 4827 911 4902 Misericordiae
936 4827 1011 4901 Dei.

444 4941 628 5015 Sacerdos.
681 4945 756 5016 Pax
781 4945 882 5017 vohis
910 4945 1073 5018 omnibus.

444 5057 606 5153 Popalas.
658 5057 703 5132 Et
729 5081 803 5133 cmn
830 5062 944 5156 spiritu
970 5072 1037 5134 tno.

379 5195 465 5241 tomus
477 5198 503 5242 u.
