4814 6060
774 721 805 796 S.
837 718 1034 798 Joxrttts
1066 717 1408 802 deotxtdflxu.
1696 725 1771 800 483

403 901 457 973 diu
484 913 593 975 autem
626 905 751 992 inhoc
783 904 903 977 mundo
930 928 1124 994 versamur,
1160 927 1264 1004 parce
1297 917 1339 990 et
1364 907 1438 981 dele
1471 919 1611 1006 peccata
1645 925 1774 1002 nostra,

402 1017 532 1092 occulta
560 1031 594 1092 et
620 1020 806 1108 manifesta,
833 1021 1021 1096 voluntaria
1048 1031 1082 1094 et
1107 1024 1339 1126 involuntaria.
1393 1023 1521 1098 Inuova
1550 1030 1677 1100 animas
1703 1051 1773 1100 no-

402 1144 489 1207 stras
517 1145 550 1206 et
585 1158 729 1232 corpora
757 1145 890 1209 nostra:
926 1140 1024 1209 visita
1058 1161 1121 1210 nos
1147 1161 1209 1232 per
1240 1138 1478 1231 benignitatem
1506 1153 1616 1232 tuam,
1644 1143 1775 1215 effimde

402 1271 592 1345 supernos
619 1250 827 1354 clementiam
854 1264 952 1324 tuam.
1004 1252 1140 1346 Adjuva
1166 1277 1229 1326 nos
1256 1277 1317 1350 per
1344 1258 1486 1347 gratiam
1513 1266 1612 1342 tuam,
1639 1255 1694 1328 fac
1710 1280 1774 1329 uos

400 1370 581 1460 pervenire
614 1367 655 1438 ad
687 1367 785 1438 smem
812 1367 956 1457 honum,
992 1373 1184 1464 exitumque
1215 1370 1398 1464 pacificum.
1452 1369 1654 1446 Demonstro
1690 1395 1774 1466 erga

399 1503 462 1555 nos
489 1485 631 1574 gratiam
659 1491 759 1582 tuam,
787 1483 882 1556 salva
908 1506 971 1556 uos
1000 1486 1205 1578 agehenna:
1229 1490 1363 1584 suscipe
1382 1510 1445 1561 nos
1462 1492 1649 1581 inregnum
1664 1497 1774 1577 tuum;
1826 1484 1829 1492 ’

401 1597 544 1690 adjunge
571 1620 634 1672 nos
661 1603 917 1690 congregationi
943 1600 1141 1675 Sanctorum
1169 1613 1314 1675 tuorum:
1341 1607 1584 1677 constituenos
1612 1603 1655 1678 ad
1682 1603 1773 1676 dex-

400 1723 506 1784 teram
533 1715 714 1806 majestatis
743 1724 829 1786 tuae.
882 1715 935 1787 Da
962 1715 1059 1788 nobis
1087 1727 1122 1788 ut
1149 1740 1309 1791 exeamus
1324 1718 1365 1790 ad
1380 1742 1554 1794 occursum
1582 1731 1670 1792 tuum
1699 1742 1773 1792 oum

400 1839 515 1924 aperta
542 1828 642 1918 faeie,
670 1833 764 1900 utin
791 1828 854 1902 hoc
881 1835 966 1904 sicut
1000 1844 1033 1904 et
1064 1837 1097 1904 in
1131 1834 1283 1907 omnibus
1319 1835 1532 1927 glorificetur
1557 1849 1591 1910 et
1621 1835 1773 1909 laudetur

345 1947 349 1954 '
399 1966 520 2016 nomen
548 1955 647 2032 tuum,
675 1948 822 2017 maxime
848 1947 1078 2020 honorandum
1105 1960 1139 2021 et
1164 1949 1387 2039 benedictum,
1415 1960 1476 2022 etc.

502 2060 663 2154 Populus.
718 2059 770 2131 Ut.

502 2175 686 2248 Sacerdos.
740 2176 823 2248 Pax.

496 2292 664 2384 Populus.
718 2292 861 2364 Etcum
890 2295 1006 2387 spiritu
1029 2305 1094 2367 tuo.

501 2406 686 2479 Sacerdos.
738 2408 930 2481 Benedictio
958 2408 1022 2490 Dei
1045 2413 1095 2481 sit.
1157 2443 1158 2448 ¹

502 2521 663 2615 Populos.
716 2523 760 2596 Et
786 2548 861 2596 cum
887 2527 1001 2620 spiritu
1030 2534 1095 2598 tuo.

501 2636 677 2711 Sacerdos
700 2643 835 2735 [coepit
861 2646 895 2710 et
921 2644 1043 2732 signat.

397 2775 399 2787 ·
502 2753 682 2827 Diaconos
708 2755 794 2826 dicit
821 2755 1042 2827 Gaetulicam.

638 3029 814 3102 Sacerdos
840 3031 924 3100 dicit
952 3031 1150 3102 &ottonem
1176 3039 1256 3103 onte
1283 3031 1383 3102 Pater
1409 3042 1534 3105 noster.

500 3217 595 3288 Deus
621 3219 723 3290 Pater
749 3221 804 3313 qui
831 3221 884 3291 vis
911 3221 1014 3289 vitam
1041 3221 1195 3306 omnium,
1222 3223 1378 3316 princeps
1405 3230 1440 3292 et
1452 3222 1615 3294 Dominus
1638 3223 1768 3295 utrius-

398 3355 462 3427 que
488 3334 631 3421 saeculi,
657 3332 844 3423 ineffabilis,
871 3345 905 3406 et
930 3356 998 3407 non
1023 3335 1284 3427 investigabilis,
1313 3339 1367 3430 qui
1393 3336 1524 3433 hymnis
1558 3357 1626 3408 nou
1652 3349 1766 3410 mate-

396 3449 533 3522 rialibus
559 3449 757 3541 glorificaris
785 3475 804 3522 a
832 3450 973 3522 millenis
1001 3461 1035 3522 et
1061 3451 1174 3524 decies
1201 3451 1339 3524 millenis
1351 3453 1514 3543 Angelis3
1542 3454 1596 3546 qui
1624 3456 1765 3549 suscipis

396 3569 576 3650 orationes,
606 3577 638 3638 et
666 3565 758 3637 audis
787 3563 1051 3654 obsecrationes,
1079 3589 1158 3662 spes
1186 3589 1308 3662 eorum·
1329 3569 1383 3662 qui
1404 3571 1671 3662 persecutionem
1696 3592 1766 3662 pa-

396 3684 532 3752 tiuntur:
559 3702 672 3755 comes
699 3685 970 3777 peregrinorum,
997 3693 1113 3777 portus
1149 3693 1182 3755 et
1216 3686 1309 3777 quies
1346 3704 1459 3754 eorum
1494 3685 1549 3776 qui
1581 3668 1766 3775 jactantur;

396 3795 481 3867 altor
507 3819 705 3893 pauperum:
734 3797 855 3870 ditator
881 3820 997 3870 eorum
1025 3801 1079 3893 qui
1105 3801 1340 3871 necessitatem
1366 3796 1507 3887 habent;
1543 3800 1680 3871 satiator
1705 3797 1766 3871 fa-

396 3911 606 4000 melicorum,
634 3915 755 4007 quique
782 3917 869 3985 sitim
896 3913 1015 4009 expies
1051 3936 1167 3985 eorum
1202 3918 1257 4009 qui
1291 3936 1331 3985 ea
1370 3911 1543 4010 laborant,
1571 3913 1767 3986 consolator

396 4027 604 4115 afflictorum,
631 4028 824 4122 pacificator
850 4027 1101 4116 iracundorum‚
1135 4033 1291 4101 inventor
1322 4028 1543 4124 perditorum,
1578 4052 1766 4102 conversor

396 4151 429 4212 et
455 4141 612 4213 reductor
639 4147 836 4233 errantium,
871 4141 948 4215 ions
975 4148 1143 4235 sanitatis,
1165 4154 1210 4215 'et
1244 4147 1413 4235 scaturigo
1450 4141 1681 4234 auxiliorum;¹
1702 4168 1765 4216 re-

395 4260 516 4329 missor
544 4259 756 4346 delictomm‚
792 4269 1071 4354 peccatorumque
1104 4269 1297 4355 susceptor:
1335 4263 1390 4354 qui
1421 4263 1563 4357 suscipis
1596 4261 1765 4354 lacrymas

394 4375 640 4466 poenitentium.
693 4374 872 4445 Formator
905 4377 1107 4472 peritissime
1142 4379 1286 4447 omnium
1313 4385 1556 4463 creaturarum,
1583 4378 1765 4447 animarum

394 4498 650 4584 etcorporum:
679 4493 733 4584 qui
760 4493 986 4586 pergratiam
1013 4501 1104 4562 tuam
1132 4493 1353 4582 congenitam,
1381 4500 1415 4562 et
1431 4494 1764 4579 commiserationem,

394 4607 512 4678 misisti
538 4606 657 4677 Filium
685 4617 773 4676 tuum
801 4610 834 4677 in
862 4606 1032 4678 mundum:
1059 4610 1134 4701 ipsa
1158 4617 1271 4678 autem
1298 4605 1455 4678 liberavit
1480 4627 1543 4679 nos
1571 4631 1590 4678 a
1612 4617 1765 4703 peccato,

393 4731 500 4792 morte
534 4733 567 4792 et
599 4721 745 4810 Satara,
782 4721 961 4815 docuitque
993 4743 1056 4793 uos
1092 4725 1275 4794 orationem
1311 4721 1526 4811 dominicam,
1559 4732 1594 4794 et
1620 4721 1766 4794 demon-

392 4840 510 4908 stravit
534 4836 632 4910 nohis
659 4841 749 4910 viam
775 4841 875 4909 vitoe.
929 4837 1103 4929 Rogamus
1131 4848 1164 4907 et
1190 4836 1412 4931 deprecamur
1428 4841 1637 4929 majestatem
1663 4849 1765 4928 tuam,

392 4956 553 5047 propitius
588 4961 661 5025 esto
696 4963 729 5024 et
764 4951 1079 5046 miserere-uobis,
1116 4951 1221 5024 libera
1256 4973 1319 5022 nos
1354 4951 1397 5022 ab
1436 4953 1559 5025 invidia
1601 4961 1634 5022 et
1666 4952 1764 5040 odio;

393 5066 488 5138 salva
514 5091 577 5140 nos
606 5093 625 5140 a
654 5068 738 5140 dolis
766 5066 909 5156 diaboli3
943 5063 1113 5140 sanctifica
1139 5069 1265 5138 animas
1294 5075 1327 5138 et
1357 5088 1508 5162 corpora·
1527 5074 1659 5154 nostrat
1693 5087 1764 5160 pu-

392 5202 517 5276 rosque
544 5195 578 5256 et
604 5187 676 5256 sine
702 5180 830 5254 macula
857 5205 921 5256 uos
950 5183 1065 5274 effice,
1102 5193 1138 5255 ut
1164 5205 1239 5254 cum
1266 5185 1408 5278 puritate
1434 5185 1606 5276 corporis,
1634 5185 1764 5253 sancti-

431 5321 554 5364 roumsu.
663 5361 671 5374 ,
1375 5363 1384 5378 x
1466 5330 1473 5354 ⁴
1508 5299 1557 5372 64
