4712 6032
654 592 696 666 tlt
720 590 927 668 LllllRGlAll
954 590 1163 670 cicuitus
1189 592 1344 670 totlitur.
1591 592 1665 668 201

294 774 478 838 beatitudine
501 791 562 836 nou
584 773 701 856 parlrui
724 775 895 836 existimant
902 793 911 849 ;
935 792 993 855 qua
1017 773 1112 851 dore,
1134 777 1432 841 maximaFerrariae
1455 775 1671 842 etFloraotiaa

295 874 448 936 contentio
470 871 536 951 luit,
559 880 592 935 ut
614 874 652 936 de
673 873 869 954 Purgatorio:
900 874 968 955 quia
1000 872 1076 936 duae
1101 875 1170 938 illae
1194 879 1389 956 quaestiones
1413 877 1569 938 maximam
1591 877 1671 940 inter

294 989 328 1034 se
350 971 462 1035 habant
484 972 664 1036 affinitatem.
707 971 753 1034 De
776 971 834 1034 hoc
858 979 1037 1054 argumento
1062 972 1128 1036 susc
1152 973 1333 1038 dictumest
1357 975 1437 1041 alibi.
1466 975 1547 1040 Sane
1571 975 1670 1038 Grae·
1735 985 1810 1054 Pap.
1836 986 1861 1039 τ.
1884 990 1909 1038 ⁵.
1931 988 1993 1040 to.

295 1087 400 1132 corum
423 1071 462 1134 de
485 1072 648 1132 animarum
670 1079 742 1150 post
768 1076 895 1130 mortem
925 1069 1108 1144 conditione,
1131 1071 1277 1130 absurdas
1301 1075 1501 1151 opinationes,
1525 1067 1671 1132 Orienta—
1701 1083 1724 1124 ⁰·
1742 1067 1768 1117 9·

293 1166 371 1229 libus
394 1169 514 1250 ignotas
538 1185 608 1230 esse
631 1167 830 1228 certissimum
852 1164 980 1226 videtur.
1010 1163 1098 1237 Quod
1111 1185 1187 1228 vero
1202 1165 1359 1230 beatorum
1372 1168 1488 1229 animae
1505 1166 1670 1232 coelestem

295 1264 422 1348 gloriam
445 1266 565 1345 plenam
587 1273 677 1345 atquc
700 1261 867 1343 perlectam
889 1263 927 1325 ad
943 1263 1076 1325 ultimum
1094 1283 1190 1344 usquc
1207 1265 1353 1346 Judicium
1375 1274 1566 1346 exspectent,
1589 1267 1671 1328 scri-

295 1363 354 1445 psit
376 1363 481 1426 Moses
503 1361 658 1442 Barceplra
680 1362 711 1423 in
729 1361 871 1424 'tracum
893 1361 932 1423 de
954 1361 1107 1438 Paradiso,
1131 1371 1222 1443 atque
1246 1365 1286 1426 ita
1309 1365 1374 1426 ieri
1395 1361 1503 1444 potuit,
1527 1371 1560 1425 ut
1582 1373 1671 1428 autor

294 1461 382 1543 hujus
404 1461 561 1544 Litorgiae
583 1461 614 1522 in
636 1461 741 1524 eadem
764 1461 912 1523 sententia
943 1459 1045 1538 luerit,
1076 1479 1143 1522 cum
1167 1480 1274 1543 magna
1297 1463 1337 1525 sit
1359 1463 1453 1526 llosis
1481 1463 1561 1526 illius
1590 1463 1670 1545 opud

294 1559 449 1624 localitas
472 1578 545 1624 suos
568 1562 725 1624 autoritas.
770 1559 849 1622 Nihil
872 1567 971 1622 tamen
993 1559 1095 1621 obstat
1123 1561 1194 1639 quin
1223 1561 1352 1642 ligurata
1378 1561 1455 1625 haec
1485 1563 1600 1643 oratio,
1631 1561 1670 1626 de

295 1658 385 1738 plena
408 1665 675 1740 consummataque
698 1657 883 1721 beatitudine
905 1659 1003 1750 possit
1025 1657 1162 1740 intelligi.

657 2013 1300 2064 ψ

683 2423 1289 2606 titutum

611 2759 901 2878 sunem
952 2757 1364 2906 occursu,

464 2937 1501 3096 uruuuuaouurrsoorrss

696 3264 848 3336 Primam
876 3265 997 3335 Oratio
1025 3271 1106 3336 onte
1131 3264 1270 3335 Pacem.

399 3501 583 3574 Sacerdos.
623 3475 783 3580 Douma
796 3506 889 3578 Deus
917 3507 1036 3599 quies
1065 3503 1224 3599 simplex,
1252 3524 1320 3577 uon
1348 3506 1553 3600 compositus
1581 3506 1669 3578 abs-

296 3620 512 3713 conditusque
549 3619 584 3688 in
619 3621 764 3692 essentia
800 3619 948 3707 sublimi,
986 3619 1080 3690 Deus
1112 3621 1214 3690 Pater
1248 3642 1268 3690 a
1310 3641 1376 3712 quo
1415 3640 1537 3692 nomeu
1569 3620 1670 3694 habet

297 3740 404 3809 omnis
430 3735 613 3829 paternitas
641 3757 727 3829 quae
754 3737 786 3805 in
814 3733 911 3808 coelo
940 3745 992 3807 est
1019 3745 1052 3806 et
1079 3738 1111 3806 iu
1133 3744 1234 3822 terra,
1260 3733 1459 3831 Principium
1476 3735 1668 3826 divinitatis,

297 3874 411 3924 eorum
439 3852 495 3944 qui
521 3858 660 3922 naturae
687 3849 820 3922 divinae
846 3853 1059 3945 participant,
1091 3863 1125 3924 et
1150 3849 1322 3945 perfector
1348 3843 1474 3923 corum'
1498 3853 1553 3945 qui
1579 3873 1667 3945 per-

295 3967 472 4038 lectionem
499 3974 764 4059 consequuntur:
791 3963 899 4038 bonus
926 3968 1162 4060 superomnia
1189 3967 1294 4050 bona,
1330 3965 1532 4060 pulcherque
1565 3989 1666 4060 supra

295 4085 405 4155 omnio
430 4078 585 4175 pulchra:
613 4080 830 4174 tranquillitas
857 4081 1009 4176 pacifica,
1035 4104 1121 4177 pax,
1149 4083 1328 4154 concordia
1355 4089 1389 4153 et
1415 4084 1493 4153 unio
1522 4083 1667 4154 omnium

296 4188 488 4268 animorum.
543 4193 719 4290 Compone
747 4194 882 4268 dissidia
910 4219 996 4291 quae
1029 4218 1092 4270 uos
1118 4201 1262 4270 invicem
1298 4196 1461 4284 dividunt,
1498 4207 1531 4268 et
1562 4196 1666 4269 reduc

297 4335 336 4384 ea
365 4312 408 4383 ud
434 4314 587 4383 unionem
615 4314 773 4399 caritatis
802 4333 889 4406 quae
915 4311 1058 4406 aliquam
1085 4317 1252 4384 essentiae
1279 4322 1356 4384 tuae
1383 4311 1531 4385 sublimis
1567 4315 1666 4386 simi-

294 4427 461 4500 litudinem
489 4425 619 4500 habeat.
672 4425 717 4498 Et
743 4431 828 4500 sicut
854 4449 938 4500 unus
965 4449 1003 4500 es
1030 4449 1130 4523 super
1158 4431 1280 4516 omnia,
1307 4426 1360 4498 fac
1378 4449 1441 4498 nos
1468 4449 1578 4514 unum,
1604 4449 1666 4522 per

295 4544 539 4615 unanimitatem
566 4543 678 4616 bonae
705 4545 842 4632 montis,
873 4553 909 4614 ut
935 4543 1120 4638 simplices,
1154 4553 1189 4614 et
1219 4565 1286 4615 non
1323 4541 1423 4615 divisi
1457 4545 1666 4615 inveniamur

296 4678 410 4730 coram
436 4668 469 4729 te
502 4661 535 4729 iu
570 4668 722 4754 tempore
748 4657 812 4730 hoc
845 4660 1008 4755 mysterii
1028 4658 1228 4754 peragendi:
1263 4667 1363 4752 utque
1396 4681 1457 4754 per
1491 4657 1665 4753 amplexus

296 4775 456 4862 caritatis,
484 4783 518 4844 ct
543 4796 652 4846 nexus
681 4772 877 4862 dilectionis,
905 4775 1117 4868 spiritualiter
1143 4796 1241 4846 uuum
1259 4775 1374 4862 simus,
1400 4783 1466 4845 tam
1493 4774 1665 4847 uobiscum

293 4890 388 4981 ipsis,
416 4912 514 4984 quam
541 4890 583 4962 ud
609 4895 766 4980 invicem,
791 4913 854 4988 per
880 4913 999 4986 pacem
1026 4890 1113 4962 illam
1142 4900 1227 4960 tuam
1256 4891 1367 4961 omnia
1388 4899 1575 4985 paeantem,
1604 4912 1667 4984 per

293 5005 435 5092 gratiam
471 5014 505 5077 et
538 5006 802 5078 misericordium
835 5028 1050 5102 umoremque
1089 5027 1171 5098 erga
1210 5003 1360 5078 homines
1395 5008 1556 5098 unigeniti
1590 5003 1666 5077 Filii

334 5135 350 5170 0
