4712 6032
443 547 831 626 S.J0bllNlS
872 543 1402 628 duatsosnout
1539 549 1616 624 247

249 756 364 808 manos
400 737 546 828 gentium
587 734 812 810 barbararum.
870 733 1062 824 Mementm·
1096 736 1252 822 Domine,
1288 759 1489 833 pauperum,
1529 739 1617 812 mala

248 848 448 936 habentium,
475 851 710 948 orphanorum
737 851 921 940 viduarum,
948 852 1150 940 afflictorum,
1173 857 1426 946 aegrotantium,
1454 865 1488 926 et
1501 877 1616 926 eorum

250 969 304 1062 qui
331 991 352 1040 a
378 969 531 1061 malignis
559 967 725 1065 spiritibus
752 967 956 1040 infestantur.
1009 967 1061 1040 'l'u
1089 971 1187 1057 enim,
1214 971 1369 1061 Domine,
1396 979 1617 1044 conservator
1702 1047 1707 1066 ⁸

248 1087 340 1156 vitae
366 1083 494 1158 illorum
521 1107 578 1173 es,
606 1096 639 1156 et
663 1083 917 1157 necessitatibus
943 1083 1073 1158 idomm
1101 1086 1288 1181 opitulator.

352 1201 503 1272 Eleeoas
528 1222 653 1272 oocem,
705 1200 799 1271 Deus
825 1199 1020 1272 celsitudine
1047 1198 1250 1290 abscondite,
1279 1212 1312 1274 et
1337 1206 1511 1297 majestate
1537 1200 1617 1274 lau-

250 1315 375 1403 dande,
402 1339 499 1411 quem
527 1318 717 1405 exercitus,
743 1320 894 1409 agmina,
921 1327 955 1388 et
981 1327 1096 1389 coems
1123 1321 1284 1407 omnium,
1322 1328 1387 1390 tam
1421 1317 1617 1392 coelestium

250 1455 347 1527 quam
374 1437 579 1504 terrestrium
605 1431 755 1521 laudant,
783 1435 903 1528 quique
929 1432 1083 1514 voluisti,
1116 1442 1152 1504 ut
1185 1435 1398 1506 ministerium
1432 1434 1495 1508 boo
1527 1436 1617 1530 pium
1672 1431 1675 1440 '

250 1558 284 1620 et
309 1547 531 1637 sacerdotale,
557 1571 619 1644 per
639 1558 836 1644 potestatem
856 1558 946 1620 tuam
961 1548 1035 1620 Deo
1055 1547 1187 1641 dignam
1204 1551 1433 1646 perficeretur,
1462 1562 1494 1623 et
1510 1571 1616 1646 prae-

250 1668 360 1738 stitisti
387 1663 484 1736 nobis
510 1676 546 1736 ut
573 1687 646 1736 oum
673 1663 863 1760 Episcopis,
891 1675 924 1736 et
950 1663 1179 1738 sacerdotibus
1206 1671 1270 1738 tuis
1304 1677 1469 1741 staremus
1503 1689 1617 1740 coram

250 1791 284 1852 te
310 1789 345 1852 et
371 1781 428 1854 tibi
455 1783 730 1853 ministraremus:
758 1779 965 1876 complaceat
990 1779 1049 1853 tibi
1075 1785 1252 1854 etiamnum
1286 1783 1430 1857 Domine
1463 1785 1617 1880 primnis

250 1908 386 1994 pastor,
411 1906 445 1970 et
471 1897 677 1971 confortator
703 1898 884 1969 animarum
909 1906 1113 1988 nostrarum,
1139 1902 1172 1969 in
1197 1898 1389 1994 pastoribus
1416 1900 1557 1996 illisqui
1582 1903 1618 1971 iu

252 2017 361 2110 capite
387 2014 500 2111 populi
526 2018 572 2086 tui
591 2024 691 2101 stant,
718 2024 752 2086 et
767 2014 1032 2110 uunquillitatem
1059 2025 1092 2086 et
1117 2037 1233 2110 pacem
1250 2014 1476 2088 Ecclesiaram
1488 2017 1617 2089 illarum

251 2140 439 2202 sanctarum
467 2130 634 2220 concede3
661 2131 702 2202 ad
723 2123 930 2225 ‘perficienda
955 2141 1134 2225 praecepta
1167 2141 1221 2203 tua
1258 2142 1373 2204 sancta
1401 2141 1435 2205 et
1468 2132 1616 2206 vivifim:

250 2258 286 2319 ut
311 2269 413 2342 super
438 2244 683 2318 fundamentum
708 2246 784 2320 fidei
811 2246 1044 2343 Apostolioae,
1072 2245 1203 2318 stabiliti
1230 2258 1263 2319 et
1288 2247 1425 2336 fundati,
1452 2271 1618 2321 annume·
1674 2277 1678 2287 ·

251 2374 365 2435 rentur
398 2362 478 2438 ovili
514 2374 569 2437 tuo
605 2385 771 2459 superno,
806 2375 839 2435 et
875 2367 966 2435 vitae
1006 2372 1173 2436 aeternae.
1232 2364 1372 2436 Praesta
1403 2386 1467 2438 uos
1501 2387 1617 2439 ornnes

251 2479 371 2572 dignos
398 2479 660 2554 communicandi
687 2480 843 2575 operibus
871 2500 1005 2567 eorum,
1032 2501 1159 2575 eosque
1195 2491 1310 2576 aperta
1339 2479 1428 2553 iaoie
1459 2481 1618 2571 intuendi,

251 2597 285 2666 in
312 2595 455 2669 adventu
482 2599 641 2690 unigeniti
667 2595 742 2668 Filii
768 2598 832 2684 tui,
858 2617 920 2691 per
945 2618 1042 2691 quem
1070 2606 1204 2668 etcum
1232 2618 1297 2692 quo
1325 2595 1474 2669 tederet
1495 2596 1618 2690 gloria,

251 2709 359 2786 bonor
386 2724 420 2785 et
444 2722 595 2810 potestas
622 2735 696 2784 cum
724 2712 848 2808 Spiritu
873 2722 929 2784 tuo
958 2723 1092 2799 sancto,
1120 2723 1183 2784 eto.

356 2828 520 2922 Popolus.
573 2830 692 2900 Amen.

355 2944 530 3017 Sacerdos
554 2945 745 3016 inclinatas.
797 2945 985 3032 Memento,
1012 2946 1175 3032 Domine,
1210 2947 1352 3017 omnium
1384 2944 1521 3018 fratrum
1547 2967 1619 3020 uo-

252 3073 394 3136 strorum
421 3060 580 3149 bdelium,
608 3083 720 3133 eorum
747 3065 802 3156 qui
829 3072 967 3158 propter
993 3083 1114 3134 nomen
1146 3071 1235 3133 tuum
1260 3060 1411 3133 iecerunt
1437 3070 1471 3132 et
1495 3060 1619 3134 faciunt

253 3181 363 3250 omnia
391 3178 478 3251 bona
506 3181 540 3248 in
566 3180 654 3249 omni
680 3180 834 3270 regione,
869 3187 903 3249 et
936 3181 1278 3264 communicavemnt,
1312 3179 1620 3272 communicentque

254 3315 434 3387 egenorum
461 3295 662 3379 necessitati,
690 3290 954 3388 subveniuutque
973 3297 1114 3386 egestati
1133 3295 1275 3365 omnium
1290 3315 1485 3388 pauperum,
1511 3316 1618 3390 pere-

254 3414 443 3503 grinorum,
471 3420 504 3482 et
531 3409 731 3482 aillictorum.
784 3408 880 3481 Nunc
907 3413 1133 3506 inpraesenti
1159 3411 1228 3480 vita
1255 3408 1401 3481 retribue
1426 3409 1490 3482 illis
1517 3391 1618 3500 bona,

255 3538 289 3599 et
314 3525 379 3599 illic
406 3549 479 3598 cum
506 3524 654 3598 fidelibus
682 3525 844 3598 debrnctis
870 3529 961 3600 vitae
987 3536 1144 3598 aeternae
1170 3525 1332 3597 haeredes
1359 3525 1546 3598 eliciantur.

364 3641 537 3713 Sacerdos
568 3641 705 3714 elevans
736 3664 861 3713 vocem.
915 3641 967 3712 Da
1008 3652 1041 3713 et
1079 3638 1229 3714 concede
1262 3663 1325 3737 per
1359 3641 1620 3716 misericordiam

255 3770 342 3831 tunm
369 3758 523 3847 multam,
550 3758 724 3854 praeclara
750 3757 858 3846 dona,
885 3756 1113 3853 bonorumque
1140 3759 1347 3846 allluentiam,
1375 3756 1527 3832 omnibus
1554 3757 1619 3829 illis

257 3879 310 3971 qui
337 3879 578 3948 communicant
603 3876 857 3948 necessitatibus
884 3897 1064 3972 paupemm
1084 3885 1116 3948 et
1130 3874 1312 3972 praeclaris
1328 3875 1484 3971 operibus
1501 3877 1619 3967 cujus·-

256 4014 395 4086 oumque
422 3996 557 4083 generis
583 3995 616 4063 in
643 3990 796 4063 Ecclesia
822 4002 877 4064 tua
904 4003 1019 4065 sancta
1048 3995 1219 4088 conspicui
1246 4003 1330 4065 sunt
1382 3991 1483 4084 Auge
1508 3993 1618 4085 ignem

257 4111 403 4181 caritatis
429 4119 505 4180 tuae
531 4111 564 4180 in
592 4106 764 4180 animabus
791 4112 935 4208 omnium
961 4120 1122 4195 nostmm,
1151 4119 1185 4180 et
1212 4107 1306 4180 auter
1332 4131 1351 4178 a
1378 4106 1476 4180 nobis
1502 4127 1619 4179 omnes

255 4245 381 4321 vepres
409 4223 619 4315 delictorum,
646 4235 680 4296 et
706 4227 819 4320 spinas
847 4247 978 4297 amaras
1004 4227 1143 4321 peccati.
1196 4223 1263 4297 Per
1288 4235 1322 4297 te
1349 4229 1403 4319 qui
1430 4246 1468 4296 es
1500 4224 1559 4294 lux
1585 4234 1621 4294 et

249 4345 325 4412 rita
341 4363 438 4430 vera,
463 4339 662 4412 illustremur
688 4352 722 4412 et
748 4345 918 4413 vivamus:
945 4364 1006 4438 per
1021 4344 1175 4434 gretiam,
1192 4339 1451 4415 misericordiam
1471 4351 1505 4411 et
1519 4363 1619 4412 amo-

256 4481 327 4530 rem
354 4479 436 4549 erga
464 4456 611 4530 homines
638 4460 796 4550 anigeniti
822 4455 896 4530 Filii
921 4461 978 4546 tui,
1004 4481 1066 4554 per
1093 4481 1189 4554 quem
1217 4467 1251 4530 et
1277 4479 1352 4530 cum
1378 4480 1443 4551 quo
1471 4466 1504 4529 te
1524 4454 1620 4528 decet

257 4573 365 4665 gloria
394 4581 427 4644 et
451 4571 569 4646 bonor.
726 4573 887 4667 Populus.
940 4576 1058 4646 Amen.

361 4687 535 4761 Sacerdos
560 4689 750 4761 inclinatos.
803 4691 895 4763 Deus
928 4695 983 4787 qui
1017 4692 1165 4764 bonitate
1198 4687 1380 4764 laudandus
1406 4710 1464 4779 es,
1497 4698 1531 4759 et
1562 4689 1620 4758 in-

262 4804 620 4901 comprehensibilitate
647 4805 816 4896 exoelsus‚
841 4807 1002 4880 Dominus
1029 4811 1136 4880 omnis
1163 4817 1300 4878 usurae
1326 4817 1462 4878 nostrae
1489 4813 1622 4876 creator

258 4933 292 4994 et
318 4933 450 4994 curator
482 4926 587 4994 omnis
620 4931 794 4994 creaturae
832 4922 1064 5016 intelligibilis,
1103 4935 1136 4996 et
1169 4921 1352 5013 sensibilis,
1388 4945 1434 4994 ex
1467 4932 1500 4993 te
1535 4923 1620 4993 enim

258 5038 380 5134 pendet
415 5061 511 5129 cura,
552 5048 585 5110 et
625 5043 839 5112 conservatio
874 5044 965 5112 vitae
997 5040 1136 5114 illomm.
1190 5038 1313 5114 Omnes
1352 5040 1451 5111 etiam
1483 5038 1621 5110 virtutes
