<?xml version="1.0" encoding="UTF-8"?>
<!DOCTYPE html PUBLIC "-//W3C//DTD XHTML 1.0 Transitional//EN"
    "http://www.w3.org/TR/xhtml1/DTD/xhtml1-transitional.dtd">
<html xmlns="http://www.w3.org/1999/xhtml" xml:lang="en" lang="en">
 <head>
  <title>
</title>
<meta http-equiv="Content-Type" content="text/html;charset=utf-8" />
  <meta name='ocr-system' content='tesseract 3.04.00' />
  <meta name='ocr-capabilities' content='ocr_page ocr_carea ocr_par ocr_line ocrx_word'/>
</head>
<body>
  <div class='ocr_page' id='page_1' title='image "./liturgiarumorie04renagoog_0331.png"; bbox 0 0 4730 6038; ppageno 0'>
   <div class='ocr_carea' id='block_1_1' title="bbox 676 505 1833 618">
    <p class='ocr_par' dir='ltr' id='par_1_1' title="bbox 676 505 1833 618">
     <span class='ocr_line' id='line_1_1' title="bbox 676 505 1833 618; baseline 0.014 -16"><span class='ocrx_word' id='word_1_1' title='bbox 676 528 754 605; x_wconf 80' lang='lat'><strong>294</strong></span> <span class='ocrx_word' id='word_1_2' title='bbox 884 505 1061 613; x_wconf 84' lang='lat' dir='ltr'><strong>mosen</strong></span> <span class='ocrx_word' id='word_1_3' title='bbox 1086 533 1262 612; x_wconf 85' lang='lat' dir='ltr'><strong>moseon</strong></span> <span class='ocrx_word' id='word_1_4' title='bbox 1287 533 1549 612; x_wconf 80' lang='lat' dir='ltr'><strong>nlnannomn</strong></span> <span class='ocrx_word' id='word_1_5' title='bbox 1568 536 1833 618; x_wconf 79' lang='lat' dir='ltr'><strong>naumann</strong></span> 
     </span>
    </p>
   </div>
   <div class='ocr_carea' id='block_1_2' title="bbox 670 720 2039 2769">
    <p class='ocr_par' dir='ltr' id='par_1_2' title="bbox 670 720 2039 2769">
     <span class='ocr_line' id='line_1_2' title="bbox 779 720 1405 795; baseline 0 -1"><span class='ocrx_word' id='word_1_6' title='bbox 779 722 964 795; x_wconf 72' lang='lat' dir='ltr'><strong><em>Sacerdos.</em></strong></span> <span class='ocrx_word' id='word_1_7' title='bbox 1016 722 1091 794; x_wconf 87' lang='lat' dir='ltr'><strong>Pax</strong></span> <span class='ocrx_word' id='word_1_8' title='bbox 1116 720 1216 793; x_wconf 91' lang='lat' dir='ltr'><strong>vobis</strong></span> <span class='ocrx_word' id='word_1_9' title='bbox 1244 720 1405 794; x_wconf 92' lang='lat' dir='ltr'><strong>omnibus.</strong></span> 
     </span>
     <span class='ocr_line' id='line_1_3' title="bbox 709 836 1378 934; baseline 0.004 -29"><span class='ocrx_word' id='word_1_10' title='bbox 709 899 712 905; x_wconf 88' lang='lat'><strong>.</strong></span> <span class='ocrx_word' id='word_1_11' title='bbox 779 839 939 934; x_wconf 79' lang='lat' dir='ltr'><strong>Populus.</strong></span> <span class='ocrx_word' id='word_1_12' title='bbox 991 837 1035 909; x_wconf 85' lang='lat' dir='ltr'><strong>Et</strong></span> <span class='ocrx_word' id='word_1_13' title='bbox 1061 859 1134 909; x_wconf 90' lang='lat' dir='ltr'><strong>eum</strong></span> <span class='ocrx_word' id='word_1_14' title='bbox 1162 836 1286 932; x_wconf 88' lang='lat' dir='ltr'><strong>Spiritu</strong></span> <span class='ocrx_word' id='word_1_15' title='bbox 1311 848 1378 910; x_wconf 88' lang='lat' dir='ltr'><strong>tuo.</strong></span> 
     </span>
     <span class='ocr_line' id='line_1_4' title="bbox 777 951 1509 1050; baseline -0.003 -22"><span class='ocrx_word' id='word_1_16' title='bbox 777 958 965 1029; x_wconf 83' lang='lat' dir='ltr'><strong>Diaconos.</strong></span> <span class='ocrx_word' id='word_1_17' title='bbox 1020 951 1138 1050; x_wconf 86' lang='lat' dir='ltr'><strong>Capita</strong></span> <span class='ocrx_word' id='word_1_18' title='bbox 1163 963 1279 1026; x_wconf 90' lang='lat' dir='ltr'><strong>nostra</strong></span> <span class='ocrx_word' id='word_1_19' title='bbox 1306 953 1509 1028; x_wconf 78' lang='lat' dir='ltr'><strong>inclinemus,</strong></span> 
     </span>
     <span class='ocr_line' id='line_1_5' title="bbox 776 1067 1350 1166; baseline -0.005 -22"><span class='ocrx_word' id='word_1_20' title='bbox 776 1072 937 1166; x_wconf 83' lang='lat' dir='ltr'><strong>Populus.</strong></span> <span class='ocrx_word' id='word_1_21' title='bbox 990 1067 1111 1143; x_wconf 85' lang='lat' dir='ltr'><strong>Coram</strong></span> <span class='ocrx_word' id='word_1_22' title='bbox 1138 1082 1172 1143; x_wconf 90' lang='lat' dir='ltr'><strong>te</strong></span> <span class='ocrx_word' id='word_1_23' title='bbox 1198 1071 1350 1143; x_wconf 82' lang='lat' dir='ltr'><strong>Domine.</strong></span> 
     </span>
     <span class='ocr_line' id='line_1_6' title="bbox 775 1186 2039 1283; baseline 0.004 -22"><span class='ocrx_word' id='word_1_24' title='bbox 775 1189 960 1261; x_wconf 74' lang='lat' dir='ltr'><strong><em>Sacerdos.</em></strong></span> <span class='ocrx_word' id='word_1_25' title='bbox 1013 1186 1137 1261; x_wconf 85' lang='lat' dir='ltr'><strong>Coram</strong></span> <span class='ocrx_word' id='word_1_26' title='bbox 1165 1189 1314 1283; x_wconf 88' lang='lat' dir='ltr'><strong>potentia</strong></span> <span class='ocrx_word' id='word_1_27' title='bbox 1338 1187 1552 1278; x_wconf 78' lang='lat' dir='ltr'><strong>benignitatis</strong></span> <span class='ocrx_word' id='word_1_28' title='bbox 1578 1197 1655 1260; x_wconf 86' lang='lat' dir='ltr'><strong>tuse</strong></span> <span class='ocrx_word' id='word_1_29' title='bbox 1680 1187 1843 1280; x_wconf 83' lang='lat' dir='ltr'><strong>Domine,</strong></span> <span class='ocrx_word' id='word_1_30' title='bbox 1869 1213 1944 1264; x_wconf 90' lang='lat' dir='ltr'><strong>eum</strong></span> <span class='ocrx_word' id='word_1_31' title='bbox 1969 1190 2039 1266; x_wconf 92' lang='lat' dir='ltr'><strong>bu-</strong></span> 
     </span>
     <span class='ocr_line' id='line_1_7' title="bbox 673 1300 2038 1398; baseline 0 -18"><span class='ocrx_word' id='word_1_32' title='bbox 673 1306 741 1380; x_wconf 93' lang='lat' dir='ltr'><strong>mili</strong></span> <span class='ocrx_word' id='word_1_33' title='bbox 768 1306 968 1378; x_wconf 87' lang='lat' dir='ltr'><strong>demissione</strong></span> <span class='ocrx_word' id='word_1_34' title='bbox 995 1307 1123 1375; x_wconf 89' lang='lat' dir='ltr'><strong>animae</strong></span> <span class='ocrx_word' id='word_1_35' title='bbox 1150 1313 1184 1374; x_wconf 91' lang='lat' dir='ltr'><strong>et</strong></span> <span class='ocrx_word' id='word_1_36' title='bbox 1210 1305 1362 1398; x_wconf 80' lang='lat' dir='ltr'><strong>conponis</strong></span> <span class='ocrx_word' id='word_1_37' title='bbox 1388 1300 1534 1375; x_wconf 89' lang='lat' dir='ltr'><strong>inclinati</strong></span> <span class='ocrx_word' id='word_1_38' title='bbox 1560 1305 1652 1377; x_wconf 88' lang='lat' dir='ltr'><strong>servi</strong></span> <span class='ocrx_word' id='word_1_39' title='bbox 1679 1308 1744 1391; x_wconf 93' lang='lat' dir='ltr'><strong>tui,</strong></span> <span class='ocrx_word' id='word_1_40' title='bbox 1777 1329 1798 1378; x_wconf 92' lang='lat' dir='ltr'><strong>a</strong></span> <span class='ocrx_word' id='word_1_41' title='bbox 1832 1305 2038 1398; x_wconf 73' lang='lat' dir='ltr'><strong>benignitate</strong></span> 
     </span>
     <span class='ocr_line' id='line_1_8' title="bbox 673 1418 2037 1522; baseline 0.001 -27"><span class='ocrx_word' id='word_1_42' title='bbox 673 1431 728 1495; x_wconf 91' lang='lat' dir='ltr'><strong>tua</strong></span> <span class='ocrx_word' id='word_1_43' title='bbox 762 1425 905 1518; x_wconf 88' lang='lat' dir='ltr'><strong>petimus</strong></span> <span class='ocrx_word' id='word_1_44' title='bbox 940 1423 1074 1492; x_wconf 91' lang='lat' dir='ltr'><strong>veniam</strong></span> <span class='ocrx_word' id='word_1_45' title='bbox 1101 1418 1293 1491; x_wconf 88' lang='lat' dir='ltr'><strong>delictomm</strong></span> <span class='ocrx_word' id='word_1_46' title='bbox 1320 1426 1356 1489; x_wconf 92' lang='lat' dir='ltr'><strong>et</strong></span> <span class='ocrx_word' id='word_1_47' title='bbox 1380 1421 1608 1522; x_wconf 86' lang='lat' dir='ltr'><strong>remissionem</strong></span> <span class='ocrx_word' id='word_1_48' title='bbox 1633 1429 1858 1516; x_wconf 81' lang='lat' dir='ltr'><strong>peccatorum.</strong></span> <span class='ocrx_word' id='word_1_49' title='bbox 1898 1422 2037 1496; x_wconf 88' lang='lat' dir='ltr'><strong>Sancti-</strong></span> 
     </span>
     <span class='ocr_line' id='line_1_9' title="bbox 670 1533 2035 1631; baseline 0.001 -19"><span class='ocrx_word' id='word_1_50' title='bbox 670 1539 734 1612; x_wconf 87' lang='lat' dir='ltr'><strong>fica</strong></span> <span class='ocrx_word' id='word_1_51' title='bbox 764 1562 827 1612; x_wconf 91' lang='lat' dir='ltr'><strong>nos</strong></span> <span class='ocrx_word' id='word_1_52' title='bbox 859 1559 975 1610; x_wconf 88' lang='lat' dir='ltr'><strong>omnes</strong></span> <span class='ocrx_word' id='word_1_53' title='bbox 1010 1538 1184 1609; x_wconf 82' lang='lat' dir='ltr'><strong>sanctitate</strong></span> <span class='ocrx_word' id='word_1_54' title='bbox 1216 1533 1367 1631; x_wconf 87' lang='lat' dir='ltr'><strong>perfecta</strong></span> <span class='ocrx_word' id='word_1_55' title='bbox 1400 1558 1488 1630; x_wconf 87' lang='lat' dir='ltr'><strong>quae</strong></span> <span class='ocrx_word' id='word_1_56' title='bbox 1520 1559 1540 1606; x_wconf 88' lang='lat' dir='ltr'><strong>a</strong></span> <span class='ocrx_word' id='word_1_57' title='bbox 1572 1544 1606 1608; x_wconf 87' lang='lat' dir='ltr'><strong>te</strong></span> <span class='ocrx_word' id='word_1_58' title='bbox 1633 1546 1704 1625; x_wconf 89' lang='lat' dir='ltr'><strong>est,</strong></span> <span class='ocrx_word' id='word_1_59' title='bbox 1736 1547 1771 1609; x_wconf 89' lang='lat' dir='ltr'><strong>et</strong></span> <span class='ocrx_word' id='word_1_60' title='bbox 1802 1535 2035 1613; x_wconf 89' lang='lat' dir='ltr'><strong>benedictione</strong></span> 
     </span>
     <span class='ocr_line' id='line_1_10' title="bbox 671 1648 2036 1750; baseline 0.001 -23"><span class='ocrx_word' id='word_1_61' title='bbox 671 1655 727 1727; x_wconf 88' lang='lat' dir='ltr'><strong>illa</strong></span> <span class='ocrx_word' id='word_1_62' title='bbox 755 1653 971 1741; x_wconf 89' lang='lat' dir='ltr'><strong>inamissibili,</strong></span> <span class='ocrx_word' id='word_1_63' title='bbox 997 1652 1092 1725; x_wconf 91' lang='lat' dir='ltr'><strong>simul</strong></span> <span class='ocrx_word' id='word_1_64' title='bbox 1118 1673 1235 1723; x_wconf 92' lang='lat' dir='ltr'><strong>omnes</strong></span> <span class='ocrx_word' id='word_1_65' title='bbox 1261 1648 1507 1738; x_wconf 88' lang='lat' dir='ltr'><strong>benedicamur,</strong></span> <span class='ocrx_word' id='word_1_66' title='bbox 1533 1661 1568 1723; x_wconf 92' lang='lat' dir='ltr'><strong>ut</strong></span> <span class='ocrx_word' id='word_1_67' title='bbox 1583 1657 1786 1749; x_wconf 82' lang='lat' dir='ltr'><strong>susceptioni</strong></span> <span class='ocrx_word' id='word_1_68' title='bbox 1800 1657 2036 1750; x_wconf 78' lang='lat' dir='ltr'><strong>mysteriorum</strong></span> 
     </span>
     <span class='ocr_line' id='line_1_11' title="bbox 671 1768 2035 1862; baseline 0.001 -19"><span class='ocrx_word' id='word_1_69' title='bbox 671 1770 907 1843; x_wconf 86' lang='lat' dir='ltr'><strong>vivificantium</strong></span> <span class='ocrx_word' id='word_1_70' title='bbox 942 1779 1057 1841; x_wconf 88' lang='lat' dir='ltr'><strong>sancte</strong></span> <span class='ocrx_word' id='word_1_71' title='bbox 1090 1770 1386 1855; x_wconf 90' lang='lat' dir='ltr'><strong>communicemus,</strong></span> <span class='ocrx_word' id='word_1_72' title='bbox 1422 1770 1499 1861; x_wconf 88' lang='lat' dir='ltr'><strong>quia</strong></span> <span class='ocrx_word' id='word_1_73' title='bbox 1535 1776 1569 1840; x_wconf 93' lang='lat' dir='ltr'><strong>tu</strong></span> <span class='ocrx_word' id='word_1_74' title='bbox 1606 1768 1770 1862; x_wconf 89' lang='lat' dir='ltr'><strong>benignus</strong></span> <span class='ocrx_word' id='word_1_75' title='bbox 1804 1791 1859 1860; x_wconf 89' lang='lat' dir='ltr'><strong>es,</strong></span> <span class='ocrx_word' id='word_1_76' title='bbox 1892 1782 1926 1843; x_wconf 90' lang='lat' dir='ltr'><strong>et</strong></span> <span class='ocrx_word' id='word_1_77' title='bbox 1958 1770 2035 1845; x_wconf 87' lang='lat' dir='ltr'><strong>fons</strong></span> 
     </span>
     <span class='ocr_line' id='line_1_12' title="bbox 671 1881 2035 1982; baseline -0.001 -21"><span class='ocrx_word' id='word_1_78' title='bbox 671 1887 856 1961; x_wconf 86' lang='lat' dir='ltr'><strong>uberrimus</strong></span> <span class='ocrx_word' id='word_1_79' title='bbox 887 1884 1172 1973; x_wconf 73' lang='lat' dir='ltr'><strong>benedictionum,</strong></span> <span class='ocrx_word' id='word_1_80' title='bbox 1197 1883 1402 1977; x_wconf 82' lang='lat' dir='ltr'><strong>largitorque</strong></span> <span class='ocrx_word' id='word_1_81' title='bbox 1428 1885 1571 1956; x_wconf 93' lang='lat' dir='ltr'><strong>omnium</strong></span> <span class='ocrx_word' id='word_1_82' title='bbox 1597 1881 1773 1979; x_wconf 92' lang='lat' dir='ltr'><strong>bonomm,</strong></span> <span class='ocrx_word' id='word_1_83' title='bbox 1801 1885 1925 1982; x_wconf 88' lang='lat' dir='ltr'><strong>tibique</strong></span> <span class='ocrx_word' id='word_1_84' title='bbox 1950 1887 2035 1981; x_wconf 88' lang='lat' dir='ltr'><strong>glo-</strong></span> 
     </span>
     <span class='ocr_line' id='line_1_13' title="bbox 670 1998 1993 2096; baseline -0.001 -19"><span class='ocrx_word' id='word_1_85' title='bbox 670 2008 752 2077; x_wconf 85' lang='lat' dir='ltr'><strong>riam</strong></span> <span class='ocrx_word' id='word_1_86' title='bbox 780 2003 968 2092; x_wconf 80' lang='lat' dir='ltr'><strong>referimus,</strong></span> <span class='ocrx_word' id='word_1_87' title='bbox 996 2012 1029 2072; x_wconf 85' lang='lat' dir='ltr'><strong>et</strong></span> <span class='ocrx_word' id='word_1_88' title='bbox 1055 2003 1224 2093; x_wconf 89' lang='lat' dir='ltr'><strong>unigenito</strong></span> <span class='ocrx_word' id='word_1_89' title='bbox 1251 1998 1337 2072; x_wconf 85' lang='lat' dir='ltr'><strong>Filio</strong></span> <span class='ocrx_word' id='word_1_90' title='bbox 1364 2009 1440 2091; x_wconf 83' lang='lat' dir='ltr'><strong>mo,</strong></span> <span class='ocrx_word' id='word_1_91' title='bbox 1466 2010 1500 2072; x_wconf 90' lang='lat' dir='ltr'><strong>et</strong></span> <span class='ocrx_word' id='word_1_92' title='bbox 1526 1998 1662 2096; x_wconf 85' lang='lat' dir='ltr'><strong>Spiritui</strong></span> <span class='ocrx_word' id='word_1_93' title='bbox 1689 2011 1745 2076; x_wconf 90' lang='lat' dir='ltr'><strong>tuo</strong></span> <span class='ocrx_word' id='word_1_94' title='bbox 1773 2005 1993 2077; x_wconf 87' lang='lat' dir='ltr'><strong>sanctissimo.</strong></span> 
     </span>
     <span class='ocr_line' id='line_1_14' title="bbox 773 2114 1398 2190; baseline -0.006 0"><span class='ocrx_word' id='word_1_95' title='bbox 773 2118 957 2190; x_wconf 79' lang='lat' dir='ltr'><strong>Sacerdos.</strong></span> <span class='ocrx_word' id='word_1_96' title='bbox 1010 2118 1084 2189; x_wconf 87' lang='lat' dir='ltr'><strong>Pax</strong></span> <span class='ocrx_word' id='word_1_97' title='bbox 1108 2114 1208 2188; x_wconf 89' lang='lat' dir='ltr'><strong>vobis</strong></span> <span class='ocrx_word' id='word_1_98' title='bbox 1236 2114 1398 2188; x_wconf 91' lang='lat' dir='ltr'><strong>omnibus.</strong></span> 
     </span>
     <span class='ocr_line' id='line_1_15' title="bbox 772 2232 1365 2328; baseline -0.01 -21"><span class='ocrx_word' id='word_1_99' title='bbox 772 2234 935 2328; x_wconf 83' lang='lat' dir='ltr'><strong>Populos.</strong></span> <span class='ocrx_word' id='word_1_100' title='bbox 985 2232 1030 2304; x_wconf 79' lang='lat' dir='ltr'><strong>llt</strong></span> <span class='ocrx_word' id='word_1_101' title='bbox 1056 2255 1130 2303; x_wconf 90' lang='lat' dir='ltr'><strong>cum</strong></span> <span class='ocrx_word' id='word_1_102' title='bbox 1156 2234 1271 2328; x_wconf 89' lang='lat' dir='ltr'><strong>spiritu</strong></span> <span class='ocrx_word' id='word_1_103' title='bbox 1298 2243 1365 2303; x_wconf 90' lang='lat' dir='ltr'><strong>tuo.</strong></span> 
     </span>
     <span class='ocr_line' id='line_1_16' title="bbox 772 2347 1396 2424; baseline -0.01 0"><span class='ocrx_word' id='word_1_104' title='bbox 772 2351 955 2424; x_wconf 81' lang='lat' dir='ltr'><strong>Sacerdos.</strong></span> <span class='ocrx_word' id='word_1_105' title='bbox 1007 2347 1100 2420; x_wconf 91' lang='lat' dir='ltr'><strong>Unus</strong></span> <span class='ocrx_word' id='word_1_106' title='bbox 1125 2347 1226 2419; x_wconf 89' lang='lat' dir='ltr'><strong>Pater</strong></span> <span class='ocrx_word' id='word_1_107' title='bbox 1252 2357 1396 2420; x_wconf 88' lang='lat' dir='ltr'><strong>sanctus.</strong></span> 
     </span>
     <span class='ocr_line' id='line_1_17' title="bbox 735 2461 1251 2539; baseline -0.01 0"><span class='ocrx_word' id='word_1_108' title='bbox 735 2468 959 2539; x_wconf 80' lang='lat' dir='ltr'><strong>-Diacoaoa</strong></span> <span class='ocrx_word' id='word_1_109' title='bbox 1014 2461 1097 2537; x_wconf 86' lang='lat' dir='ltr'><strong>Cum</strong></span> <span class='ocrx_word' id='word_1_110' title='bbox 1124 2465 1251 2535; x_wconf 87' lang='lat' dir='ltr'><strong>timore.</strong></span> 
     </span>
     <span class='ocr_line' id='line_1_18' title="bbox 771 2581 1292 2654; baseline -0.01 0"><span class='ocrx_word' id='word_1_111' title='bbox 771 2582 955 2654; x_wconf 86' lang='lat' dir='ltr'><strong>Sacerdos.</strong></span> <span class='ocrx_word' id='word_1_112' title='bbox 1008 2581 1132 2652; x_wconf 87' lang='lat' dir='ltr'><strong>Sancta</strong></span> <span class='ocrx_word' id='word_1_113' title='bbox 1159 2581 1292 2652; x_wconf 87' lang='lat' dir='ltr'><strong>sanctis.</strong></span> 
     </span>
     <span class='ocr_line' id='line_1_19' title="bbox 770 2695 1335 2769; baseline -0.005 0"><span class='ocrx_word' id='word_1_114' title='bbox 770 2698 956 2769; x_wconf 78' lang='lat' dir='ltr'><strong>Diaconos.</strong></span> <span class='ocrx_word' id='word_1_115' title='bbox 1009 2696 1142 2769; x_wconf 88' lang='lat' dir='ltr'><strong>Stemus</strong></span> <span class='ocrx_word' id='word_1_116' title='bbox 1169 2695 1335 2767; x_wconf 72' lang='lat' dir='ltr'><strong>decenter.</strong></span> 
     </span>
    </p>
   </div>
   <div class='ocr_carea' id='block_1_3' title="bbox 969 2988 1727 3082">
    <p class='ocr_par' dir='ltr' id='par_1_3' title="bbox 969 2988 1727 3082">
     <span class='ocr_line' id='line_1_20' title="bbox 969 2988 1727 3082; baseline 0.001 -22"><span class='ocrx_word' id='word_1_117' title='bbox 969 2988 1154 3063; x_wconf 84' lang='lat' dir='ltr'><strong>Sacerdos.</strong></span> <span class='ocrx_word' id='word_1_118' title='bbox 1209 2990 1329 3061; x_wconf 64' lang='lat' dir='ltr'><strong>&amp;otio</strong></span> <span class='ocrx_word' id='word_1_119' title='bbox 1355 2991 1545 3082; x_wconf 82' lang='lat' dir='ltr'><strong>pretiosam</strong></span> <span class='ocrx_word' id='word_1_120' title='bbox 1571 2993 1727 3062; x_wconf 81' lang='lat' dir='ltr'><strong>actionis.</strong></span> 
     </span>
    </p>
   </div>
   <div class='ocr_carea' id='block_1_4' title="bbox 665 3177 2031 3622">
    <p class='ocr_par' dir='ltr' id='par_1_4' title="bbox 665 3177 2031 3622">
     <span class='ocr_line' id='line_1_21' title="bbox 770 3177 2031 3274; baseline 0.002 -23"><span class='ocrx_word' id='word_1_121' title='bbox 770 3177 903 3252; x_wconf 81' lang='lat' dir='ltr'><strong>Gratias</strong></span> <span class='ocrx_word' id='word_1_122' title='bbox 939 3181 1068 3272; x_wconf 90' lang='lat' dir='ltr'><strong>agimus</strong></span> <span class='ocrx_word' id='word_1_123' title='bbox 1103 3178 1323 3253; x_wconf 87' lang='lat' dir='ltr'><strong>abundantiae</strong></span> <span class='ocrx_word' id='word_1_124' title='bbox 1357 3177 1512 3251; x_wconf 87' lang='lat' dir='ltr'><strong>bonitatis</strong></span> <span class='ocrx_word' id='word_1_125' title='bbox 1546 3191 1623 3254; x_wconf 89' lang='lat' dir='ltr'><strong>tuae</strong></span> <span class='ocrx_word' id='word_1_126' title='bbox 1651 3179 1813 3270; x_wconf 85' lang='lat' dir='ltr'><strong>Domine,</strong></span> <span class='ocrx_word' id='word_1_127' title='bbox 1846 3179 2031 3274; x_wconf 88' lang='lat' dir='ltr'><strong>laudamus,</strong></span> 
     </span>
     <span class='ocr_line' id='line_1_22' title="bbox 665 3294 2029 3388; baseline 0 -18"><span class='ocrx_word' id='word_1_128' title='bbox 665 3309 700 3370; x_wconf 91' lang='lat' dir='ltr'><strong>et</strong></span> <span class='ocrx_word' id='word_1_129' title='bbox 725 3295 912 3369; x_wconf 86' lang='lat' dir='ltr'><strong>exaltamus</strong></span> <span class='ocrx_word' id='word_1_130' title='bbox 938 3304 990 3382; x_wconf 91' lang='lat' dir='ltr'><strong>te,</strong></span> <span class='ocrx_word' id='word_1_131' title='bbox 1026 3306 1060 3367; x_wconf 89' lang='lat' dir='ltr'><strong>et</strong></span> <span class='ocrx_word' id='word_1_132' title='bbox 1090 3317 1210 3369; x_wconf 84' lang='lat' dir='ltr'><strong>vocem</strong></span> <span class='ocrx_word' id='word_1_133' title='bbox 1239 3294 1488 3388; x_wconf 83' lang='lat' dir='ltr'><strong>glorificationis</strong></span> <span class='ocrx_word' id='word_1_134' title='bbox 1515 3295 1729 3369; x_wconf 89' lang='lat' dir='ltr'><strong>indesinentis</strong></span> <span class='ocrx_word' id='word_1_135' title='bbox 1756 3294 1815 3368; x_wconf 85' lang='lat' dir='ltr'><strong>tibi</strong></span> <span class='ocrx_word' id='word_1_136' title='bbox 1841 3294 2029 3387; x_wconf 82' lang='lat' dir='ltr'><strong>referimus,</strong></span> 
     </span>
     <span class='ocr_line' id='line_1_23' title="bbox 665 3411 2029 3510; baseline 0 -24"><span class='ocrx_word' id='word_1_137' title='bbox 665 3413 754 3510; x_wconf 90' lang='lat' dir='ltr'><strong>quod</strong></span> <span class='ocrx_word' id='word_1_138' title='bbox 780 3413 877 3486; x_wconf 93' lang='lat' dir='ltr'><strong>nobis</strong></span> <span class='ocrx_word' id='word_1_139' title='bbox 904 3411 1026 3507; x_wconf 85' lang='lat' dir='ltr'><strong>pelago</strong></span> <span class='ocrx_word' id='word_1_140' title='bbox 1052 3422 1264 3508; x_wconf 86' lang='lat' dir='ltr'><strong>peccatomm</strong></span> <span class='ocrx_word' id='word_1_141' title='bbox 1291 3414 1473 3501; x_wconf 76' lang='lat' dir='ltr'><strong>inmersis,</strong></span> <span class='ocrx_word' id='word_1_142' title='bbox 1505 3435 1566 3509; x_wconf 90' lang='lat' dir='ltr'><strong>per</strong></span> <span class='ocrx_word' id='word_1_143' title='bbox 1597 3417 1842 3508; x_wconf 89' lang='lat' dir='ltr'><strong>susceptionem</strong></span> <span class='ocrx_word' id='word_1_144' title='bbox 1875 3414 2029 3507; x_wconf 86' lang='lat' dir='ltr'><strong>corporis</strong></span> 
     </span>
     <span class='ocr_line' id='line_1_24' title="bbox 666 3526 2030 3622; baseline -0.002 -19"><span class='ocrx_word' id='word_1_145' title='bbox 666 3541 700 3603; x_wconf 90' lang='lat' dir='ltr'><strong>et</strong></span> <span class='ocrx_word' id='word_1_146' title='bbox 725 3531 894 3622; x_wconf 88' lang='lat' dir='ltr'><strong>sanguinis</strong></span> <span class='ocrx_word' id='word_1_147' title='bbox 919 3531 1079 3620; x_wconf 90' lang='lat' dir='ltr'><strong>unigeniti</strong></span> <span class='ocrx_word' id='word_1_148' title='bbox 1104 3528 1179 3600; x_wconf 83' lang='lat' dir='ltr'><strong>Filii</strong></span> <span class='ocrx_word' id='word_1_149' title='bbox 1203 3531 1268 3617; x_wconf 90' lang='lat' dir='ltr'><strong>tui,</strong></span> <span class='ocrx_word' id='word_1_150' title='bbox 1300 3526 1544 3600; x_wconf 79' lang='lat' dir='ltr'><strong>mundationem</strong></span> <span class='ocrx_word' id='word_1_151' title='bbox 1571 3527 1748 3601; x_wconf 86' lang='lat' dir='ltr'><strong>contulisti.</strong></span> <span class='ocrx_word' id='word_1_152' title='bbox 1799 3529 1853 3602; x_wconf 93' lang='lat' dir='ltr'><strong>Ne</strong></span> <span class='ocrx_word' id='word_1_153' title='bbox 1878 3530 1911 3599; x_wconf 93' lang='lat' dir='ltr'><strong>in</strong></span> <span class='ocrx_word' id='word_1_154' title='bbox 1933 3527 2030 3620; x_wconf 92' lang='lat' dir='ltr'><strong>judi-</strong></span> 
     </span>
    </p>
   </div>
   <div class='ocr_carea' id='block_1_5' title="bbox 664 3641 2030 4296">
    <p class='ocr_par' dir='ltr' id='par_1_5' title="bbox 664 3641 2030 4202">
     <span class='ocr_line' id='line_1_25' title="bbox 665 3641 2029 3740; baseline -0.001 -20"><span class='ocrx_word' id='word_1_155' title='bbox 665 3651 769 3736; x_wconf 92' lang='lat' dir='ltr'><strong>cium,</strong></span> <span class='ocrx_word' id='word_1_156' title='bbox 802 3655 857 3717; x_wconf 92' lang='lat' dir='ltr'><strong>aut</strong></span> <span class='ocrx_word' id='word_1_157' title='bbox 888 3642 1130 3717; x_wconf 89' lang='lat' dir='ltr'><strong>damnationem</strong></span> <span class='ocrx_word' id='word_1_158' title='bbox 1163 3641 1260 3716; x_wconf 92' lang='lat' dir='ltr'><strong>nobis</strong></span> <span class='ocrx_word' id='word_1_159' title='bbox 1294 3644 1432 3715; x_wconf 90' lang='lat' dir='ltr'><strong>liantin</strong></span> <span class='ocrx_word' id='word_1_160' title='bbox 1467 3643 1522 3715; x_wconf 92' lang='lat' dir='ltr'><strong>illa</strong></span> <span class='ocrx_word' id='word_1_161' title='bbox 1553 3641 1607 3716; x_wconf 91' lang='lat' dir='ltr'><strong>die</strong></span> <span class='ocrx_word' id='word_1_162' title='bbox 1638 3666 1702 3740; x_wconf 87' lang='lat' dir='ltr'><strong>qua</strong></span> <span class='ocrx_word' id='word_1_163' title='bbox 1735 3646 1910 3738; x_wconf 86' lang='lat' dir='ltr'><strong>unicuique</strong></span> <span class='ocrx_word' id='word_1_164' title='bbox 1943 3665 2029 3740; x_wconf 87' lang='lat' dir='ltr'><strong>opus</strong></span> 
     </span>
     <span class='ocr_line' id='line_1_26' title="bbox 665 3758 2030 3857; baseline -0.003 -21"><span class='ocrx_word' id='word_1_165' title='bbox 665 3784 759 3836; x_wconf 90' lang='lat' dir='ltr'><strong>suum</strong></span> <span class='ocrx_word' id='word_1_166' title='bbox 785 3758 1000 3832; x_wconf 88' lang='lat' dir='ltr'><strong>retribuetur:</strong></span> <span class='ocrx_word' id='word_1_167' title='bbox 1028 3759 1087 3831; x_wconf 93' lang='lat' dir='ltr'><strong>sed</strong></span> <span class='ocrx_word' id='word_1_168' title='bbox 1114 3783 1134 3829; x_wconf 91' lang='lat' dir='ltr'><strong>a</strong></span> <span class='ocrx_word' id='word_1_169' title='bbox 1161 3758 1312 3852; x_wconf 90' lang='lat' dir='ltr'><strong>gebenna</strong></span> <span class='ocrx_word' id='word_1_170' title='bbox 1339 3778 1401 3853; x_wconf 88' lang='lat' dir='ltr'><strong>per</strong></span> <span class='ocrx_word' id='word_1_171' title='bbox 1426 3758 1655 3832; x_wconf 89' lang='lat' dir='ltr'><strong>miserationes</strong></span> <span class='ocrx_word' id='word_1_172' title='bbox 1682 3770 1754 3832; x_wconf 91' lang='lat' dir='ltr'><strong>tuas</strong></span> <span class='ocrx_word' id='word_1_173' title='bbox 1781 3763 1968 3857; x_wconf 91' lang='lat' dir='ltr'><strong>eripiamur,</strong></span> <span class='ocrx_word' id='word_1_174' title='bbox 1995 3771 2030 3832; x_wconf 90' lang='lat' dir='ltr'><strong>et</strong></span> 
     </span>
     <span class='ocr_line' id='line_1_27' title="bbox 665 3875 2028 3971; baseline -0.002 -21"><span class='ocrx_word' id='word_1_175' title='bbox 665 3878 706 3950; x_wconf 92' lang='lat' dir='ltr'><strong>ad</strong></span> <span class='ocrx_word' id='word_1_176' title='bbox 731 3898 880 3950; x_wconf 87' lang='lat' dir='ltr'><strong>mensam</strong></span> <span class='ocrx_word' id='word_1_177' title='bbox 906 3885 994 3946; x_wconf 81' lang='lat' dir='ltr'><strong>mam</strong></span> <span class='ocrx_word' id='word_1_178' title='bbox 1021 3875 1242 3970; x_wconf 90' lang='lat' dir='ltr'><strong>spiritualem,</strong></span> <span class='ocrx_word' id='word_1_179' title='bbox 1276 3877 1309 3945; x_wconf 94' lang='lat' dir='ltr'><strong>in</strong></span> <span class='ocrx_word' id='word_1_180' title='bbox 1340 3894 1447 3966; x_wconf 88' lang='lat' dir='ltr'><strong>regno</strong></span> <span class='ocrx_word' id='word_1_181' title='bbox 1482 3885 1537 3948; x_wconf 88' lang='lat' dir='ltr'><strong>tuo</strong></span> <span class='ocrx_word' id='word_1_182' title='bbox 1564 3897 1638 3948; x_wconf 93' lang='lat' dir='ltr'><strong>cum</strong></span> <span class='ocrx_word' id='word_1_183' title='bbox 1665 3879 1789 3949; x_wconf 89' lang='lat' dir='ltr'><strong>sanctis</strong></span> <span class='ocrx_word' id='word_1_184' title='bbox 1815 3879 1879 3950; x_wconf 87' lang='lat' dir='ltr'><strong>tuis</strong></span> <span class='ocrx_word' id='word_1_185' title='bbox 1906 3876 2028 3971; x_wconf 91' lang='lat' dir='ltr'><strong>epule-</strong></span> 
     </span>
     <span class='ocr_line' id='line_1_28' title="bbox 664 3991 2028 4090; baseline -0.001 -25"><span class='ocrx_word' id='word_1_186' title='bbox 664 4016 755 4066; x_wconf 90' lang='lat' dir='ltr'><strong>mur:</strong></span> <span class='ocrx_word' id='word_1_187' title='bbox 782 4015 844 4090; x_wconf 92' lang='lat' dir='ltr'><strong>per</strong></span> <span class='ocrx_word' id='word_1_188' title='bbox 871 3994 1030 4084; x_wconf 84' lang='lat' dir='ltr'><strong>gratiam,</strong></span> <span class='ocrx_word' id='word_1_189' title='bbox 1055 3993 1305 4077; x_wconf 86' lang='lat' dir='ltr'><strong>miserationes,</strong></span> <span class='ocrx_word' id='word_1_190' title='bbox 1333 3999 1366 4062; x_wconf 92' lang='lat' dir='ltr'><strong>et</strong></span> <span class='ocrx_word' id='word_1_191' title='bbox 1392 4013 1538 4063; x_wconf 89' lang='lat' dir='ltr'><strong>amorem</strong></span> <span class='ocrx_word' id='word_1_192' title='bbox 1565 4002 1654 4064; x_wconf 91' lang='lat' dir='ltr'><strong>tuum</strong></span> <span class='ocrx_word' id='word_1_193' title='bbox 1681 4014 1764 4086; x_wconf 90' lang='lat' dir='ltr'><strong>erga</strong></span> <span class='ocrx_word' id='word_1_194' title='bbox 1791 3991 1958 4083; x_wconf 89' lang='lat' dir='ltr'><strong>homines,</strong></span> <span class='ocrx_word' id='word_1_195' title='bbox 1993 4001 2028 4064; x_wconf 92' lang='lat' dir='ltr'><strong>et</strong></span> 
     </span>
     <span class='ocr_line' id='line_1_29' title="bbox 664 4107 1608 4202; baseline -0.002 -21"><span class='ocrx_word' id='word_1_196' title='bbox 664 4111 824 4200; x_wconf 89' lang='lat' dir='ltr'><strong>unigeniti</strong></span> <span class='ocrx_word' id='word_1_197' title='bbox 850 4108 924 4179; x_wconf 84' lang='lat' dir='ltr'><strong>Filii</strong></span> <span class='ocrx_word' id='word_1_198' title='bbox 951 4109 1008 4195; x_wconf 89' lang='lat' dir='ltr'><strong>tui,</strong></span> <span class='ocrx_word' id='word_1_199' title='bbox 1034 4115 1068 4178; x_wconf 92' lang='lat' dir='ltr'><strong>et</strong></span> <span class='ocrx_word' id='word_1_200' title='bbox 1086 4107 1228 4202; x_wconf 89' lang='lat' dir='ltr'><strong>Spiritus</strong></span> <span class='ocrx_word' id='word_1_201' title='bbox 1254 4109 1300 4179; x_wconf 90' lang='lat' dir='ltr'><strong>tui</strong></span> <span class='ocrx_word' id='word_1_202' title='bbox 1327 4109 1434 4178; x_wconf 87' lang='lat' dir='ltr'><strong>sancti</strong></span> <span class='ocrx_word' id='word_1_203' title='bbox 1461 4117 1494 4179; x_wconf 90' lang='lat' dir='ltr'><strong>et</strong></span> <span class='ocrx_word' id='word_1_204' title='bbox 1518 4107 1608 4182; x_wconf 92' lang='lat' dir='ltr'><strong>boni.</strong></span> 
     </span>
    </p>

    <p class='ocr_par' dir='ltr' id='par_1_6' title="bbox 767 4220 1390 4296">
     <span class='ocr_line' id='line_1_30' title="bbox 767 4220 1390 4296; baseline -0.005 -1"><span class='ocrx_word' id='word_1_205' title='bbox 767 4222 951 4295; x_wconf 87' lang='lat' dir='ltr'><strong>Sacerdos.</strong></span> <span class='ocrx_word' id='word_1_206' title='bbox 1003 4222 1077 4296; x_wconf 89' lang='lat' dir='ltr'><strong>Pax</strong></span> <span class='ocrx_word' id='word_1_207' title='bbox 1103 4221 1202 4296; x_wconf 89' lang='lat' dir='ltr'><strong>vobis</strong></span> <span class='ocrx_word' id='word_1_208' title='bbox 1229 4220 1390 4295; x_wconf 88' lang='lat' dir='ltr'><strong>omnihus.</strong></span> 
     </span>
    </p>
   </div>
   <div class='ocr_carea' id='block_1_6' title="bbox 664 4339 2027 5132">
    <p class='ocr_par' dir='ltr' id='par_1_7' title="bbox 768 4339 1359 4434">
     <span class='ocr_line' id='line_1_31' title="bbox 768 4339 1359 4434; baseline 0 -24"><span class='ocrx_word' id='word_1_209' title='bbox 768 4339 928 4432; x_wconf 84' lang='lat' dir='ltr'><strong>Populos.</strong></span> <span class='ocrx_word' id='word_1_210' title='bbox 980 4339 1025 4412; x_wconf 84' lang='lat' dir='ltr'><strong>Et</strong></span> <span class='ocrx_word' id='word_1_211' title='bbox 1050 4364 1124 4412; x_wconf 92' lang='lat' dir='ltr'><strong>cum</strong></span> <span class='ocrx_word' id='word_1_212' title='bbox 1151 4342 1266 4434; x_wconf 88' lang='lat' dir='ltr'><strong>spiritu</strong></span> <span class='ocrx_word' id='word_1_213' title='bbox 1293 4349 1359 4411; x_wconf 88' lang='lat' dir='ltr'><strong>tuo.</strong></span> 
     </span>
    </p>

    <p class='ocr_par' dir='ltr' id='par_1_8' title="bbox 766 4457 1460 4552">
     <span class='ocr_line' id='line_1_32' title="bbox 766 4457 1460 4552; baseline -0.001 -25"><span class='ocrx_word' id='word_1_214' title='bbox 766 4457 953 4527; x_wconf 62' lang='lat' dir='ltr'><strong>maaca.</strong></span> <span class='ocrx_word' id='word_1_215' title='bbox 1005 4458 1088 4529; x_wconf 90' lang='lat' dir='ltr'><strong>Post</strong></span> <span class='ocrx_word' id='word_1_216' title='bbox 1113 4458 1372 4552; x_wconf 84' lang='lat' dir='ltr'><strong>susceptionem,</strong></span> <span class='ocrx_word' id='word_1_217' title='bbox 1397 4465 1460 4528; x_wconf 91' lang='lat' dir='ltr'><strong>etc.</strong></span> 
     </span>
    </p>

    <p class='ocr_par' dir='ltr' id='par_1_9' title="bbox 767 4570 1343 4664">
     <span class='ocr_line' id='line_1_33' title="bbox 767 4570 1343 4664; baseline 0.003 -23"><span class='ocrx_word' id='word_1_218' title='bbox 767 4570 926 4664; x_wconf 80' lang='lat' dir='ltr'><strong>Populos.</strong></span> <span class='ocrx_word' id='word_1_219' title='bbox 980 4572 1104 4647; x_wconf 85' lang='lat' dir='ltr'><strong>Coram</strong></span> <span class='ocrx_word' id='word_1_220' title='bbox 1129 4581 1164 4644; x_wconf 90' lang='lat' dir='ltr'><strong>te</strong></span> <span class='ocrx_word' id='word_1_221' title='bbox 1189 4571 1343 4644; x_wconf 93' lang='lat' dir='ltr'><strong>Domine.</strong></span> 
     </span>
    </p>

    <p class='ocr_par' dir='ltr' id='par_1_10' title="bbox 664 4685 2027 5132">
     <span class='ocr_line' id='line_1_34' title="bbox 768 4685 2027 4784; baseline 0.005 -26"><span class='ocrx_word' id='word_1_222' title='bbox 768 4685 950 4760; x_wconf 87' lang='lat' dir='ltr'><strong>Sacerdos.</strong></span> <span class='ocrx_word' id='word_1_223' title='bbox 1002 4688 1130 4762; x_wconf 85' lang='lat' dir='ltr'><strong>Lumen</strong></span> <span class='ocrx_word' id='word_1_224' title='bbox 1163 4688 1205 4761; x_wconf 94' lang='lat' dir='ltr'><strong>de</strong></span> <span class='ocrx_word' id='word_1_225' title='bbox 1237 4686 1375 4780; x_wconf 91' lang='lat' dir='ltr'><strong>lumine,</strong></span> <span class='ocrx_word' id='word_1_226' title='bbox 1411 4699 1446 4764; x_wconf 92' lang='lat' dir='ltr'><strong>et</strong></span> <span class='ocrx_word' id='word_1_227' title='bbox 1470 4689 1563 4763; x_wconf 89' lang='lat' dir='ltr'><strong>Deus</strong></span> <span class='ocrx_word' id='word_1_228' title='bbox 1595 4687 1638 4760; x_wconf 90' lang='lat' dir='ltr'><strong>de</strong></span> <span class='ocrx_word' id='word_1_229' title='bbox 1668 4689 1743 4762; x_wconf 89' lang='lat' dir='ltr'><strong>Deo</strong></span> <span class='ocrx_word' id='word_1_230' title='bbox 1777 4690 1831 4784; x_wconf 88' lang='lat' dir='ltr'><strong>qui</strong></span> <span class='ocrx_word' id='word_1_231' title='bbox 1864 4686 2027 4764; x_wconf 87' lang='lat' dir='ltr'><strong>inclinasti</strong></span> 
     </span>
     <span class='ocr_line' id='line_1_35' title="bbox 664 4801 2024 4896; baseline 0.003 -22"><span class='ocrx_word' id='word_1_232' title='bbox 664 4801 781 4875; x_wconf 90' lang='lat' dir='ltr'><strong>coelos</strong></span> <span class='ocrx_word' id='word_1_233' title='bbox 815 4815 948 4878; x_wconf 87' lang='lat' dir='ltr'><strong>sanctos</strong></span> <span class='ocrx_word' id='word_1_234' title='bbox 979 4814 1074 4896; x_wconf 90' lang='lat' dir='ltr'><strong>tuos,</strong></span> <span class='ocrx_word' id='word_1_235' title='bbox 1108 4816 1142 4878; x_wconf 92' lang='lat' dir='ltr'><strong>et</strong></span> <span class='ocrx_word' id='word_1_236' title='bbox 1173 4807 1205 4876; x_wconf 93' lang='lat' dir='ltr'><strong>in</strong></span> <span class='ocrx_word' id='word_1_237' title='bbox 1239 4813 1360 4877; x_wconf 90' lang='lat' dir='ltr'><strong>terram</strong></span> <span class='ocrx_word' id='word_1_238' title='bbox 1401 4827 1516 4878; x_wconf 91' lang='lat' dir='ltr'><strong>amore</strong></span> <span class='ocrx_word' id='word_1_239' title='bbox 1548 4804 1715 4878; x_wconf 92' lang='lat' dir='ltr'><strong>bominum</strong></span> <span class='ocrx_word' id='word_1_240' title='bbox 1750 4803 1950 4879; x_wconf 87' lang='lat' dir='ltr'><strong>descendisti</strong></span> <span class='ocrx_word' id='word_1_241' title='bbox 1982 4805 2024 4878; x_wconf 89' lang='lat' dir='ltr'><strong>ad</strong></span> 
     </span>
     <span class='ocr_line' id='line_1_36' title="bbox 665 4917 2025 5018; baseline 0.001 -25"><span class='ocrx_word' id='word_1_242' title='bbox 665 4917 803 4993; x_wconf 88' lang='lat' dir='ltr'><strong>salutem</strong></span> <span class='ocrx_word' id='word_1_243' title='bbox 835 4923 999 4995; x_wconf 91' lang='lat' dir='ltr'><strong>universi:</strong></span> <span class='ocrx_word' id='word_1_244' title='bbox 1035 4921 1179 4996; x_wconf 84' lang='lat' dir='ltr'><strong>extende</strong></span> <span class='ocrx_word' id='word_1_245' title='bbox 1213 4920 1385 4994; x_wconf 88' lang='lat' dir='ltr'><strong>dexteram</strong></span> <span class='ocrx_word' id='word_1_246' title='bbox 1417 4931 1506 4994; x_wconf 78' lang='lat' dir='ltr'><strong>mam</strong></span> <span class='ocrx_word' id='word_1_247' title='bbox 1537 4924 1816 5018; x_wconf 89' lang='lat' dir='ltr'><strong>omnipotentem,</strong></span> <span class='ocrx_word' id='word_1_248' title='bbox 1848 4930 1883 4993; x_wconf 92' lang='lat' dir='ltr'><strong>et</strong></span> <span class='ocrx_word' id='word_1_249' title='bbox 1914 4923 2025 4994; x_wconf 85' lang='lat' dir='ltr'><strong>emitte</strong></span> 
     </span>
     <span class='ocr_line' id='line_1_37' title="bbox 664 5037 2024 5132; baseline -0.001 -22"><span class='ocrx_word' id='word_1_250' title='bbox 664 5055 766 5132; x_wconf 88' lang='lat' dir='ltr'><strong>super</strong></span> <span class='ocrx_word' id='word_1_251' title='bbox 798 5057 913 5110; x_wconf 87' lang='lat' dir='ltr'><strong>omnes</strong></span> <span class='ocrx_word' id='word_1_252' title='bbox 945 5060 1008 5112; x_wconf 91' lang='lat' dir='ltr'><strong>nos</strong></span> <span class='ocrx_word' id='word_1_253' title='bbox 1041 5037 1290 5112; x_wconf 87' lang='lat' dir='ltr'><strong>benedictiones</strong></span> <span class='ocrx_word' id='word_1_254' title='bbox 1324 5045 1416 5112; x_wconf 89' lang='lat' dir='ltr'><strong>tuas:</strong></span> <span class='ocrx_word' id='word_1_255' title='bbox 1456 5037 1624 5111; x_wconf 86' lang='lat' dir='ltr'><strong>sanctifica</strong></span> <span class='ocrx_word' id='word_1_256' title='bbox 1659 5040 1786 5111; x_wconf 85' lang='lat' dir='ltr'><strong>animas</strong></span> <span class='ocrx_word' id='word_1_257' title='bbox 1820 5047 1953 5112; x_wconf 84' lang='lat' dir='ltr'><strong>nostras</strong></span> <span class='ocrx_word' id='word_1_258' title='bbox 1989 5047 2024 5110; x_wconf 90' lang='lat' dir='ltr'><strong>et</strong></span> 
     </span>
    </p>
   </div>
   <div class='ocr_carea' id='block_1_7' title="bbox 0 0 2370 6038">
    <p class='ocr_par' dir='ltr' id='par_1_11' title="bbox 0 0 2370 6038">
     <span class='ocr_line' id='line_1_38' title="bbox 0 0 2370 6038; baseline 0 3"><span class='ocrx_word' id='word_1_259' title='bbox 0 0 2370 6038; x_wconf 95' lang='lat' dir='ltr'><strong> </strong></span> 
     </span>
    </p>
   </div>
  </div>
 </body>
</html>
