4712 6032
709 577 786 652 256
1209 575 1567 653 LITURGIA

706 769 727 846 †
753 761 934 852 benedixit,
959 771 981 848 †
1007 763 1232 848 sanctificavit,
1258 769 1279 846 †
1305 761 1419 854 fregit,
1446 761 1600 857 deditque
1627 761 1794 858 discipulis
1821 765 1902 852 suis,
1938 763 2068 837 dicens:

707 879 875 974 Accipite,
902 879 1078 952 comedite:
1110 877 1124 915 ²
1150 879 1224 951 Hoc
1251 888 1303 951 est
1328 901 1450 976 corpus
1476 901 1605 966 meum,
1639 878 1726 972 quod
1753 879 1849 952 datur
1875 877 1916 949 ad
1942 882 2068 951 remis-

708 999 837 1068 sionem
862 1007 1087 1090 pccoatorum,
1114 1007 1148 1068 et
1173 998 1276 1068 vitam
1302 1016 1436 1082 novam,
1464 1016 1550 1090 quae
1576 1004 1628 1066 est
1652 997 1685 1064 iu
1712 1003 1893 1066 aeteruum.

808 1110 992 1184 Sacerdos.
1044 1110 1214 1184 Simditer'
1227 1121 1337 1182 autem
1363 1121 1397 1182 et
1430 1110 1569 1183 calicem
1603 1115 1734 1206 accepit
1765 1119 1786 1194 τ
1821 1122 1854 1184 et
1887 1109 2070 1202 benedixit,

706 1234 727 1311 †
753 1226 908 1322 deditque
940 1227 1107 1324 discipulis
1139 1231 1225 1314 suis,
1259 1238 1293 1300 et
1317 1234 1338 1309 τ
1366 1226 1464 1300 dixit:
1498 1228 1673 1322 Accipite,
1706 1225 1810 1301 hihite
1849 1251 1895 1300 ex
1926 1251 1969 1300 eo
2002 1250 2069 1301 vos

707 1365 840 1417 omnes:
867 1341 929 1415 llic
955 1353 1007 1416 est
1032 1345 1169 1434 sanguis
1195 1365 1301 1432 meus,
1328 1345 1383 1439 qui
1409 1365 1471 1438 pro
1499 1342 1598 1416 vohis
1624 1341 1768 1414 funditrn
1789 1343 1830 1414 ad
1845 1347 2070 1439 expiationem

708 1457 920 1546 delictorum,
953 1461 1183 1532 remissionem
1215 1469 1447 1554 peccatorum,
1481 1469 1515 1530 et
1545 1462 1649 1531 vitam
1681 1481 1804 1530 novam
1836 1483 1922 1554 quae
1954 1469 2006 1530 est
2036 1463 2071 1532 in

708 1582 888 1647 aeternum.
940 1574 1102 1668 Priusque
1129 1577 1298 1672 praecepit
1324 1579 1386 1664 eis,
1412 1573 1542 1646 dicens:
1571 1574 1851 1668 Quotiescumque
1877 1578 2072 1670 mysterium

706 1687 772 1762 hoc
805 1689 950 1762 laetitiae
986 1690 1212 1776 celebrabitis,
1246 1693 1362 1763 mortis
1396 1701 1429 1762 et
1461 1694 1714 1780 resurrectionis
1748 1712 1844 1762 meae
1877 1695 2071 1764 memoriam

709 1810 829 1898 agetis,
856 1805 963 1878 donec
988 1810 1131 1880 veniam.

811 1922 972 2014 Populos.
1024 1921 1142 1994 Mortis
1168 1932 1246 1994 tuae
1272 1921 1423 1994 Domine.

810 2037 993 2110 Sacerdos.
1028 2037 1101 2110 Nos
1120 2039 1263 2110 Domine
1280 2042 1383 2126 servi,
1395 2048 1593 2133 peccatores
1606 2048 1640 2108 et
1656 2040 1859 2133 insipientes,
1878 2042 2070 2110 memoriam

707 2157 837 2246 agimus
864 2158 970 2227 omnis
1002 2155 1130 2250 periodi
1161 2154 1416 2250 dispensationis
1450 2164 1527 2225 tuae
1560 2154 1733 2241 salutaris,
1765 2153 1993 2249 adventusque
2026 2158 2075 2226 tui

707 2268 856 2358 secundi,
882 2267 1038 2344 terribilis
1065 2280 1100 2342 et
1125 2269 1276 2362 gloriosi,
1303 2291 1401 2364 quem
1428 2279 1607 2342 trementes
1633 2273 1900 2365 expavescimus.
1929 2271 2072 2344 Oratio-

707 2407 783 2456 nem
811 2394 845 2456 et
871 2383 1139 2480 deprecationem
1164 2386 1223 2458 tihi
1251 2383 1437 2474 oderimus,
1473 2395 1507 2456 et
1539 2395 1572 2456 te
1597 2385 1783 2476 mediante,
1813 2385 1947 2457 Patrem
1973 2389 2073 2457 etiam

708 2509 797 2572 tuum
823 2500 1081 2596 interpellemus,
1108 2499 1272 2572 dicentes:

810 2615 997 2688 Diaconos.
1044 2615 1247 2690 Miserere.-

811 2730 971 2824 Populus.
1023 2731 1095 2806 Nos
1122 2752 1263 2827 quoque.

811 2847 985 2920 Sacerdos
1009 2848 1200 2919 inclinatus.
1252 2847 1407 2943 Spiritum
1438 2859 1585 2922 sanctum
1613 2853 1703 2920 mitte
1728 2850 1871 2922 Domine
1899 2873 1945 2922 ex
1969 2847 2071 2922 hahi-

707 2963 816 3036 taoulo
842 2976 899 3037 tuo
927 2976 1059 3055 sancto,
1092 2962 1311 3059 illabaturque
1346 2973 1380 3036 et
1410 2969 1601 3060 requiescat
1636 2987 1737 3062 super
1769 2987 1889 3062 panem
1923 2965 2010 3038 hunc
2037 2978 2072 3041 et

708 3084 838 3154 mistum
864 3085 1078 3177 propositum,
1103 3079 1225 3173 illaque
1250 3079 1442 3168 sanctificet,
1469 3104 1588 3176 meque
1615 3085 1713 3154 etiam
1730 3082 1880 3154 mundum
1902 3091 1935 3154 et
1953 3105 2072 3177 purum

709 3195 836 3267 efficiat.
889 3197 1030 3268 &nodi
1054 3221 1115 3268 me.
1167 3195 1211 3267 Et
1235 3219 1354 3292 panem
1380 3200 1493 3284 istum,
1524 3197 1682 3270 exhibeat
1707 3221 1829 3294 corpus
1858 3199 1979 3272 Christi
2005 3199 2072 3270 Dei

708 3316 823 3384 nostri.

812 3427 971 3520 Populus.
1023 3431 1142 3504 Amen.

812 3544 995 3618 Sacerdos.
1029 3544 1073 3618 Et
1097 3547 1227 3617 mistum
1255 3542 1343 3637 quod
1369 3553 1421 3615 est
1446 3546 1480 3614 in
1505 3543 1569 3617 hoc
1587 3546 1693 3619 calice
1711 3547 1860 3642 perficiat
1875 3552 2072 3642 sanguinem

708 3659 856 3752 ejusdem
885 3660 1006 3734 Christi
1032 3661 1097 3733 Dei
1122 3664 1237 3733 nostri.

811 3776 972 3872 Populos.
1025 3779 1143 3850 Amen.

811 3893 996 3968 Sacerdos.
1029 3895 1074 3968 Ut
1100 3897 1293 3990 quicumque
1319 3892 1382 3966 illis
1409 3893 1674 3982 communicabit,
1700 3893 1821 3968 haeres
1846 3899 1940 3968 sitin
1962 3920 2071 3990 regno

710 4009 890 4097 coelorum,
915 4019 948 4082 et
973 4014 1007 4082 in
1033 4014 1102 4082 vita
1128 4034 1219 4085 nova
1245 4034 1318 4083 cum
1345 4011 1468 4082 sanctis
1495 4011 1557 4080 tuis
1584 4007 1733 4082 laetetur.

781 4124 974 4219 'Populea
1026 4128 1145 4200 Amen.

813 4240 988 4314 Sacerdos
1013 4244 1201 4314 inclinatur.
1235 4243 1409 4315 Pastorum
1437 4251 1470 4312 et
1485 4239 1664 4312 Rectorum
1682 4240 1870 4331 Ecclesiae,
1897 4249 2072 4342 omnisque

710 4367 814 4430 status
841 4360 1069 4448 sacerdotalis,
1096 4363 1261 4432 memento
1287 4360 1439 4432 Domine.
1697 4355 1702 4370 '

812 4475 961 4548 Eleooaa
986 4499 1110 4548 vocem.
1162 4475 1291 4549 illustra
1323 4496 1385 4546 uos
1412 4474 1553 4546 Domine
1586 4473 1660 4545 luce
1694 4474 1914 4549 doctrinarum
1942 4487 2072 4550 tuarum

709 4589 908 4666 divinarum:
934 4592 1024 4666 hona
1050 4605 1217 4688 tempora,
1250 4595 1352 4664 vitam
1379 4601 1563 4678 strenuam,
1599 4598 1633 4661 et
1658 4613 1742 4684 pace
1770 4591 1952 4665 affluentem
1981 4618 2073 4668 con-

710 4705 793 4810 cede
819 4708 936 4796 nohis,
964 4719 998 4780 et
1022 4709 1206 4782 referemus
1234 4707 1308 4799 tihi,
1335 4717 1398 4778 etc.

812 4824 972 4916 Populea.
1025 4827 1143 4899 Amen.

811 4939 985 5012 Sacerdos
1010 4942 1200 5014 inclinatos.
1252 4941 1371 5038 Populi
1399 4945 1448 5016 tui
1475 4941 1580 5016 fidelis
1614 4951 1647 5016 et
1680 4941 1876 5033 orthodoxi,
1907 4941 2003 5036 huius
2036 4953 2073 5015 et

708 5059 942 5154 cujuscumque
967 5057 1046 5152 loci,
1073 5068 1236 5132 memento
1262 5060 1416 5133 Domine.
