4728 6028
671 489 722 567 tt
755 487 1059 566 tinnientis
1092 487 1373 568 SYRIACAS.
1632 489 1707 566 125

330 673 368 737 sd
391 672 595 753 disciplinam,
625 679 687 736 tum
710 672 748 736 od
770 672 860 736 fidem
882 672 1069 752 spectabunt.
1114 671 1248 736 Tandem
1271 691 1377 738 ornnes
1400 675 1554 738 orationes
1578 681 1609 736 et
1631 691 1708 737 coc-

329 773 488 851 remoniss,
512 771 620 852 quibus
642 772 712 836 illue
736 789 861 853 quarmn
882 770 1164 851 interpretationem
1186 770 1290 834 demus
1305 770 1460 856 Litnrgine
1482 780 1633 850 constant,
1657 779 1708 834 snt

331 870 464 952 explicet
486 879 537 932 aot
559 871 699 954 designat
720 870 772 933 ille
794 869 984 952 theologus:
1011 868 1149 948 adeoque
1171 887 1275 932 veram
1299 870 1394 934 Officii
1417 870 1616 934 Eucharistioi
1638 869 1708 935 ior-

331 987 408 1031 mam
431 970 462 1031 in
479 969 542 1033 iilis
566 971 715 1034 contineri
738 978 853 1033 certum
877 986 948 1031 esse
971 966 1072 1030 debet.

532 1922 610 2012 on
654 1883 1114 2030 snonnnnrnns
1156 1921 1510 2014 nrnnnorrs

780 2143 824 2258 Μ
859 2141 894 2260 0
930 2143 972 2259 N
1008 2142 1031 2258 Ι
1066 2143 1097 2258 Τ
1133 2143 1173 2258 U
1207 2143 1262 2258 tt.

410 2455 613 2572 Liturpias
644 2499 733 2572 puae
763 2484 948 2572 sequuntur
982 2482 1020 2550 in
1053 2471 1207 2551 ordinem
1241 2486 1371 2552 eertum
1410 2479 1617 2551 distribuere
1650 2483 1708 2574 qui

332 2597 387 2669 oei
412 2605 597 2690 temporum
622 2596 753 2664 rationi
779 2594 1012 2686 responderet,
1038 2595 1094 2666 oei
1112 2619 1230 2667 earum
1244 2595 1413 2688 dipnituti,
1441 2617 1530 2690 quae
1556 2620 1602 2667 en
1625 2601 1708 2690 sre-

336 2716 506 2808 pnentiori
531 2734 593 2782 usu
620 2710 817 2798 duceretur,
852 2731 921 2780 non
943 2711 1052 2804 facile
1085 2717 1146 2783 est.
1201 2711 1363 2782 Codicum
1393 2711 1474 2784 Mss.
1509 2713 1612 2782 etiam
1638 2733 1708 2780 un-

335 2832 604 2924 tiquissimorum,
633 2832 730 2897 certa
756 2825 935 2918 dispositio
962 2826 1055 2897 nodia
1083 2833 1152 2915 est,
1186 2849 1260 2898 cum
1292 2826 1401 2898 nudius
1432 2829 1522 2898 inter
1543 2827 1711 2921 plurimos

335 2969 417 3040 quos
443 2946 676 3030 tractavimus,
704 2963 827 3030 oannes,
855 2963 997 3034 quarum
1022 2947 1214 3016 versionem
1240 2943 1376 3032 mmm,
1409 2941 1589 3039 Liturpias
1619 2965 1709 3016 con-

334 3065 451 3132 tineat.
504 3061 564 3132 Ee
590 3065 747 3130 ardorum
773 3053 1129 3150 quorum'snominibns
1154 3057 1399 3148 inscribuntur,
1428 3063 1633 3152 antiquitate
1655 3059 1711 3131 cel

334 3177 511 3270 diurnitate,
539 3179 739 3266 conjectura
765 3176 845 3267 capi
870 3173 963 3244 nulia
986 3180 1117 3266 potest,
1152 3197 1225 3244 cum
1260 3173 1432 3244 titulorum
1459 3175 1546 3267 fides
1580 3177 1710 3266 enipua

333 3296 394 3381 sit,
427 3299 461 3363 et
494 3291 629 3386 aliquas
663 3311 751 3384 quae
777 3288 1037 3382 Apostolorum,
1070 3295 1130 3359 aut
1160 3295 1356 3360 sanctorum
1390 3288 1536 3360 Patrum
1573 3293 1710 3360 nomina

330 3411 554 3501 praefer-unt,
586 3408 801 3477 recentiores
834 3425 909 3475 esse
945 3410 1085 3475 constet.
1139 3403 1261 3497 Itaque
1290 3406 1402 3494 primo
1436 3408 1611 3497 reseretur
1624 3404 1706 3473 1Ιιὶ-

335 3527 449 3618 turpia
474 3521 602 3594 Jacobs·
628 3521 766 3592 breaim
793 3545 817 3591 a
845 3521 1016 3612 Greporio
1044 3519 1189 3613 quodum
1216 3517 1395 3589 Catdniieo
1417 3519 1590 3605 ordinata,
1618 3519 1709 3612 quod

335 3661 406 3708 cnm
431 3641 567 3730 rumori,
593 3660 691 3732 puae
709 3639 852 3707 omnium
876 3638 1102 3708 vetustissima
1129 3640 1195 3722 est,
1228 3635 1410 3704 manimmn
1430 3631 1558 3704 tatem
1584 3637 1707 3728 affini-

334 3761 446 3825 tatem.
500 3755 670 3847 Sequetur
696 3753 857 3847 Litnrpia
882 3751 983 3844 Xysti
1017 3752 1184 3838 Bouiani,
1216 3753 1299 3843 qnia
1330 3751 1367 3819 iu
1402 3748 1533 3842 aiipuot
1558 3753 1712 3843 antiquis

335 3870 518 3958 codicibus,
546 3876 583 3939 ut
609 3871 645 3938 in
671 3869 830 3939 Romana
856 3867 1007 3938 Missaiis
1041 3865 1223 3936 Ctaidaiei
1255 3865 1405 3937 editione
1427 3867 1573 3958 primum
1598 3864 1709 3936 iocum

334 3991 436 4072 tenet,
464 3991 498 4058 et
524 3985 571 4056 ad
597 4007 672 4056 eam
699 3984 856 4078 Officium
882 4005 1053 4053 commune
1079 3981 1368 4053 accommodatum
1393 3983 1454 4050 est.
