4784 6040
714 664 792 740 414
1221 669 1577 749 tttunttt

716 878 736 926 a
763 853 921 951 periculis
948 864 982 926 et
1007 854 1295 952 persecutoribus,
1322 875 1343 928 a
1368 854 1465 930 bellis
1493 867 1526 930 et
1553 859 1642 932 duris
1669 862 1930 958 captivitatibus:
1962 888 2078 961 apo-

715 969 802 1066 pulis
830 969 958 1065 absque
985 971 1231 1060 misericordia,
1263 982 1297 1044 ct
1328 975 1447 1045 timore
1482 983 1537 1046 nro
1570 974 1749 1068 destitutis,
1782 988 1816 1050 et
1850 976 1892 1050 ab
1927 983 2077 1056 omnibus

714 1086 792 1176 illie,
820 1108 905 1180 quae
930 1096 1068 1182 propter
1092 1097 1233 1183 peccata
1258 1099 1373 1160 nostra
1401 1112 1421 1160 a
1446 1097 1480 1160 te
1506 1089 1604 1162 nobis
1631 1094 1860 1166 immittuntur:
1889 1099 1963 1190 quia
1979 1097 2079 1190 adju-

715 1213 769 1274 tor
794 1207 937 1275 omnium
965 1213 999 1275 tu
1026 1226 1082 1294 ee,
1108 1215 1142 1276 et
1168 1204 1317 1277 salvator
1343 1208 1486 1277 omnium
1513 1211 1568 1301 qui
1593 1210 1752 1282 invocant
1777 1219 1829 1281 te:
1857 1209 1980 1306 tibique
1997 1213 2078 1305 glo-

714 1321 798 1389 riam
825 1331 858 1391 et
883 1323 1064 1411 gratiarum
1091 1322 1252 1392 actionem
1279 1320 1456 1410 offerimus,
1484 1331 1518 1393 et
1544 1327 1713 1416 unigenito
1737 1325 1821 1399 Filio
1848 1335 1917 1414 tuo,
1944 1337 1977 1400 et
1994 1327 2077 1425 Spi-

715 1439 791 1506 ritui
818 1445 934 1509 sancto
961 1447 1018 1508 tuo
1044 1458 1131 1507 nunc
1157 1447 1192 1509 et
1217 1459 1371 1532 semper,
1398 1447 1459 1509 etc.

818 1550 994 1623 Sacerdos
1018 1554 1208 1624 inclinatus.
1240 1553 1312 1625 lras
1336 1553 1468 1645 Regum
1487 1559 1680 1651 comprime,
1700 1557 1779 1629 Rex
1797 1557 1941 1650 Regum,
1960 1562 2076 1630 incur-

714 1667 828 1738 siones
847 1667 1063 1763 praedonum,
1078 1666 1165 1740 bella
1180 1679 1213 1768 et
1223 1668 1403 1742 seditiones
1418 1692 1607 1766 compesce.
1622 1672 1819 1769 Superbiam
1835 1673 2076 1748 haereticorum

714 1781 870 1877 deprime.
897 1783 1043 1857 Decreta
1059 1789 1233 1879 aequitatis
1249 1786 1412 1859 adversus
1429 1808 1492 1860 nos
1506 1787 1647 1884 prolata,
1662 1788 1850 1882 benignitas
1860 1783 1920 1862 'tua
1931 1803 2077 1886 superet,

714 1909 748 1970 et
774 1910 950 1972 convertat
974 1905 1008 1973 in
1034 1900 1299 1997 tranquillitatem
1326 1902 1506 1974 dulcedinis
1534 1913 1620 1976 tuae.

816 2016 966 2090 blesens
990 2040 1115 2090 nocem.
1167 2017 1290 2090 Libera
1318 2029 1351 2090 et
1386 2017 1481 2090 salva
1514 2041 1595 2109 nos,
1628 2030 1663 2093 tu
1697 2023 1752 2117 qui
1787 2026 1929 2093 omnium
1963 2047 2075 2098 curam

712 2137 823 2227 geris,
857 2133 898 2206 ab
927 2133 1078 2207 omnibus
1108 2137 1270 2227 angustiis
1304 2145 1337 2206 et
1368 2134 1623 2209 rebellionibus:
1652 2135 1693 2208 ab
1727 2141 1816 2209 omni
1845 2144 2075 2233 persecutione

714 2261 747 2322 et
780 2249 981 2346 pestilentia:
1015 2250 1057 2323 ab
1093 2254 1182 2323 omni
1218 2249 1330 2342 gladio
1366 2262 1399 2323 et
1433 2251 1537 2324 lame:
1574 2251 1616 2324 ab
1653 2257 1742 2325 omni
1777 2256 2005 2346 contentione,
2043 2267 2075 2330 et

714 2370 921 2462 captivitate:
948 2369 990 2441 ab
1018 2370 1105 2439 omui
1131 2366 1221 2439 bello
1249 2377 1282 2438 et
1309 2367 1581 2464 depraedatione:
1610 2367 1651 2440 ab
1680 2372 1768 2442 omni
1794 2368 1936 2464 denique
1956 2373 2075 2444 insultu

713 2494 747 2554 et
782 2482 941 2556 elbrsione
974 2486 1164 2576 sanguinis,
1199 2506 1244 2554 ex
1278 2482 1340 2556 illis
1373 2483 1504 2580 populis
1537 2485 1712 2557 metienda
1749 2489 1804 2581 qui
1830 2485 1929 2558 alieni
1954 2497 2074 2560 sunta

710 2603 830 2672 timore
856 2609 923 2671 tuo.
976 2598 1029 2672 Ne
1063 2621 1185 2692 arguas
1211 2598 1270 2672 vel
1296 2604 1457 2697 corripias
1484 2623 1546 2674 nos
1573 2604 1606 2672 in
1631 2600 1746 2675 furore
1773 2611 1820 2674 et·
1838 2604 1905 2691 ira,
1938 2613 2074 2698 propter

710 2715 948 2788 multitudinem
973 2727 1187 2813 peccatorum
1213 2729 1413 2806 nostrorum,
1441 2716 1501 2790 sed
1528 2718 1757 2791 misericordia
1784 2727 1819 2790 et
1837 2718 1971 2790 lenitate
1992 2721 2074 2792 satie

710 2853 786 2923 nos,
813 2842 846 2904 et
872 2835 956 2906 sieut
981 2840 1076 2928 pater
1103 2832 1242 2926 diligens
1268 2833 1372 2921 lilios,
1405 2833 1542 2929 posside
1573 2856 1652 2908 nos:
1685 2838 1760 2929 quia
1792 2853 1861 2905 non
1894 2845 1946 2910 est
1976 2835 2073 2908 nobis

711 2950 804 3020 Deus
831 2947 915 3022 alius
941 2959 1076 3046 praeter
1101 2958 1150 3040 te,
1184 2951 1278 3041 cujus
1304 2949 1467 3022 beneficio
1496 2949 1632 3023 salutem
1665 2972 1925 3048 consequamur,
1956 2973 2074 3025 verum

712 3064 754 3136 ad
781 3073 814 3135 te
839 3062 942 3137 levati
968 3074 1043 3138 sunt
1070 3065 1157 3138 oculi
1182 3068 1288 3140 nostri
1314 3074 1348 3138 et
1373 3065 1474 3137 eorda
1501 3074 1630 3155 nostra,
1665 3079 1698 3139 et
1733 3067 1790 3140 tibi
1817 3066 1958 3164 hymnos
1985 3065 2073 3139 oile-

710 3185 824 3270 n'mus,
851 3194 884 3254 et
910 3186 1078 3276 unigenito
1105 3180 1189 3255 Filio
1217 3191 1285 3273 tuo,
1313 3191 1347 3254 et
1372 3182 1507 3278 Spiritui
1533 3177 1741 3258 densissimo
1759 3194 1828 3275 tuo,
1853 3183 1957 3276 bono,
1984 3185 2071 3257 ado-

709 3300 816 3399 rando
841 3309 875 3371 et
902 3301 1093 3374 vivificanti.

811 3416 986 3491 Sacerdos
1010 3417 1200 3490 inclinatus.
1243 3415 1412 3489 Memento
1438 3415 1592 3504 Domine,
1619 3419 1764 3488 omnium
1789 3423 1991 3504 sanctorum,
2018 3417 2071 3510 qui

709 3555 730 3603 a
757 3534 893 3606 saeculo
920 3535 979 3607 tibi
1004 3533 1210 3629 placuerunt,
1237 3531 1279 3605 ab
1305 3534 1414 3607 Adam
1441 3543 1475 3604 et
1500 3530 1607 3621 Abel,
1640 3531 1682 3603 ad
1713 3531 1798 3603 banc
1829 3552 1936 3625 usque
1969 3531 2070 3622 diem;

709 3654 906 3745 praesertim
935 3672 1019 3725 vero
1046 3660 1183 3723 sanctae
1218 3651 1386 3743 genitricis
1422 3650 1487 3721 Dei
1512 3647 1656 3736 Mariae,
1688 3646 1848 3720 iohannis
1882 3650 2072 3743 praeconis,
2150 3665 2152 3670 ’

709 3776 743 3837 et
767 3766 950 3862 Baptistae,
977 3766 1135 3863 Stephani
1160 3768 1317 3863 principis
1342 3764 1567 3836 Diaconorum
1595 3774 1629 3836 et
1653 3765 1749 3859 primi
1775 3763 1970 3858 Martyrum.

811 3882 960 3953 Danaos
989 3905 1115 3954 socan.
1168 3883 1347 3971 Memento,
1373 3883 1536 3968 Domine,
1563 3883 1706 3951 omnium
1740 3881 1795 3974 qui
1829 3878 1971 3953 anobis
1997 3878 2071 3950 dicti

709 4007 794 4086 sunt,
822 4001 1032 4093 omniumque
1058 4001 1190 4072 Patrum
1218 4009 1251 4071 et
1277 3981 1553 4086 Patriarebabum,
1568 3999 1708 4092 ¹piorum
1730 4005 1764 4066 et
1785 3997 1962 4087 justorum,
1981 3995 2071 4068 Pro-

708 4113 939 4210 phetarum-ct
963 4114 1215 4210 Apostolorum,
1242 4115 1522 4206 Praedicatorum,
1548 4110 1856 4205 Evangelistarum,
1876 4111 2071 4208 Martyrum,

711 4229 962 4320 Confessorum
989 4233 1185 4322 Doctorum,
1208 4230 1539 4323 Thaumaturgorum,
1565 4227 1740 4320 Virginum
1757 4236 1965 4317 sanctarum,
1984 4249 2070 4299 coe-

708 4346 827 4438 libum,
850 4350 1083 4441 jejunantium,
1110 4348 1349 4438 solitariorum,
1375 4344 1633 4434 Monacbnrum,
1659 4331 1867 4437 fideliumque
1892 4343 2070 4429 veracium,

709 4473 742 4536 et
768 4467 911 4536 omnium
938 4466 993 4559 qui
1019 4462 1194 4560 praeclare
1207 4467 1310 4536 vitam
1331 4473 1480 4556 egerunt,
1508 4473 1542 4534 et
1567 4483 1629 4557 per
1656 4462 1826 4532 orationes
1853 4479 1969 4530 eorum
1987 4478 2069 4552 per-

706 4578 833 4669 lectas,
869 4591 902 4653 et
936 4579 1188 4676 deprecationes
1216 4579 1457 4677 acceptabiles,
1492 4581 1606 4674 aspice
1640 4597 1703 4649 nos
1729 4573 1827 4647 oculo
1854 4569 2070 4657 misericordi,

709 4707 743 4769 et
756 4698 849 4773 vultu
874 4698 1014 4794 pacilico
1042 4706 1077 4768 et
1103 4695 1260 4789 benigno.
1290 4695 1455 4788 ,Adiunge
1481 4715 1544 4768 nos
1571 4691 1721 4766 coetibus
1740 4702 1774 4764 et
1787 4687 1956 4764 ordinibus
1972 4708 2069 4780 mau7

710 4815 925 4911 sionibusque
960 4811 1155 4885 dilectorum
1189 4822 1329 4900 tuorum,
1356 4821 1392 4882 ut
1417 4834 1491 4883 curn
1518 4812 1588 4900 eis,
1622 4819 1658 4880 et
1690 4811 1776 4880 inter
1808 4826 1890 4894 eos,
1924 4825 2007 4900 pure
2039 4810 2071 4873 et

714 4941 852 5021 sancte,
886 4950 1044 5001 canemus
1070 4926 1130 4999 tibi
1155 4927 1296 5025 hymnos
1323 4930 1544 5015 incessanter,
1572 4934 1606 4997 et
1631 4925 1800 5016 unigenito
1827 4920 1911 4994 Filio
1938 4929 2014 5010 tuo,
2040 4925 2071 4989 et

711 5043 847 5142 Spiritui
874 5045 1083 5133 sanctissimo
1110 5051 1167 5115 tuo
1194 5054 1228 5115 et
1253 5041 1354 5115 bono.
1857 5045 1862 5062 ⁸
