<?xml version="1.0" encoding="UTF-8"?>
<!DOCTYPE html PUBLIC "-//W3C//DTD XHTML 1.0 Transitional//EN"
    "http://www.w3.org/TR/xhtml1/DTD/xhtml1-transitional.dtd">
<html xmlns="http://www.w3.org/1999/xhtml" xml:lang="en" lang="en">
 <head>
  <title>
</title>
<meta http-equiv="Content-Type" content="text/html;charset=utf-8" />
  <meta name='ocr-system' content='tesseract 3.04.00' />
  <meta name='ocr-capabilities' content='ocr_page ocr_carea ocr_par ocr_line ocrx_word'/>
</head>
<body>
  <div class='ocr_page' id='page_1' title='image "./liturgiarumorie04renagoog_0024.png"; bbox 0 0 4804 6026; ppageno 0'>
   <div class='ocr_carea' id='block_1_1' title="bbox 566 598 1797 680">
    <p class='ocr_par' dir='ltr' id='par_1_1' title="bbox 566 598 1797 680">
     <span class='ocr_line' id='line_1_1' title="bbox 566 598 1797 680; baseline -0.003 -2"><span class='ocrx_word' id='word_1_1' title='bbox 566 603 616 679; x_wconf 86' lang='lat' dir='ltr'>llll</span> <span class='ocrx_word' id='word_1_2' title='bbox 641 599 810 680; x_wconf 77' lang='lat' dir='ltr'>stantis</span> <span class='ocrx_word' id='word_1_3' title='bbox 829 598 1096 678; x_wconf 79' lang='lat' dir='ltr'>tntoffltnttnn</span> <span class='ocrx_word' id='word_1_4' title='bbox 1116 601 1164 676; x_wconf 87' lang='grc' dir='ltr'>ΕΤ</span> <span class='ocrx_word' id='word_1_5' title='bbox 1188 598 1452 678; x_wconf 80' lang='lat' dir='ltr'>tncontntnttn</span> <span class='ocrx_word' id='word_1_6' title='bbox 1469 601 1661 680; x_wconf 75' lang='lat' dir='ltr'>monens.</span> <span class='ocrx_word' id='word_1_7' title='bbox 1748 599 1797 674; x_wconf 87' lang='lat' dir='ltr'>tx</span> 
     </span>
    </p>
   </div>
   <div class='ocr_carea' id='block_1_2' title="bbox 416 761 2115 4484">
    <p class='ocr_par' dir='ltr' id='par_1_2' title="bbox 416 761 1798 1576">
     <span class='ocr_line' id='line_1_2' title="bbox 416 761 1796 885; baseline 0 -23"><span class='ocrx_word' id='word_1_8' title='bbox 416 761 566 863; x_wconf 79' lang='lat' dir='ltr'>&#39;sancet</span> <span class='ocrx_word' id='word_1_9' title='bbox 591 791 645 884; x_wconf 92' lang='lat' dir='ltr'>qui</span> <span class='ocrx_word' id='word_1_10' title='bbox 670 787 803 861; x_wconf 92' lang='lat' dir='ltr'>editioni</span> <span class='ocrx_word' id='word_1_11' title='bbox 831 786 1063 884; x_wconf 76' lang='lat' dir='ltr'>praefuerunt,</span> <span class='ocrx_word' id='word_1_12' title='bbox 1095 809 1139 858; x_wconf 92' lang='lat' dir='ltr'>ne</span> <span class='ocrx_word' id='word_1_13' title='bbox 1174 786 1261 882; x_wconf 93' lang='lat' dir='ltr'>quod</span> <span class='ocrx_word' id='word_1_14' title='bbox 1294 787 1463 863; x_wconf 82' lang='lat' dir='ltr'><strong>Censores</strong></span> <span class='ocrx_word' id='word_1_15' title='bbox 1494 788 1565 883; x_wconf 90' lang='lat' dir='ltr'>alii,</span> <span class='ocrx_word' id='word_1_16' title='bbox 1599 793 1796 885; x_wconf 87' lang='lat' dir='ltr'>praesertim</span> 
     </span>
     <span class='ocr_line' id='line_1_3' title="bbox 438 901 1797 1001; baseline 0.001 -25"><span class='ocrx_word' id='word_1_17' title='bbox 438 909 492 1000; x_wconf 90' lang='lat' dir='ltr'>qui</span> <span class='ocrx_word' id='word_1_18' title='bbox 517 915 596 1001; x_wconf 92' lang='lat' dir='ltr'>post</span> <span class='ocrx_word' id='word_1_19' title='bbox 620 905 845 979; x_wconf 80' lang='lat' dir='ltr'>Florentinum</span> <span class='ocrx_word' id='word_1_20' title='bbox 867 901 1048 976; x_wconf 81' lang='lat' dir='ltr'>Concilium</span> <span class='ocrx_word' id='word_1_21' title='bbox 1065 905 1279 998; x_wconf 89' lang='lat' dir='ltr'>scripserunt,</span> <span class='ocrx_word' id='word_1_22' title='bbox 1304 913 1394 978; x_wconf 91' lang='lat' dir='ltr'>tanto</span> <span class='ocrx_word' id='word_1_23' title='bbox 1414 904 1520 978; x_wconf 90' lang='lat' dir='ltr'>studio</span> <span class='ocrx_word' id='word_1_24' title='bbox 1536 903 1797 994; x_wconf 80' lang='lat' dir='ltr'>inculcaverant,</span> 
     </span>
     <span class='ocr_line' id='line_1_4' title="bbox 435 1017 1797 1116; baseline 0.001 -24"><span class='ocrx_word' id='word_1_25' title='bbox 435 1021 555 1094; x_wconf 89' lang='lat' dir='ltr'>lateret</span> <span class='ocrx_word' id='word_1_26' title='bbox 588 1023 623 1091; x_wconf 92' lang='lat' dir='ltr'>in</span> <span class='ocrx_word' id='word_1_27' title='bbox 648 1043 689 1093; x_wconf 86' lang='lat' dir='ltr'>ea</span> <span class='ocrx_word' id='word_1_28' title='bbox 717 1024 866 1093; x_wconf 76' lang='lat' dir='ltr'>cratone</span> <span class='ocrx_word' id='word_1_29' title='bbox 891 1040 1056 1093; x_wconf 87' lang='lat' dir='ltr'>venenum</span> <span class='ocrx_word' id='word_1_30' title='bbox 1085 1017 1265 1094; x_wconf 90' lang='lat' dir='ltr'>haereseos</span> <span class='ocrx_word' id='word_1_31' title='bbox 1301 1043 1400 1116; x_wconf 91' lang='lat' dir='ltr'>quam</span> <span class='ocrx_word' id='word_1_32' title='bbox 1434 1020 1572 1096; x_wconf 88' lang='lat' dir='ltr'>Graecis</span> <span class='ocrx_word' id='word_1_33' title='bbox 1608 1020 1797 1113; x_wconf 90' lang='lat' dir='ltr'>attribuunt,</span> 
     </span>
     <span class='ocr_line' id='line_1_5' title="bbox 437 1134 1798 1232; baseline 0.001 -24"><span class='ocrx_word' id='word_1_34' title='bbox 437 1136 478 1208; x_wconf 92' lang='lat' dir='ltr'>dc</span> <span class='ocrx_word' id='word_1_35' title='bbox 505 1159 569 1231; x_wconf 89' lang='lat' dir='ltr'>qua</span> <span class='ocrx_word' id='word_1_36' title='bbox 596 1134 677 1232; x_wconf 73' lang='lat' dir='ltr'>Syri</span> <span class='ocrx_word' id='word_1_37' title='bbox 709 1145 765 1208; x_wconf 94' lang='lat' dir='ltr'>aut</span> <span class='ocrx_word' id='word_1_38' title='bbox 795 1134 981 1209; x_wconf 88' lang='lat' dir='ltr'>Orientales</span> <span class='ocrx_word' id='word_1_39' title='bbox 1018 1135 1072 1207; x_wconf 93' lang='lat' dir='ltr'>alii</span> <span class='ocrx_word' id='word_1_40' title='bbox 1106 1151 1272 1232; x_wconf 78' lang='lat' dir='ltr'>nunquam</span> <span class='ocrx_word' id='word_1_41' title='bbox 1303 1134 1478 1232; x_wconf 83' lang='lat' dir='ltr'>quidquam</span> <span class='ocrx_word' id='word_1_42' title='bbox 1511 1136 1727 1226; x_wconf 89' lang='lat' dir='ltr'>audiverunt,</span> <span class='ocrx_word' id='word_1_43' title='bbox 1761 1147 1798 1210; x_wconf 92' lang='lat' dir='ltr'>ut</span> 
     </span>
     <span class='ocr_line' id='line_1_6' title="bbox 435 1251 1795 1327; baseline -0.001 0"><span class='ocrx_word' id='word_1_44' title='bbox 435 1275 518 1327; x_wconf 91' lang='lat' dir='ltr'>sane</span> <span class='ocrx_word' id='word_1_45' title='bbox 544 1261 642 1323; x_wconf 89' lang='lat' dir='ltr'>antea</span> <span class='ocrx_word' id='word_1_46' title='bbox 668 1251 788 1324; x_wconf 92' lang='lat' dir='ltr'>nullam</span> <span class='ocrx_word' id='word_1_47' title='bbox 814 1252 1029 1325; x_wconf 83' lang='lat' dir='ltr'>dissensionis</span> <span class='ocrx_word' id='word_1_48' title='bbox 1055 1254 1140 1324; x_wconf 90' lang='lat' dir='ltr'>inter</span> <span class='ocrx_word' id='word_1_49' title='bbox 1165 1251 1304 1326; x_wconf 89' lang='lat' dir='ltr'>Latinos</span> <span class='ocrx_word' id='word_1_50' title='bbox 1339 1263 1374 1325; x_wconf 92' lang='lat' dir='ltr'>et</span> <span class='ocrx_word' id='word_1_51' title='bbox 1400 1251 1550 1326; x_wconf 87' lang='lat' dir='ltr'>Graecos</span> <span class='ocrx_word' id='word_1_52' title='bbox 1584 1257 1795 1326; x_wconf 78' lang='lat' dir='ltr'>occasionem</span> 
     </span>
     <span class='ocr_line' id='line_1_7' title="bbox 436 1364 1796 1464; baseline 0.001 -26"><span class='ocrx_word' id='word_1_53' title='bbox 436 1366 533 1440; x_wconf 89' lang='lat' dir='ltr'>dedit.</span> <span class='ocrx_word' id='word_1_54' title='bbox 585 1367 638 1439; x_wconf 88' lang='lat' dir='ltr'>De</span> <span class='ocrx_word' id='word_1_55' title='bbox 664 1366 720 1438; x_wconf 85' lang='lat' dir='ltr'>illa</span> <span class='ocrx_word' id='word_1_56' title='bbox 744 1389 829 1440; x_wconf 86' lang='lat' dir='ltr'>vero</span> <span class='ocrx_word' id='word_1_57' title='bbox 855 1367 1072 1440; x_wconf 89' lang='lat' dir='ltr'>Invocatione</span> <span class='ocrx_word' id='word_1_58' title='bbox 1103 1366 1180 1440; x_wconf 88' lang='lat' dir='ltr'>fuse</span> <span class='ocrx_word' id='word_1_59' title='bbox 1213 1367 1333 1440; x_wconf 90' lang='lat' dir='ltr'>dictum</span> <span class='ocrx_word' id='word_1_60' title='bbox 1365 1369 1490 1442; x_wconf 89' lang='lat' dir='ltr'>estad</span> <span class='ocrx_word' id='word_1_61' title='bbox 1524 1364 1697 1464; x_wconf 84' lang='lat' dir='ltr'>Copticam</span> <span class='ocrx_word' id='word_1_62' title='bbox 1728 1370 1796 1441; x_wconf 90' lang='lat' dir='ltr'>Li-</span> 
     </span>
     <span class='ocr_line' id='line_1_8' title="bbox 434 1470 1093 1576; baseline 0.005 -22"><span class='ocrx_word' id='word_1_63' title='bbox 434 1488 586 1576; x_wconf 84' lang='lat' dir='ltr'>turgiam.</span> <span class='ocrx_word' id='word_1_64' title='bbox 1087 1470 1093 1506; x_wconf 87' lang='lat'><strong>¹</strong></span> 
     </span>
    </p>

    <p class='ocr_par' dir='ltr' id='par_1_3' title="bbox 433 1597 2115 1928">
     <span class='ocr_line' id='line_1_9' title="bbox 536 1597 2115 1695; baseline 0.004 -25"><span class='ocrx_word' id='word_1_65' title='bbox 536 1597 625 1670; x_wconf 89' lang='lat' dir='ltr'>Xlll.</span> <span class='ocrx_word' id='word_1_66' title='bbox 676 1597 800 1692; x_wconf 84' lang='lat' dir='ltr'>Effugit</span> <span class='ocrx_word' id='word_1_67' title='bbox 833 1599 957 1672; x_wconf 86' lang='lat' dir='ltr'>tamen</span> <span class='ocrx_word' id='word_1_68' title='bbox 973 1598 1102 1672; x_wconf 88' lang='lat' dir='ltr'>illomm</span> <span class='ocrx_word' id='word_1_69' title='bbox 1135 1600 1252 1673; x_wconf 90' lang='lat' dir='ltr'>oculos</span> <span class='ocrx_word' id='word_1_70' title='bbox 1288 1603 1421 1695; x_wconf 88' lang='lat' dir='ltr'>antiqua</span> <span class='ocrx_word' id='word_1_71' title='bbox 1454 1610 1489 1672; x_wconf 90' lang='lat' dir='ltr'>et</span> <span class='ocrx_word' id='word_1_72' title='bbox 1519 1602 1649 1673; x_wconf 89' lang='lat' dir='ltr'>sincera</span> <span class='ocrx_word' id='word_1_73' title='bbox 1681 1598 1793 1692; x_wconf 88' lang='lat' dir='ltr'>lectio,</span> <span class='ocrx_word' id='word_1_74' title='bbox 1827 1616 2052 1676; x_wconf 80' lang='grc' dir='ltr'>ιιιιιιιιιιιιιιιι</span> <span class='ocrx_word' id='word_1_75' title='bbox 2065 1645 2115 1684; x_wconf 75' lang='grc' dir='ltr'>ιι.</span> 
     </span>
     <span class='ocr_line' id='line_1_10' title="bbox 433 1704 2114 1840; baseline 0.003 -56"><span class='ocrx_word' id='word_1_76' title='bbox 433 1734 519 1807; x_wconf 89' lang='lat' dir='ltr'>quae</span> <span class='ocrx_word' id='word_1_77' title='bbox 546 1719 734 1808; x_wconf 86' lang='lat' dir='ltr'>superest</span> <span class='ocrx_word' id='word_1_78' title='bbox 723 1738 757 1787; x_wconf 93' lang='lat' dir='ltr'>m</span> <span class='ocrx_word' id='word_1_79' title='bbox 782 1716 933 1808; x_wconf 81' lang='lat' dir='ltr'>Litargia</span> <span class='ocrx_word' id='word_1_80' title='bbox 958 1715 1094 1805; x_wconf 90' lang='lat' dir='ltr'>Jacobi;</span> <span class='ocrx_word' id='word_1_81' title='bbox 1122 1726 1156 1788; x_wconf 93' lang='lat' dir='ltr'>et</span> <span class='ocrx_word' id='word_1_82' title='bbox 1182 1716 1331 1809; x_wconf 91' lang='lat' dir='ltr'>ejusdem</span> <span class='ocrx_word' id='word_1_83' title='bbox 1357 1726 1483 1788; x_wconf 89' lang='lat' dir='ltr'>certum</span> <span class='ocrx_word' id='word_1_84' title='bbox 1501 1716 1654 1788; x_wconf 89' lang='lat' dir='ltr'>indicium</span> <span class='ocrx_word' id='word_1_85' title='bbox 1669 1709 1845 1840; x_wconf 44' lang='lat' dir='ltr'>pariterss¹1⁸</span> <span class='ocrx_word' id='word_1_86' title='bbox 1868 1704 1977 1758; x_wconf 51' lang='grc' dir='ltr'>ΜΝ</span> <span class='ocrx_word' id='word_1_87' title='bbox 1969 1723 1995 1758; x_wconf 84' lang='lat'>¹¹¹</span> <span class='ocrx_word' id='word_1_88' title='bbox 2018 1711 2114 1783; x_wconf 81' lang='lat' dir='ltr'>¹¹¹¹t¹¹·</span> 
     </span>
     <span class='ocr_line' id='line_1_11' title="bbox 434 1787 1861 1928; baseline 0.001 -26"><span class='ocrx_word' id='word_1_89' title='bbox 434 1840 670 1904; x_wconf 88' lang='lat' dir='ltr'>couservatum</span> <span class='ocrx_word' id='word_1_90' title='bbox 696 1834 806 1903; x_wconf 86' lang='lat' dir='ltr'>estin</span> <span class='ocrx_word' id='word_1_91' title='bbox 831 1831 916 1904; x_wconf 94' lang='lat' dir='ltr'>libro</span> <span class='ocrx_word' id='word_1_92' title='bbox 942 1832 1115 1904; x_wconf 89' lang='lat' dir='ltr'>Ministerii</span> <span class='ocrx_word' id='word_1_93' title='bbox 1136 1831 1322 1924; x_wconf 85' lang='lat' dir='ltr'>Diaconici,</span> <span class='ocrx_word' id='word_1_94' title='bbox 1349 1830 1480 1906; x_wconf 86' lang='lat' dir='ltr'>Romae</span> <span class='ocrx_word' id='word_1_95' title='bbox 1505 1835 1629 1928; x_wconf 90' lang='lat' dir='ltr'>pariter</span> <span class='ocrx_word' id='word_1_96' title='bbox 1655 1854 1793 1908; x_wconf 86' lang='lat' dir='ltr'>excuso.</span> <span class='ocrx_word' id='word_1_97' title='bbox 1805 1787 1861 1845; x_wconf 52' lang='grc' dir='ltr'>ω’</span> 
     </span>
    </p>

    <p class='ocr_par' dir='ltr' id='par_1_4' title="bbox 425 1946 1882 3550">
     <span class='ocr_line' id='line_1_12' title="bbox 431 1946 1795 2043; baseline 0.001 -24"><span class='ocrx_word' id='word_1_98' title='bbox 431 1946 518 2019; x_wconf 89' lang='lat' dir='ltr'>Nam</span> <span class='ocrx_word' id='word_1_99' title='bbox 546 1951 716 2020; x_wconf 89' lang='lat' dir='ltr'>orationes</span> <span class='ocrx_word' id='word_1_100' title='bbox 743 1971 828 2043; x_wconf 92' lang='lat' dir='ltr'>quae</span> <span class='ocrx_word' id='word_1_101' title='bbox 855 1973 875 2020; x_wconf 93' lang='lat' dir='ltr'>a</span> <span class='ocrx_word' id='word_1_102' title='bbox 904 1949 1056 2030; x_wconf 83' lang='lat' dir='ltr'>Diacono</span> <span class='ocrx_word' id='word_1_103' title='bbox 1089 1951 1284 2038; x_wconf 89' lang='lat' dir='ltr'>recitantur,</span> <span class='ocrx_word' id='word_1_104' title='bbox 1318 1959 1355 2021; x_wconf 91' lang='lat' dir='ltr'>ut</span> <span class='ocrx_word' id='word_1_105' title='bbox 1386 1953 1636 2022; x_wconf 79' lang='lat' dir='ltr'>circumstantes</span> <span class='ocrx_word' id='word_1_106' title='bbox 1670 1952 1795 2021; x_wconf 86' lang='lat' dir='ltr'>excitet</span> 
     </span>
     <span class='ocr_line' id='line_1_13' title="bbox 432 2062 1794 2161; baseline 0.002 -27"><span class='ocrx_word' id='word_1_107' title='bbox 432 2062 475 2134; x_wconf 89' lang='lat' dir='ltr'>ad</span> <span class='ocrx_word' id='word_1_108' title='bbox 502 2063 698 2136; x_wconf 91' lang='lat' dir='ltr'>orandum</span> <span class='ocrx_word' id='word_1_109' title='bbox 688 2067 889 2159; x_wconf 83' lang='lat' dir='ltr'>impensius,</span> <span class='ocrx_word' id='word_1_110' title='bbox 915 2085 976 2158; x_wconf 95' lang='lat' dir='ltr'>pro</span> <span class='ocrx_word' id='word_1_111' title='bbox 1005 2063 1150 2136; x_wconf 84' lang='lat' dir='ltr'>adveatu</span> <span class='ocrx_word' id='word_1_112' title='bbox 1176 2063 1318 2160; x_wconf 90' lang='lat' dir='ltr'>Spiritus</span> <span class='ocrx_word' id='word_1_113' title='bbox 1345 2066 1452 2137; x_wconf 91' lang='lat' dir='ltr'>sancti</span> <span class='ocrx_word' id='word_1_114' title='bbox 1478 2086 1581 2161; x_wconf 92' lang='lat' dir='ltr'>super</span> <span class='ocrx_word' id='word_1_115' title='bbox 1603 2064 1690 2138; x_wconf 90' lang='lat' dir='ltr'>dona</span> <span class='ocrx_word' id='word_1_116' title='bbox 1706 2087 1794 2161; x_wconf 93' lang='lat' dir='ltr'>pro-</span> 
     </span>
     <span class='ocr_line' id='line_1_14' title="bbox 431 2179 1793 2277; baseline 0.002 -27"><span class='ocrx_word' id='word_1_117' title='bbox 431 2182 558 2277; x_wconf 92' lang='lat' dir='ltr'>posita,</span> <span class='ocrx_word' id='word_1_118' title='bbox 584 2180 791 2252; x_wconf 81' lang='lat' dir='ltr'>invocationi</span> <span class='ocrx_word' id='word_1_119' title='bbox 816 2183 987 2272; x_wconf 78' lang='lat' dir='ltr'>integrae,</span> <span class='ocrx_word' id='word_1_120' title='bbox 1008 2187 1082 2266; x_wconf 82' lang='lat' dir='ltr'>¹non</span> <span class='ocrx_word' id='word_1_121' title='bbox 1109 2179 1328 2276; x_wconf 87' lang='lat' dir='ltr'>interpolatae</span> <span class='ocrx_word' id='word_1_122' title='bbox 1353 2179 1578 2275; x_wconf 84' lang='lat' dir='ltr'>respondent,</span> <span class='ocrx_word' id='word_1_123' title='bbox 1603 2183 1793 2273; x_wconf 83' lang='lat' dir='ltr'>genuinae-</span> 
     </span>
     <span class='ocr_line' id='line_1_15' title="bbox 432 2293 1792 2392; baseline 0.002 -26"><span class='ocrx_word' id='word_1_124' title='bbox 432 2317 496 2390; x_wconf 90' lang='lat' dir='ltr'>que</span> <span class='ocrx_word' id='word_1_125' title='bbox 521 2293 673 2369; x_wconf 89' lang='lat' dir='ltr'>lectionis</span> <span class='ocrx_word' id='word_1_126' title='bbox 704 2299 847 2390; x_wconf 84' lang='lat' dir='ltr'>vestigia</span> <span class='ocrx_word' id='word_1_127' title='bbox 880 2301 1030 2370; x_wconf 86' lang='lat' dir='ltr'>retinent.</span> <span class='ocrx_word' id='word_1_128' title='bbox 1082 2295 1167 2368; x_wconf 90' lang='lat' dir='ltr'>Huic</span> <span class='ocrx_word' id='word_1_129' title='bbox 1197 2318 1298 2392; x_wconf 85' lang='lat' dir='ltr'>porro</span> <span class='ocrx_word' id='word_1_130' title='bbox 1334 2296 1585 2370; x_wconf 89' lang='lat' dir='ltr'>contradictioni</span> <span class='ocrx_word' id='word_1_131' title='bbox 1618 2300 1792 2370; x_wconf 87' lang='lat' dir='ltr'>excusatio</span> 
     </span>
     <span class='ocr_line' id='line_1_16' title="bbox 430 2409 1791 2508; baseline 0.003 -27"><span class='ocrx_word' id='word_1_132' title='bbox 430 2410 556 2482; x_wconf 89' lang='lat' dir='ltr'>mederi</span> <span class='ocrx_word' id='word_1_133' title='bbox 582 2409 671 2483; x_wconf 89' lang='lat' dir='ltr'>nulla</span> <span class='ocrx_word' id='word_1_134' title='bbox 696 2421 825 2507; x_wconf 90' lang='lat' dir='ltr'>potest,</span> <span class='ocrx_word' id='word_1_135' title='bbox 853 2410 982 2507; x_wconf 91' lang='lat' dir='ltr'>quando</span> <span class='ocrx_word' id='word_1_136' title='bbox 1009 2415 1039 2486; x_wconf 92' lang='lat' dir='ltr'>si</span> <span class='ocrx_word' id='word_1_137' title='bbox 1064 2411 1264 2484; x_wconf 88' lang='lat' dir='ltr'>haereticam</span> <span class='ocrx_word' id='word_1_138' title='bbox 1292 2415 1480 2508; x_wconf 89' lang='lat' dir='ltr'>opinionem</span> <span class='ocrx_word' id='word_1_139' title='bbox 1506 2409 1678 2484; x_wconf 78' lang='lat' dir='ltr'>confirmat</span> <span class='ocrx_word' id='word_1_140' title='bbox 1694 2423 1791 2485; x_wconf 89' lang='lat' dir='ltr'>vetus</span> 
     </span>
     <span class='ocr_line' id='line_1_17' title="bbox 430 2520 1792 2623; baseline 0.001 -26"><span class='ocrx_word' id='word_1_141' title='bbox 430 2523 548 2616; x_wconf 91' lang='lat' dir='ltr'>lectio,</span> <span class='ocrx_word' id='word_1_142' title='bbox 574 2520 755 2601; x_wconf 85' lang='lat' dir='ltr'>reformata</span> <span class='ocrx_word' id='word_1_143' title='bbox 787 2531 821 2600; x_wconf 93' lang='lat' dir='ltr'>in</span> <span class='ocrx_word' id='word_1_144' title='bbox 854 2527 1025 2618; x_wconf 89' lang='lat' dir='ltr'>omnibus,</span> <span class='ocrx_word' id='word_1_145' title='bbox 1058 2536 1194 2623; x_wconf 87' lang='lat' dir='ltr'>praeter</span> <span class='ocrx_word' id='word_1_146' title='bbox 1225 2549 1322 2599; x_wconf 91' lang='lat' dir='ltr'>unam</span> <span class='ocrx_word' id='word_1_147' title='bbox 1359 2539 1415 2600; x_wconf 90' lang='lat' dir='ltr'>aut</span> <span class='ocrx_word' id='word_1_148' title='bbox 1449 2528 1587 2602; x_wconf 89' lang='lat' dir='ltr'>alteram</span> <span class='ocrx_word' id='word_1_149' title='bbox 1621 2527 1792 2619; x_wconf 84' lang='lat' dir='ltr'>Liturgiis,</span> 
     </span>
     <span class='ocr_line' id='line_1_18' title="bbox 430 2641 1882 2718; baseline 0.003 -5"><span class='ocrx_word' id='word_1_150' title='bbox 430 2641 548 2714; x_wconf 91' lang='lat' dir='ltr'>eadem</span> <span class='ocrx_word' id='word_1_151' title='bbox 574 2665 620 2716; x_wconf 87' lang='lat' dir='ltr'>ex</span> <span class='ocrx_word' id='word_1_152' title='bbox 645 2642 730 2717; x_wconf 91' lang='lat' dir='ltr'>libro</span> <span class='ocrx_word' id='word_1_153' title='bbox 757 2643 930 2718; x_wconf 86' lang='lat' dir='ltr'>blinisterii</span> <span class='ocrx_word' id='word_1_154' title='bbox 964 2644 1138 2716; x_wconf 89' lang='lat' dir='ltr'>Diaconici</span> <span class='ocrx_word' id='word_1_155' title='bbox 1172 2643 1242 2715; x_wconf 93' lang='lat' dir='ltr'>tolli</span> <span class='ocrx_word' id='word_1_156' title='bbox 1283 2641 1435 2716; x_wconf 88' lang='lat' dir='ltr'>debebat.</span> <span class='ocrx_word' id='word_1_157' title='bbox 1487 2641 1573 2716; x_wconf 84' lang='lat' dir='ltr'>Sed&#39;</span> <span class='ocrx_word' id='word_1_158' title='bbox 1589 2643 1791 2718; x_wconf 90' lang='lat' dir='ltr'>incredibilis</span> <span class='ocrx_word' id='word_1_159' title='bbox 1874 2647 1882 2663; x_wconf 91' lang='lat'>&#39;</span> 
     </span>
     <span class='ocr_line' id='line_1_19' title="bbox 427 2755 1790 2856; baseline 0.003 -26"><span class='ocrx_word' id='word_1_160' title='bbox 427 2755 486 2830; x_wconf 83' lang='lat' dir='ltr'>luit</span> <span class='ocrx_word' id='word_1_161' title='bbox 511 2755 575 2831; x_wconf 91' lang='lat' dir='ltr'>boc</span> <span class='ocrx_word' id='word_1_162' title='bbox 600 2763 634 2831; x_wconf 92' lang='lat' dir='ltr'>in</span> <span class='ocrx_word' id='word_1_163' title='bbox 660 2782 788 2853; x_wconf 84' lang='lat' dir='ltr'>genere</span> <span class='ocrx_word' id='word_1_164' title='bbox 815 2760 1030 2856; x_wconf 88' lang='lat' dir='ltr'>quorumdam</span> <span class='ocrx_word' id='word_1_165' title='bbox 1055 2759 1220 2834; x_wconf 91' lang='lat' dir='ltr'>bominum</span> <span class='ocrx_word' id='word_1_166' title='bbox 1238 2762 1406 2834; x_wconf 87' lang='lat' dir='ltr'>temeritas</span> <span class='ocrx_word' id='word_1_167' title='bbox 1425 2771 1459 2834; x_wconf 88' lang='lat' dir='ltr'>et</span> <span class='ocrx_word' id='word_1_168' title='bbox 1471 2761 1686 2854; x_wconf 84' lang='lat' dir='ltr'>negligentia,</span> <span class='ocrx_word' id='word_1_169' title='bbox 1712 2761 1790 2834; x_wconf 92' lang='lat' dir='ltr'>darn</span> 
     </span>
     <span class='ocr_line' id='line_1_20' title="bbox 426 2874 1790 2971; baseline 0.004 -25"><span class='ocrx_word' id='word_1_170' title='bbox 426 2874 618 2947; x_wconf 88' lang='lat' dir='ltr'>inconsultis</span> <span class='ocrx_word' id='word_1_171' title='bbox 644 2875 874 2966; x_wconf 85' lang='lat' dir='ltr'>Pontificibus,</span> <span class='ocrx_word' id='word_1_172' title='bbox 901 2876 1102 2949; x_wconf 90' lang='lat' dir='ltr'>sustulerunt</span> <span class='ocrx_word' id='word_1_173' title='bbox 1127 2875 1246 2966; x_wconf 76' lang='grc' dir='ltr'>ιιιιιΙιι,</span> <span class='ocrx_word' id='word_1_174' title='bbox 1283 2897 1368 2971; x_wconf 91' lang='lat' dir='ltr'>quae</span> <span class='ocrx_word' id='word_1_175' title='bbox 1396 2875 1437 2949; x_wconf 90' lang='lat' dir='ltr'>ab</span> <span class='ocrx_word' id='word_1_176' title='bbox 1463 2876 1594 2950; x_wconf 88' lang='lat' dir='ltr'>illomm</span> <span class='ocrx_word' id='word_1_177' title='bbox 1623 2878 1790 2953; x_wconf 88' lang='lat' dir='ltr'>decesso-</span> 
     </span>
     <span class='ocr_line' id='line_1_21' title="bbox 425 2992 1790 3091; baseline 0.005 -30"><span class='ocrx_word' id='word_1_178' title='bbox 425 2992 516 3064; x_wconf 85' lang='lat' dir='ltr'>ribus</span> <span class='ocrx_word' id='word_1_179' title='bbox 543 2994 729 3089; x_wconf 88' lang='lat' dir='ltr'>improbata</span> <span class='ocrx_word' id='word_1_180' title='bbox 754 3016 919 3090; x_wconf 90' lang='lat' dir='ltr'>nunquam</span> <span class='ocrx_word' id='word_1_181' title='bbox 946 2992 1083 3066; x_wconf 84' lang='lat' dir='ltr'>luerent.</span> <span class='ocrx_word' id='word_1_182' title='bbox 1136 2994 1186 3065; x_wconf 88' lang='lat' dir='ltr'>lta</span> <span class='ocrx_word' id='word_1_183' title='bbox 1213 2997 1299 3064; x_wconf 89' lang='lat' dir='ltr'>enim</span> <span class='ocrx_word' id='word_1_184' title='bbox 1312 2992 1497 3066; x_wconf 90' lang='lat' dir='ltr'>Orientales</span> <span class='ocrx_word' id='word_1_185' title='bbox 1513 2997 1655 3084; x_wconf 87' lang='lat' dir='ltr'>irritant,</span> <span class='ocrx_word' id='word_1_186' title='bbox 1681 3018 1790 3091; x_wconf 90' lang='lat' dir='ltr'>neque</span> 
     </span>
     <span class='ocr_line' id='line_1_22' title="bbox 428 3107 1791 3207; baseline 0.001 -27"><span class='ocrx_word' id='word_1_187' title='bbox 428 3107 661 3200; x_wconf 86' lang='lat' dir='ltr'>Orthodoxos,</span> <span class='ocrx_word' id='word_1_188' title='bbox 706 3111 766 3184; x_wconf 89' lang='lat' dir='ltr'>sed</span> <span class='ocrx_word' id='word_1_189' title='bbox 799 3108 993 3207; x_wconf 78' lang='lat' dir='ltr'>hypocritas</span> <span class='ocrx_word' id='word_1_190' title='bbox 1025 3109 1164 3183; x_wconf 86' lang='lat' dir='ltr'>faciunt:</span> <span class='ocrx_word' id='word_1_191' title='bbox 1204 3119 1272 3182; x_wconf 87' lang='grc' dir='ltr'>ιιιιιι</span> <span class='ocrx_word' id='word_1_192' title='bbox 1304 3107 1545 3202; x_wconf 65' lang='lat' dir='ltr'>liturgiarum,</span> <span class='ocrx_word' id='word_1_193' title='bbox 1581 3133 1716 3206; x_wconf 90' lang='lat' dir='ltr'>qnamm</span> <span class='ocrx_word' id='word_1_194' title='bbox 1756 3115 1791 3182; x_wconf 89' lang='lat' dir='ltr'>ia</span> 
     </span>
     <span class='ocr_line' id='line_1_23' title="bbox 428 3225 1790 3324; baseline 0.001 -29"><span class='ocrx_word' id='word_1_195' title='bbox 428 3227 666 3298; x_wconf 86' lang='lat' dir='ltr'>controversiis</span> <span class='ocrx_word' id='word_1_196' title='bbox 693 3226 856 3300; x_wconf 82' lang='lat' dir='ltr'>aduersus</span> <span class='ocrx_word' id='word_1_197' title='bbox 882 3228 1110 3300; x_wconf 89' lang='lat' dir='ltr'>Protestantes</span> <span class='ocrx_word' id='word_1_198' title='bbox 1138 3247 1264 3299; x_wconf 80' lang='lat' dir='ltr'>sunama</span> <span class='ocrx_word' id='word_1_199' title='bbox 1296 3229 1456 3298; x_wconf 84' lang='lat' dir='ltr'>autoritas</span> <span class='ocrx_word' id='word_1_200' title='bbox 1489 3236 1558 3324; x_wconf 82' lang='lat' dir='ltr'>est,</span> <span class='ocrx_word' id='word_1_201' title='bbox 1591 3226 1690 3299; x_wconf 85' lang='lat' dir='ltr'>fidem</span> <span class='ocrx_word' id='word_1_202' title='bbox 1723 3225 1790 3298; x_wconf 88' lang='lat' dir='ltr'>de-</span> 
     </span>
     <span class='ocr_line' id='line_1_24' title="bbox 427 3339 1789 3434; baseline -0.001 -20"><span class='ocrx_word' id='word_1_203' title='bbox 427 3347 565 3428; x_wconf 87' lang='lat' dir='ltr'>struunt,</span> <span class='ocrx_word' id='word_1_204' title='bbox 593 3341 677 3413; x_wconf 89' lang='lat' dir='ltr'>adeo</span> <span class='ocrx_word' id='word_1_205' title='bbox 704 3350 739 3413; x_wconf 91' lang='lat' dir='ltr'>nt</span> <span class='ocrx_word' id='word_1_206' title='bbox 764 3341 882 3415; x_wconf 88' lang='lat' dir='ltr'>nullius</span> <span class='ocrx_word' id='word_1_207' title='bbox 910 3363 1006 3433; x_wconf 86' lang='lat' dir='ltr'>usus,</span> <span class='ocrx_word' id='word_1_208' title='bbox 1026 3346 1096 3416; x_wconf 89' lang='lat' dir='ltr'>nisi</span> <span class='ocrx_word' id='word_1_209' title='bbox 1113 3342 1155 3414; x_wconf 92' lang='lat' dir='ltr'>ad</span> <span class='ocrx_word' id='word_1_210' title='bbox 1168 3339 1294 3414; x_wconf 82' lang='lat' dir='ltr'><strong>MSS⁰⁸.</strong></span> <span class='ocrx_word' id='word_1_211' title='bbox 1311 3340 1446 3416; x_wconf 89' lang='lat' dir='ltr'>codices</span> <span class='ocrx_word' id='word_1_212' title='bbox 1460 3361 1682 3434; x_wconf 77' lang='lat' dir='ltr'>accamanus,</span> <span class='ocrx_word' id='word_1_213' title='bbox 1710 3363 1789 3416; x_wconf 88' lang='lat' dir='ltr'>esse</span> 
     </span>
     <span class='ocr_line' id='line_1_25' title="bbox 428 3459 567 3550; baseline 0 -22"><span class='ocrx_word' id='word_1_214' title='bbox 428 3459 567 3550; x_wconf 91' lang='lat' dir='ltr'>possint.</span> 
     </span>
    </p>

    <p class='ocr_par' dir='ltr' id='par_1_5' title="bbox 422 3568 2112 4484">
     <span class='ocr_line' id='line_1_26' title="bbox 529 3568 2112 3668; baseline -0.004 -24"><span class='ocrx_word' id='word_1_215' title='bbox 529 3571 618 3644; x_wconf 90' lang='lat' dir='ltr'>XlV.</span> <span class='ocrx_word' id='word_1_216' title='bbox 671 3573 708 3644; x_wconf 92' lang='lat' dir='ltr'>ln</span> <span class='ocrx_word' id='word_1_217' title='bbox 734 3572 869 3668; x_wconf 89' lang='lat' dir='ltr'>reliquis</span> <span class='ocrx_word' id='word_1_218' title='bbox 907 3573 1010 3646; x_wconf 85' lang='lat' dir='ltr'>Officii</span> <span class='ocrx_word' id='word_1_219' title='bbox 1046 3570 1264 3644; x_wconf 83' lang='lat' dir='ltr'>Eucharistici</span> <span class='ocrx_word' id='word_1_220' title='bbox 1294 3568 1443 3667; x_wconf 88' lang='lat' dir='ltr'>partibas</span> <span class='ocrx_word' id='word_1_221' title='bbox 1481 3571 1560 3642; x_wconf 89' lang='lat' dir='ltr'>nibil</span> <span class='ocrx_word' id='word_1_222' title='bbox 1600 3569 1674 3643; x_wconf 88' lang='lat' dir='ltr'>iere</span> <span class='ocrx_word' id='word_1_223' title='bbox 1708 3593 1788 3642; x_wconf 89' lang='lat' dir='ltr'>mu·</span> <span class='ocrx_word' id='word_1_224' title='bbox 1858 3584 1886 3638; x_wconf 88' lang='grc' dir='ltr'>ιι</span> <span class='ocrx_word' id='word_1_225' title='bbox 1916 3586 1960 3638; x_wconf 86' lang='grc' dir='ltr'>ιιι</span> <span class='ocrx_word' id='word_1_226' title='bbox 1941 3601 2063 3653; x_wconf 77' lang='grc' dir='ltr'>ιιιριιι</span> <span class='ocrx_word' id='word_1_227' title='bbox 2016 3585 2112 3638; x_wconf 84' lang='grc' dir='ltr'>ιιιιιιιιι</span> 
     </span>
     <span class='ocr_line' id='line_1_27' title="bbox 426 3670 2109 3810; baseline 0 -52"><span class='ocrx_word' id='word_1_228' title='bbox 426 3696 528 3759; x_wconf 91' lang='lat' dir='ltr'>tatum</span> <span class='ocrx_word' id='word_1_229' title='bbox 553 3698 623 3779; x_wconf 88' lang='lat' dir='ltr'>est,</span> <span class='ocrx_word' id='word_1_230' title='bbox 650 3709 725 3760; x_wconf 90' lang='lat' dir='ltr'>cum</span> <span class='ocrx_word' id='word_1_231' title='bbox 751 3693 849 3761; x_wconf 89' lang='lat' dir='ltr'>etiam</span> <span class='ocrx_word' id='word_1_232' title='bbox 880 3691 1116 3761; x_wconf 88' lang='lat' dir='ltr'>morosissimis</span> <span class='ocrx_word' id='word_1_233' title='bbox 1149 3686 1365 3777; x_wconf 87' lang='lat' dir='ltr'>censoribus,</span> <span class='ocrx_word' id='word_1_234' title='bbox 1401 3687 1490 3784; x_wconf 94' lang='lat' dir='ltr'>quod</span> <span class='ocrx_word' id='word_1_235' title='bbox 1523 3687 1699 3783; x_wconf 90' lang='lat' dir='ltr'>displicere</span> <span class='ocrx_word' id='word_1_236' title='bbox 1732 3670 1884 3759; x_wconf 72' lang='lat' dir='ltr'>aut⁶‘¹⁵‘⁸⁰</span> <span class='ocrx_word' id='word_1_237' title='bbox 1896 3672 1996 3810; x_wconf 54' lang='grc' dir='ltr'>ὲΜΨ</span> <span class='ocrx_word' id='word_1_238' title='bbox 1998 3687 2027 3724; x_wconf 70' lang='lat'>²⁰</span> <span class='ocrx_word' id='word_1_239' title='bbox 2040 3671 2109 3724; x_wconf 61' lang='lat'>³⁵⁵·</span> 
     </span>
     <span class='ocr_line' id='line_1_28' title="bbox 422 3766 1957 3900; baseline 0 -24"><span class='ocrx_word' id='word_1_240' title='bbox 422 3813 612 3900; x_wconf 85' lang='lat' dir='ltr'>suspectum</span> <span class='ocrx_word' id='word_1_241' title='bbox 637 3826 715 3878; x_wconf 88' lang='lat' dir='ltr'>csse</span> <span class='ocrx_word' id='word_1_242' title='bbox 740 3813 876 3900; x_wconf 88' lang='lat' dir='ltr'>posset,</span> <span class='ocrx_word' id='word_1_243' title='bbox 907 3809 969 3878; x_wconf 84' lang='lat' dir='ltr'>vix</span> <span class='ocrx_word' id='word_1_244' title='bbox 1001 3804 1176 3900; x_wconf 82' lang='lat' dir='ltr'>quidquam</span> <span class='ocrx_word' id='word_1_245' title='bbox 1211 3812 1374 3878; x_wconf 90' lang='lat' dir='ltr'>occurrat.</span> <span class='ocrx_word' id='word_1_246' title='bbox 1430 3803 1638 3881; x_wconf 83' lang='lat' dir='ltr'>Addiderunt</span> <span class='ocrx_word' id='word_1_247' title='bbox 1672 3813 1785 3876; x_wconf 89' lang='lat' dir='ltr'>tamen</span> <span class='ocrx_word' id='word_1_248' title='bbox 1800 3775 1896 3828; x_wconf 56' lang='lat'>&#39;⁰⁵⁹⁰‘</span> <span class='ocrx_word' id='word_1_249' title='bbox 1913 3766 1957 3812; x_wconf 62' lang='lat'>⁰¹¹²</span> 
     </span>
     <span class='ocr_line' id='line_1_29' title="bbox 423 3919 1787 4016; baseline 0.001 -25"><span class='ocrx_word' id='word_1_250' title='bbox 423 3919 579 3994; x_wconf 90' lang='lat' dir='ltr'>nonnulla</span> <span class='ocrx_word' id='word_1_251' title='bbox 606 3943 652 3994; x_wconf 84' lang='lat' dir='ltr'>ex</span> <span class='ocrx_word' id='word_1_252' title='bbox 676 3921 830 3995; x_wconf 88' lang='lat' dir='ltr'>Romano</span> <span class='ocrx_word' id='word_1_253' title='bbox 856 3923 920 3994; x_wconf 92' lang='lat' dir='ltr'>ritu</span> <span class='ocrx_word' id='word_1_254' title='bbox 946 3922 1162 4016; x_wconf 87' lang='lat' dir='ltr'>deprompta,</span> <span class='ocrx_word' id='word_1_255' title='bbox 1188 3943 1274 4016; x_wconf 89' lang='lat' dir='ltr'>quac</span> <span class='ocrx_word' id='word_1_256' title='bbox 1301 3924 1403 3993; x_wconf 90' lang='lat' dir='ltr'>omitti</span> <span class='ocrx_word' id='word_1_257' title='bbox 1430 3924 1533 3994; x_wconf 90' lang='lat' dir='ltr'>satius</span> <span class='ocrx_word' id='word_1_258' title='bbox 1553 3928 1638 4009; x_wconf 90' lang='lat' dir='ltr'>erat,</span> <span class='ocrx_word' id='word_1_259' title='bbox 1665 3943 1787 4016; x_wconf 90' lang='lat' dir='ltr'>quam-</span> 
     </span>
     <span class='ocr_line' id='line_1_30' title="bbox 425 4021 1919 4137; baseline 0.003 -31"><span class='ocrx_word' id='word_1_260' title='bbox 425 4039 478 4107; x_wconf 88' lang='lat' dir='ltr'>vis</span> <span class='ocrx_word' id='word_1_261' title='bbox 505 4059 551 4108; x_wconf 85' lang='lat' dir='ltr'>ex</span> <span class='ocrx_word' id='word_1_262' title='bbox 577 4021 615 4110; x_wconf 90' lang='lat' dir='ltr'>se</span> <span class='ocrx_word' id='word_1_263' title='bbox 641 4037 858 4110; x_wconf 82' lang='lat' dir='ltr'>indifferentia</span> <span class='ocrx_word' id='word_1_264' title='bbox 884 4041 965 4127; x_wconf 80' lang='lat' dir='ltr'>siut3</span> <span class='ocrx_word' id='word_1_265' title='bbox 992 4037 1068 4132; x_wconf 89' lang='lat' dir='ltr'>quid</span> <span class='ocrx_word' id='word_1_266' title='bbox 1095 4039 1180 4108; x_wconf 91' lang='lat' dir='ltr'>enirn</span> <span class='ocrx_word' id='word_1_267' title='bbox 1213 4036 1318 4109; x_wconf 84' lang='lat' dir='ltr'>refert</span> <span class='ocrx_word' id='word_1_268' title='bbox 1344 4060 1387 4111; x_wconf 93' lang='lat' dir='ltr'>an</span> <span class='ocrx_word' id='word_1_269' title='bbox 1413 4037 1572 4111; x_wconf 90' lang='lat' dir='ltr'>sacerdos</span> <span class='ocrx_word' id='word_1_270' title='bbox 1608 4037 1683 4110; x_wconf 92' lang='lat' dir='ltr'>durn</span> <span class='ocrx_word' id='word_1_271' title='bbox 1709 4061 1788 4110; x_wconf 90' lang='lat' dir='ltr'>ma·</span> <span class='ocrx_word' id='word_1_272' title='bbox 1917 4133 1919 4137; x_wconf 18' lang='grc' dir='ltr'>ι</span> 
     </span>
     <span class='ocr_line' id='line_1_31' title="bbox 424 4152 1789 4247; baseline 0.001 -23"><span class='ocrx_word' id='word_1_273' title='bbox 424 4173 486 4225; x_wconf 91' lang='lat' dir='ltr'>nus</span> <span class='ocrx_word' id='word_1_274' title='bbox 511 4152 620 4243; x_wconf 86' lang='lat' dir='ltr'>lavat,</span> <span class='ocrx_word' id='word_1_275' title='bbox 648 4177 722 4226; x_wconf 89' lang='lat' dir='ltr'>eam</span> <span class='ocrx_word' id='word_1_276' title='bbox 755 4153 842 4225; x_wconf 91' lang='lat' dir='ltr'>dicat</span> <span class='ocrx_word' id='word_1_277' title='bbox 877 4156 1061 4226; x_wconf 91' lang='lat' dir='ltr'>orationem</span> <span class='ocrx_word' id='word_1_278' title='bbox 1097 4175 1181 4247; x_wconf 92' lang='lat' dir='ltr'>qaae</span> <span class='ocrx_word' id='word_1_279' title='bbox 1216 4155 1250 4223; x_wconf 94' lang='lat' dir='ltr'>in</span> <span class='ocrx_word' id='word_1_280' title='bbox 1282 4156 1350 4225; x_wconf 90' lang='lat' dir='ltr'>suis</span> <span class='ocrx_word' id='word_1_281' title='bbox 1384 4152 1476 4225; x_wconf 91' lang='lat' dir='ltr'>libris</span> <span class='ocrx_word' id='word_1_282' title='bbox 1512 4156 1713 4246; x_wconf 79' lang='lat' dir='ltr'>continebar,</span> <span class='ocrx_word' id='word_1_283' title='bbox 1746 4176 1789 4226; x_wconf 91' lang='lat' dir='ltr'>an</span> 
     </span>
     <span class='ocr_line' id='line_1_32' title="bbox 425 4267 1786 4364; baseline 0 -23"><span class='ocrx_word' id='word_1_284' title='bbox 425 4291 511 4364; x_wconf 89' lang='lat' dir='ltr'>quae</span> <span class='ocrx_word' id='word_1_285' title='bbox 536 4272 571 4340; x_wconf 94' lang='lat' dir='ltr'>in</span> <span class='ocrx_word' id='word_1_286' title='bbox 595 4274 738 4359; x_wconf 87' lang='lat' dir='ltr'>nostris,</span> <span class='ocrx_word' id='word_1_287' title='bbox 765 4278 822 4340; x_wconf 91' lang='lat' dir='ltr'>aut</span> <span class='ocrx_word' id='word_1_288' title='bbox 846 4269 975 4342; x_wconf 89' lang='lat' dir='ltr'>hostiae</span> <span class='ocrx_word' id='word_1_289' title='bbox 999 4268 1197 4340; x_wconf 88' lang='lat' dir='ltr'>fractionem</span> <span class='ocrx_word' id='word_1_290' title='bbox 1223 4277 1257 4339; x_wconf 92' lang='lat' dir='ltr'>et</span> <span class='ocrx_word' id='word_1_291' title='bbox 1282 4270 1504 4340; x_wconf 87' lang='lat' dir='ltr'>intinctionem</span> <span class='ocrx_word' id='word_1_292' title='bbox 1538 4267 1657 4358; x_wconf 88' lang='lat' dir='ltr'>faciat,</span> <span class='ocrx_word' id='word_1_293' title='bbox 1690 4290 1786 4341; x_wconf 90' lang='lat' dir='ltr'>more</span> 
     </span>
     <span class='ocr_line' id='line_1_33' title="bbox 426 4383 1789 4484; baseline 0.001 -27"><span class='ocrx_word' id='word_1_294' title='bbox 426 4387 599 4477; x_wconf 87' lang='lat' dir='ltr'>majorum,</span> <span class='ocrx_word' id='word_1_295' title='bbox 622 4408 665 4457; x_wconf 89' lang='lat' dir='ltr'>an</span> <span class='ocrx_word' id='word_1_296' title='bbox 691 4384 945 4458; x_wconf 87' lang='lat' dir='ltr'>Romanorum?</span> <span class='ocrx_word' id='word_1_297' title='bbox 971 4383 1063 4456; x_wconf 89' lang='lat' dir='ltr'>Haeo</span> <span class='ocrx_word' id='word_1_298' title='bbox 1091 4406 1275 4479; x_wconf 88' lang='lat' dir='ltr'>quanquam</span> <span class='ocrx_word' id='word_1_299' title='bbox 1302 4387 1494 4484; x_wconf 83' lang='lat' dir='ltr'>miputiora,</span> <span class='ocrx_word' id='word_1_300' title='bbox 1521 4384 1688 4481; x_wconf 89' lang='lat' dir='ltr'>simplices</span> <span class='ocrx_word' id='word_1_301' title='bbox 1719 4408 1789 4458; x_wconf 90' lang='lat' dir='ltr'>no-</span> 
     </span>
    </p>
   </div>
   <div class='ocr_carea' id='block_1_3' title="bbox 424 4498 1789 5061">
    <p class='ocr_par' dir='ltr' id='par_1_6' title="bbox 424 4498 1789 5061">
     <span class='ocr_line' id='line_1_34' title="bbox 426 4498 1789 4597; baseline 0.001 -24"><span class='ocrx_word' id='word_1_302' title='bbox 426 4504 530 4573; x_wconf 88' lang='lat' dir='ltr'>vitate</span> <span class='ocrx_word' id='word_1_303' title='bbox 557 4500 629 4573; x_wconf 92' lang='lat' dir='ltr'>sola</span> <span class='ocrx_word' id='word_1_304' title='bbox 657 4499 865 4575; x_wconf 89' lang='lat' dir='ltr'>conturbant:</span> <span class='ocrx_word' id='word_1_305' title='bbox 892 4503 1087 4597; x_wconf 90' lang='lat' dir='ltr'>pervicaces</span> <span class='ocrx_word' id='word_1_306' title='bbox 1114 4499 1289 4590; x_wconf 88' lang='lat' dir='ltr'>obdurant,</span> <span class='ocrx_word' id='word_1_307' title='bbox 1316 4510 1349 4572; x_wconf 89' lang='lat' dir='ltr'>et</span> <span class='ocrx_word' id='word_1_308' title='bbox 1365 4498 1488 4572; x_wconf 86' lang='lat' dir='ltr'>lacirmt</span> <span class='ocrx_word' id='word_1_309' title='bbox 1501 4499 1542 4572; x_wconf 91' lang='lat' dir='ltr'>ab</span> <span class='ocrx_word' id='word_1_310' title='bbox 1558 4504 1681 4574; x_wconf 91' lang='lat' dir='ltr'>unitate</span> <span class='ocrx_word' id='word_1_311' title='bbox 1701 4503 1789 4575; x_wconf 91' lang='lat' dir='ltr'>alie-</span> 
     </span>
     <span class='ocr_line' id='line_1_35' title="bbox 427 4615 1788 4714; baseline 0.002 -27"><span class='ocrx_word' id='word_1_312' title='bbox 427 4620 599 4703; x_wconf 89' lang='lat' dir='ltr'>nissimos,</span> <span class='ocrx_word' id='word_1_313' title='bbox 634 4616 709 4688; x_wconf 93' lang='lat' dir='ltr'>dum</span> <span class='ocrx_word' id='word_1_314' title='bbox 744 4620 933 4690; x_wconf 88' lang='lat' dir='ltr'>existimant</span> <span class='ocrx_word' id='word_1_315' title='bbox 966 4615 1044 4688; x_wconf 87' lang='lat' dir='ltr'>nibil</span> <span class='ocrx_word' id='word_1_316' title='bbox 1070 4619 1104 4688; x_wconf 91' lang='lat' dir='ltr'>in</span> <span class='ocrx_word' id='word_1_317' title='bbox 1131 4617 1302 4713; x_wconf 87' lang='lat' dir='ltr'>disciplina</span> <span class='ocrx_word' id='word_1_318' title='bbox 1327 4615 1458 4690; x_wconf 90' lang='lat' dir='ltr'>illomm</span> <span class='ocrx_word' id='word_1_319' title='bbox 1483 4615 1629 4714; x_wconf 90' lang='lat' dir='ltr'>probare</span> <span class='ocrx_word' id='word_1_320' title='bbox 1655 4616 1788 4690; x_wconf 89' lang='lat' dir='ltr'>Roma-</span> 
     </span>
     <span class='ocr_line' id='line_1_36' title="bbox 425 4732 1788 4831; baseline 0.001 -27"><span class='ocrx_word' id='word_1_321' title='bbox 425 4755 501 4806; x_wconf 92' lang='lat' dir='ltr'>nam</span> <span class='ocrx_word' id='word_1_322' title='bbox 527 4732 733 4806; x_wconf 83' lang='lat' dir='ltr'>Ecclesiam:</span> <span class='ocrx_word' id='word_1_323' title='bbox 760 4733 1016 4808; x_wconf 89' lang='lat' dir='ltr'>Protestantiam</span> <span class='ocrx_word' id='word_1_324' title='bbox 1042 4734 1212 4805; x_wconf 89' lang='lat' dir='ltr'>calumniis</span> <span class='ocrx_word' id='word_1_325' title='bbox 1248 4733 1288 4804; x_wconf 91' lang='lat' dir='ltr'>de</span> <span class='ocrx_word' id='word_1_326' title='bbox 1321 4738 1484 4831; x_wconf 89' lang='lat' dir='ltr'>corruptis</span> <span class='ocrx_word' id='word_1_327' title='bbox 1518 4744 1552 4806; x_wconf 93' lang='lat' dir='ltr'>et</span> <span class='ocrx_word' id='word_1_328' title='bbox 1576 4735 1788 4831; x_wconf 86' lang='lat' dir='ltr'>¹interpolatis</span> 
     </span>
     <span class='ocr_line' id='line_1_37' title="bbox 424 4848 1786 4946; baseline 0 -26"><span class='ocrx_word' id='word_1_329' title='bbox 424 4849 584 4942; x_wconf 85' lang='lat' dir='ltr'>Liturgiis</span> <span class='ocrx_word' id='word_1_330' title='bbox 615 4849 763 4924; x_wconf 92' lang='lat' dir='ltr'>colorem</span> <span class='ocrx_word' id='word_1_331' title='bbox 797 4849 937 4945; x_wconf 90' lang='lat' dir='ltr'>aliquem</span> <span class='ocrx_word' id='word_1_332' title='bbox 970 4849 1154 4921; x_wconf 89' lang='lat' dir='ltr'>conciliant.</span> <span class='ocrx_word' id='word_1_333' title='bbox 1206 4848 1331 4922; x_wconf 87' lang='lat' dir='ltr'>Varum</span> <span class='ocrx_word' id='word_1_334' title='bbox 1358 4849 1512 4946; x_wconf 90' lang='lat' dir='ltr'>quidquid</span> <span class='ocrx_word' id='word_1_335' title='bbox 1539 4851 1581 4922; x_wconf 86' lang='lat' dir='ltr'>de</span> <span class='ocrx_word' id='word_1_336' title='bbox 1607 4849 1671 4922; x_wconf 92' lang='lat' dir='ltr'>illis</span> <span class='ocrx_word' id='word_1_337' title='bbox 1698 4849 1786 4922; x_wconf 86' lang='lat' dir='ltr'>Ont-</span> 
     </span>
     <span class='ocr_line' id='line_1_38' title="bbox 425 4961 1786 5061; baseline 0.001 -26"><span class='ocrx_word' id='word_1_338' title='bbox 425 4969 484 5036; x_wconf 85' lang='lat' dir='ltr'>ciis</span> <span class='ocrx_word' id='word_1_339' title='bbox 512 4965 655 5041; x_wconf 92' lang='lat' dir='ltr'>anobis</span> <span class='ocrx_word' id='word_1_340' title='bbox 684 4968 818 5061; x_wconf 90' lang='lat' dir='ltr'>dicitur,</span> <span class='ocrx_word' id='word_1_341' title='bbox 844 4991 912 5042; x_wconf 92' lang='lat' dir='ltr'>non</span> <span class='ocrx_word' id='word_1_342' title='bbox 939 4991 985 5040; x_wconf 83' lang='lat' dir='ltr'>ex</span> <span class='ocrx_word' id='word_1_343' title='bbox 1011 4965 1198 5040; x_wconf 82' lang='lat' dir='ltr'>reformatis</span> <span class='ocrx_word' id='word_1_344' title='bbox 1225 4965 1288 5039; x_wconf 93' lang='lat' dir='ltr'>illis</span> <span class='ocrx_word' id='word_1_345' title='bbox 1307 4966 1494 5055; x_wconf 84' lang='lat' dir='ltr'>codicibus,</span> <span class='ocrx_word' id='word_1_346' title='bbox 1522 4965 1643 5040; x_wconf 81' lang='lat' dir='ltr'>sodex</span> <span class='ocrx_word' id='word_1_347' title='bbox 1664 4961 1786 5039; x_wconf 81' lang='lat' dir='ltr'>MSS¹¹.</span> 
     </span>
    </p>
   </div>
   <div class='ocr_carea' id='block_1_4' title="bbox 425 5080 1590 5274">
    <p class='ocr_par' dir='ltr' id='par_1_7' title="bbox 425 5080 1590 5274">
     <span class='ocr_line' id='line_1_39' title="bbox 425 5080 599 5155; baseline 0.017 -3"><span class='ocrx_word' id='word_1_348' title='bbox 425 5080 599 5155; x_wconf 87' lang='lat' dir='ltr'>releretur.</span> 
     </span>
     <span class='ocr_line' id='line_1_40' title="bbox 462 5201 1590 5274; baseline 0.01 -11"><span class='ocrx_word' id='word_1_349' title='bbox 462 5215 550 5264; x_wconf 66' lang='lat' dir='ltr'>tomus</span> <span class='ocrx_word' id='word_1_350' title='bbox 565 5221 594 5264; x_wconf 88' lang='lat' dir='ltr'>n.</span> <span class='ocrx_word' id='word_1_351' title='bbox 1566 5201 1590 5274; x_wconf 78' lang='lat'>2</span> 
     </span>
    </p>
   </div>
   <div class='ocr_carea' id='block_1_5' title="bbox 0 0 2406 6023">
    <p class='ocr_par' dir='ltr' id='par_1_8' title="bbox 0 0 2406 6023">
     <span class='ocr_line' id='line_1_41' title="bbox 0 0 2406 6023; baseline 0 0"><span class='ocrx_word' id='word_1_352' title='bbox 0 0 2406 6023; x_wconf 95' lang='lat' dir='ltr'> </span> 
     </span>
    </p>
   </div>
  </div>
 </body>
</html>
