4782 6068
754 553 829 628 576
1182 554 1686 634 olssuuTlTIO

752 745 835 812 ulcis
871 741 1088 838 Syriacisque
1114 745 1217 816 bteris
1244 744 1443 841 insculptus,
1479 747 1508 816 is
1544 745 1617 840 ipse
1649 753 1702 816 est
1733 766 1799 838 quo
1827 748 1956 841 primae
1990 750 2033 822 ad
2064 750 2125 822 Si-

752 878 811 927 uas
837 855 1016 950 Evangelii
1043 858 1256 955 praedicandi
1284 881 1387 932 causa
1414 862 1599 946 missionis,
1635 863 1795 932 memoria
1830 867 2029 958 consignata
2056 866 2123 938 brit.

752 971 970 1068 Subscriptio,
999 998 1073 1046 cum
1101 975 1310 1048 sacerdotum
1347 976 1552 1071 aliorumque
1577 975 1893 1051 Ecclesiasticorum
1926 982 2124 1072 nominibus,

750 1087 903 1184 Syriacis
929 1090 1033 1162 literis
1061 1103 1200 1164 exarata
1227 1102 1297 1163 est:
1333 1114 1398 1162 nec
1425 1092 1522 1164 aliam
1550 1091 1593 1165 ob
1622 1114 1756 1164 causam
1785 1115 1883 1187 quam
1912 1097 2000 1190 quod
2029 1121 2122 1171 sacra

750 1213 784 1275 et
809 1203 1048 1280 Ecclesiastico
1075 1218 1167 1281 esset
1193 1209 1306 1301 lingua
1333 1205 1494 1304 Syriaca3
1529 1211 1562 1280 in
1600 1231 1664 1303 qua
1691 1207 1766 1280 illos
1792 1231 1865 1282 rem
1894 1211 2038 1285 divinam
2065 1212 2122 1285 fe-

750 1323 838 1392 cisse
865 1344 932 1394 non
960 1322 1170 1395 dubitandum
1196 1324 1347 1412 videtur,
1376 1323 1641 1419 quandoquidem
1676 1325 1722 1396 ita
1754 1323 1907 1400 fecerunt
1933 1327 2123 1402 Nestoriuui

749 1435 909 1510 inludia.
962 1438 1138 1512 Ecclesiae
1170 1443 1257 1512 enim
1291 1439 1519 1513 IlIalabaricae
1554 1462 1671 1512 sacros
1705 1439 1810 1514 libros
1846 1443 1929 1518 alios
1963 1467 2032 1516 non
2057 1443 2121 1516 ha-

585 1563 589 1572 '
627 1569 629 1576 ’
751 1552 857 1625 buere
885 1579 982 1650 quam
1011 1557 1190 1652 Syrmus,
1225 1560 1258 1632 in
1291 1557 1409 1652 quibus
1443 1555 1657 1628 emendandis
1691 1566 1865 1653 tantopere
1892 1560 2043 1631 Lusitani
2069 1558 2122 1629 la-

483 2257 573 2313 Gmeci
592 2261 625 2315 dc
644 2261 740 2315 Nesto-

754 1669 966 1743 boraverunt.
1020 1673 1119 1745 Plura
1146 1673 1259 1745 dicere
1292 1695 1580 1769 supervacaneum
1612 1671 1699 1744 foret
1731 1675 1763 1744 in
1796 1695 1835 1744 re
1868 1679 2066 1772 perspicua,
2093 1683 2123 1745 et

754 1791 899 1860 curulum
927 1793 1039 1884 quiin
1069 1789 1205 1862 Oriente
1231 1789 1363 1861 inerunt
1389 1791 1583 1862 testimoniis
1601 1789 1815 1880 confirmata,
1843 1813 1940 1886 qnam
1968 1796 2123 1884 ignorare

753 1927 821 1977 non
848 1914 988 2000 possunt
1014 1909 1111 1977 etiam
1139 1908 1221 2001 ipsi,
1248 1908 1302 2000 qui
1329 1928 1375 1977 ex
1402 1903 1617 1978 Orientalium
1632 1905 1789 2002 exemplo
1805 1906 1991 1979 Romanam
2020 1906 2123 1978 disci-

754 2021 876 2117 plinam
903 2020 1063 2094 vellicare
1091 2026 1247 2116 aggressi
1275 2031 1366 2095 sunt:
1395 2022 1484 2116 quod
1512 2043 1611 2117 quam
1638 2020 1793 2094 inutiliter
1807 2021 1931 2096 iactum
1959 2027 2019 2111 sit,
2048 2026 2124 2096 satis

754 2139 893 2233 quisque
919 2137 1081 2232 intelligit.
1348 2135 1352 2141 ’

859 2255 1012 2328 XXVIII.
1066 2254 1103 2327 Iu
1132 2253 1270 2326 Graecis
1299 2252 1470 2327 autoribus
1498 2252 1540 2324 ad
1568 2255 1719 2348 antiquas
1746 2253 2022 2329 Nestorianorum
2051 2261 2123 2330 ori-

430 2345 557 2398 rianorum
584 2348 675 2403 ritibus
697 2352 742 2402 vix
781 2376 788 2391 ·

430 2432 567 2503 quidquam
575 2437 722 2502 scripseram

723 2395 852 2491 kgmes
879 2371 1102 2458 illustrandas,
1128 2373 1190 2441 vix
1217 2371 1393 2466 quidquam
1419 2370 1577 2466 praesidii
1596 2379 1662 2440 est:
1690 2392 1825 2445 errores
1845 2373 1976 2445 illorum
2004 2379 2124 2447 acriter

754 2501 788 2562 et
815 2489 942 2561 erudite
969 2493 1248 2585 impugnaverunt
1274 2488 1382 2576 multi,
1418 2488 1477 2562 sed
1512 2487 1554 2559 de
1585 2485 1714 2560 illorum
1749 2487 1850 2559 rebus
1876 2487 2124 2564 Ecclesiasticis

755 2628 865 2702 panca
901 2604 1077 2678 admodum
1108 2603 1263 2676 videntur
1301 2606 1465 2692 scivisse,
1504 2604 1591 2699 quod
1622 2607 1738 2675 mirum
1766 2627 1844 2677 ossa
1877 2609 1984 2678 minus
2019 2607 2127 2696 debet

756 2744 853 2818 quam
891 2722 1006 2793 slmilis
1038 2717 1266 2794 Jacobitarum
1298 2730 1333 2792 et
1357 2718 1603 2811 bleichitarum,
1640 2724 1694 2816 qui
1728 2723 1761 2792 iu
1793 2723 1910 2794 iisdem
1944 2727 2125 2819 provinciis

752 2837 915 2910 vivebant
941 2837 1145 2931 negligentia
1172 2846 1228 2909 aut
1253 2839 1451 2929 ignorantia.
1504 2837 1554 2909 Illi
1582 2840 1668 2908 enim
1696 2861 1770 2910 cum
1796 2840 1830 2908 in
1856 2838 1974 2912 iisdem
2002 2845 2124 2934 regio-

752 2952 850 3027 rribus
879 2954 973 3027 simul
1001 2964 1134 3044 esseut,
1168 2953 1269 3026 multa
1306 2954 1428 3026 docere
1454 2961 1611 3049 poterant
1647 2953 1689 3026 de
1715 2953 1992 3028 Nestorianorum
2029 2981 2125 3032 sacra

753 3070 938 3168 disciplina,
967 3081 1000 3142 ut
1027 3073 1125 3142 etiam
1153 3068 1195 3141 de
1221 3069 1352 3143 illorum
1379 3069 1547 3162 Liturgiis.
1583 3071 1629 3142 At
1656 3069 1755 3164 quale
1780 3070 1879 3143 luerit
1905 3071 1947 3144 de
1974 3075 2015 3146 iis
2040 3096 2125 3168 quac

753 3188 840 3285 apud
867 3211 905 3261 se
933 3191 968 3258 in
999 3211 1062 3259 usu
1088 3209 1155 3259 non
1182 3197 1297 3260 esseut
1324 3185 1531 3258 Graecorum
1556 3185 1733 3278 judicium,
1760 3193 1841 3261 satis
1868 3187 2013 3261 ostendit
2037 3191 2124 3262 Bal-

753 3327 871 3379 samou
896 3306 986 3379 Juris
1004 3304 1165 3378 Canonici
1191 3305 1389 3400 praecipuus
1417 3302 1504 3399 apud
1532 3325 1592 3376 cos
1611 3305 1788 3398 interpres,
1815 3308 1870 3400 qui
1891 3305 2010 3378 Jacobi
2025 3305 2125 3379 Illar-

753 3426 849 3517 cique
874 3421 1043 3514 Liturgias
1071 3419 1253 3492 abolendas
1276 3420 1456 3513 judicavit3
1483 3441 1557 3490 cum
1584 3421 1658 3514 ipse
1679 3420 1906 3493 Antiochenus
1931 3421 2126 3496 Patriarcha

752 3541 840 3611 scire
867 3538 1047 3624 debuisset,
1075 3559 1171 3632 quum
1200 3540 1351 3632 antiquus
1379 3535 1506 3608 illarum
1534 3555 1612 3607 usus
1639 3534 2062 3612 inEchesiisPulaestInis
2090 3549 2124 3611 et

752 3656 998 3749 Aegyptiaticis
1025 3653 1122 3724 soret.
1175 3653 1291 3749 Itaque
1317 3655 1378 3724 vix
1405 3651 1580 3748 quidquam
1607 3653 1640 3722 iu
1668 3650 1874 3727 Graecorum
1901 3658 2125 3727 recenbomm

753 3773 885 3866 scriptis
912 3769 1064 3862 legimuS,
1092 3771 1182 3841 circa
1210 3767 1397 3844 Orientales
1424 3768 1608 3859 Liturgias,
1640 3770 1704 3840 nisi
1738 3773 1985 3843 accusationem
2013 3770 2124 3844 Jaco-

753 3889 892 3961 bitarum
925 3885 1012 3983 apud
1047 3888 1261 3981 Anouvmum
1295 3910 1314 3958 a
1350 3883 1552 3958 Combeirsio
1585 3881 1727 3972 editum,
1755 3885 1843 3980 quod
1868 3885 2039 3978 Liturgias
2066 3885 2124 3958 di-

751 4025 874 4077 versas
902 4003 944 4074 ab
971 4000 1209 4074 Ecclesiastico
1243 4001 1457 4090 I‘raditione,
1492 4003 1767 4096 composuissent.
1821 4001 1871 4072 Ila
1902 4001 2064 4074 teonous
2092 4006 2125 4075 iu

753 4143 858 4215 opere
891 4122 984 4210 cujus
1018 4116 1170 4190 Latinam
1207 4121 1400 4190 versionem
1427 4117 1609 4189 Turrianus
1642 4116 1744 4189 edidit
1777 4118 1819 4189 de
1852 4115 2021 4191 Theodori
2054 4123 2126 4191 im-

752 4241 885 4336 pietate.
938 4233 1052 4306 Verba
1087 4234 1219 4306 Graeca
1253 4257 1299 4305 ex
1336 4233 1435 4307 llISS.
1469 4231 1648 4305 Codicibus
1686 4232 1762 4306 talia
1796 4243 1890 4322 suut,
1930 4241 2055 4331 Τολμᾷ
2085 4234 2127 4312 dd

754 4361 874 4452 ἕτερον
896 4349 1009 4426 κακὸν
1028 4358 1102 4426 τῶν
1120 4353 1316 4450 stagnabant
1331 4347 1375 4426 οὐ
1395 4347 1571 4450 δεύτερον.
1603 4345 1819 4448 Ἀναφοροέν
1843 4347 2125 4450 γάρσχεὸιάζει

753 4476 875 4568 ἑτέραν
899 4465 996 4568 παρὰ
1009 4465 1076 4564 τήν
1099 4467 1287 4569 πατρόθεν
1300 4479 1376 4552 ταῖς
1391 4465 1615 4564 Ἐκκλησίαις
1626 4463 1934 4566 παραδεδομενην,
1947 4464 2038 4563 μήτε
2054 4467 2128 4568 τὴν

755 4595 829 4664 τῶν
852 4581 1065 4661 ἀποστόλων
1095 4583 1291 4673 αἰδεσθείς,
1318 4581 1408 4683 μήτε
1428 4582 1494 4684 τὴν
1515 4591 1582 4658 τοῦ
1602 4580 1764 4686 μεγάλου
1785 4583 1979 4660 Βασιλείου
2005 4589 2044 4661 ἐν
2073 4597 2129 4686 τῷ

752 4702 850 4800 αὐτῷ
866 4699 1044 4797 πνεύματι
1064 4713 1334 4804 συγγραφεῖσαν
1358 4697 1472 4802 λίνου
1494 4698 1591 4785 τινὸς
1608 4700 1745 4800 κρίνων
1770 4698 1886 4781 ἀξίαν.
1909 4699 1973 4777 Ἐν
1988 4695 2011 4800 ᾗ
2025 4701 2128 4778 ἀνα-

753 4828 850 4922 φορᾷ
867 4823 1124 4918 βλασφημιῶν
1138 4817 1182 4893 οὐ
1193 4816 1265 4920 γὰρ
1281 4816 1405 4918 εὐχῶν,
1420 4817 1488 4915 τὴν
1502 4813 1917 4918 τελετὴνάναπλήρωοεν.
1933 4820 2048 4890 Accaus
2061 4829 2130 4914 ecl,

751 4945 787 5010 el
813 4938 907 5008 uliud
930 4940 1069 5030 facinus
1095 4960 1201 5030 supro
1227 4938 1329 5008 dictu’a
1354 4957 1422 5006 οοο
1454 4939 1608 5030 iuferius.
1660 4935 1887 5028 Anupbororn
1913 4937 2020 5020 euim,
2047 4939 2129 5011 siva

751 5055 946 5148 LiturgIam,
976 5057 1174 5146 composuit,
1201 5053 1305 5124 uliam
1331 5053 1375 5124 ab
1404 5075 1459 5145 eu,
1486 5074 1575 5148 quae
1602 5076 1625 5122 ο
1651 5051 1817 5123 Patribus
1843 5051 2012 5124 Eccleaiia
2040 5059 2127 5126 Ιτα-Ι
