4804 6026
596 551 647 623 60
971 549 1587 631 OBSElildllOb'ES

593 735 636 798 ris
659 752 771 799 morem
802 753 885 798 suam
913 735 1230 816 accommodaverunt,
1256 737 1339 818 quod
1367 737 1534 802 laciendum
1564 739 1639 820 ipsis
1667 749 1751 817 erat,
1778 739 1898 822 quaudo
1926 741 1964 804 ab

593 833 695 897 ultima
717 835 914 899 blaroniticae
936 834 1093 898 Ecclesiae
1115 835 1358 915 Relormatioue,
1388 845 1512 901 utuntur
1539 837 1655 902 Oblatis
1678 841 1791 920 azymis
1818 841 1965 904 minutio-

592 935 696 1014 rrbos,
719 941 752 997 ut
774 934 853 1016 apud
876 952 932 997 nos
955 935 1019 997 lieri
1042 935 1129 999 solet.
1175 935 1217 996 lta
1240 955 1301 999 ιιοιι
1324 953 1446 999 exano
1476 956 1575 1019 pane,
1605 947 1638 1001 ut
1666 941 1765 1002 ueteri
1792 940 1852 1002 ritu
1878 937 1965 1000 lran-

593 1043 706 1114 guntur
727 1033 837 1116 sigilla,
860 1041 892 1095 ut
913 1042 1079 1112 vocantur,
1107 1052 1163 1096 seu
1186 1035 1318 1098 minores
1339 1035 1518 1116 particulae.
1570 1037 1611 1099 dt
1642 1039 1671 1100 in
1700 1037 1861 1102 Codicibus
1890 1039 1964 1104 ttss.

592 1133 812 1213 praescribitur
833 1133 1018 1195 solummodo
1040 1142 1072 1195 ut
1095 1152 1206 1214 panes,
1230 1143 1372 1215 quantum
1395 1135 1532 1197 sufficere
1556 1137 1689 1216 possint,
1712 1137 1751 1198 ad
1773 1141 1963 1201 communio-

594 1249 662 1293 nem
685 1231 895 1314 praesentibus
918 1233 1171 1307 distribuendam,
1192 1234 1376 1314 multiplicet.
1420 1233 1494 1296 Dlud
1524 1253 1646 1317 quoque
1672 1255 1713 1298 ex
1734 1247 1837 1300 nostra
1860 1240 1965 1317 quoti-

595 1333 683 1396 diana
706 1332 863 1413 disciplina
886 1331 1024 1408 accessit,
1047 1333 1126 1413 quod
1150 1333 1286 1396 Oblatam
1308 1343 1339 1395 et
1361 1333 1486 1396 calicem
1508 1337 1607 1398 statim
1629 1337 1660 1397 iu
1684 1336 1770 1398 altari
1796 1335 1963 1413 collocant,

596 1432 678 1514 quod
700 1431 845 1495 Orientali
867 1433 927 1493 ritu
949 1448 1010 1492 nou
1038 1432 1235 1506 observatur,
1265 1433 1322 1494 sed
1350 1433 1520 1495 inferuntur
1548 1453 1565 1496 ιι
1589 1435 1725 1498 Diacono
1753 1445 1824 1517 post
1852 1455 1963 1518 preces

595 1529 731 1612 aliquas,
754 1549 792 1594 eo
813 1532 873 1593 ritu
896 1531 947 1612 qui
968 1530 1077 1593 deinde
1100 1531 1308 1612 explicabitur.
1351 1533 1399 1594 Ex
1421 1531 1479 1596 illis
1502 1532 1613 1596 Olliciis
1634 1552 1695 1596 nou
1717 1537 1790 1598 satis
1801 1539 1964 1618 perspicue

595 1629 766 1712 explicatur
793 1632 888 1711 prima
910 1630 960 1691 illa
992 1630 1138 1692 donorum
1166 1649 1339 1708 sacrorum,
1367 1650 1445 1712 quoe
1472 1641 1579 1694 runata
1599 1635 1744 1714 munnio
1761 1637 1824 1717 jam
1845 1653 1964 1698 ιοοοιι-

595 1738 663 1810 ιιιι,
686 1749 727 1792 cx
750 1728 847 1792 lotura
871 1731 1119 1808 consecratione,
1141 1733 1329 1813 propositio,
1353 1733 1402 1793 cui
1425 1732 1599 1813 discipliuae
1622 1733 1738 1812 lucem,
1767 1743 1909 1814 quantum
1930 1737 1961 1798 in

595 1831 684 1894 nobis
707 1832 783 1910 erit,
806 1829 916 1892 adema
939 1829 1121 1892 conabimur.
1164 1830 1250 1892 Prius
1278 1837 1376 1892 tamen
1404 1830 1443 1893 da
1470 1833 1551 1894 vasis
1575 1839 1606 1894 ct
1627 1833 1831 1896 instrumentis
1853 1834 1961 1898 diccu-

594 1932 663 1994 duur
685 1938 743 1994 est.

681 2031 846 2111 Praecipua
868 2035 937 2092 sunt
958 2027 1070 2090 Dicens
1092 2036 1122 2090 et
1146 2027 1245 2088 Catu.
1275 2026 1384 2090 Graeci
1405 2027 1488 2090 Disci
1511 2027 1654 2112 figuram,
1683 2027 1765 2092 dedit
1794 2030 1864 2093 loco
1890 2052 1961 2096 mox

595 2129 687 2192 citato
710 2129 899 2192 doctissimus
922 2127 1064 2190 Goarios:
1093 2146 1134 2189 ex
1162 2146 1221 2209 qua
1244 2135 1275 2189 et
1297 2127 1399 2190 verbis
1421 2127 1500 2190 illius
1522 2135 1622 2208 patet,
1644 2127 1725 2190 illurn
1747 2137 1875 2210 patenae
1898 2132 1961 2194 La-

594 2231 724 2292 tinorum
747 2245 808 2290 non
831 2227 952 2289 omnino
975 2225 1182 2305 respondere:
1214 2243 1280 2287 curn
1303 2224 1392 2288 latior
1413 2228 1469 2303 sit,
1498 2244 1556 2290 nec
1585 2227 1662 2290 adeo
1684 2227 1802 2309 planus.
1856 2231 1963 2296 Codex

594 2327 785 2392 Florentinus
808 2325 933 2410 liguram
956 2324 1072 2406 Syriaci
1094 2323 1192 2402 Disci,
1216 2325 1270 2387 sed
1293 2326 1408 2387 ruditer
1431 2325 1608 2388 delineatam
1631 2327 1764 2402 exbibet,
1787 2331 1962 2410 ampliorem

594 2434 625 2490 et
648 2425 874 2508 profundiorem
896 2423 988 2486 Disco
1013 2425 1145 2502 Graeco,
1168 2426 1194 2486 si
1217 2431 1315 2486 tamen
1338 2424 1459 2487 Discum
1481 2434 1714 2505 repraesentare
1735 2429 1836 2508 pictor
1857 2432 1962 2512 voluit,

594 2544 656 2590 non
678 2525 803 2588 calicem
826 2522 1057 2586 ministerialem.
1110 2521 1178 2604 Syri
1208 2531 1318 2586 vocant
1346 2509 1473 2592 aurbu
1502 2532 1533 2586 et
1562 2523 1723 2606 aliquando
1750 2509 1847 2598 ιιὸιιι,
1881 2521 1963 2600 tlu⁰d

593 2626 673 2688 idem
696 2632 751 2688 est.
798 2623 1002 2686 Consecratur
1023 2621 1129 2684 iisdem
1151 2624 1292 2704 precibus
1316 2631 1346 2686 et
1374 2625 1591 2702 caeremoniis,
1621 2642 1696 2706 quus
1725 2626 1848 2688 exbibet
1877 2623 1962 2686 Ritus

595 2723 758 2804 Copticus,
790 2725 875 2805 cujus
897 2725 1068 2784 versionem
1097 2721 1250 2802 dedimus,
1278 2731 1420 2805 extatque
1450 2724 1537 2805 hujus
1568 2726 1805 2788 consecrationis
1829 2725 1963 2787 Ollicium

595 2824 748 2906 singulare
772 2825 851 2906 apud
874 2822 987 2903 Syros,
1011 2822 1041 2882 in
1064 2820 1176 2884 Codice
1199 2823 1409 2904 Seguieriano.
1453 2824 1497 2887 lta
1520 2831 1550 2886 et
1572 2824 1674 2904 Calix,
1698 2824 1736 2888 de
1759 2843 1836 2906 quo,
1865 2829 1898 2884 ut
1924 2820 1963 2884 de

595 2923 688 2988 Disco
710 2923 851 2990 nonnulla
882 2922 1044 2986 observata
1072 2931 1159 3002 sunt,
1194 2923 1225 2984 in
1248 2921 1468 2989 Commentario
1500 2925 1537 2988 ad
1559 2924 1714 3006 Copticam
1737 2925 1839 2988 Dasilii
1859 2923 1963 2986 Litor-

595 3025 692 3106 giam:
727 3024 875 3086 Coclrlear
904 3041 1027 3103 quoque
1059 3022 1263 3100 benedicitur,
1293 3031 1325 3087 ut
1354 3024 1434 3105 apud
1464 3025 1619 3102 Graecos,
1649 3030 1679 3086 et
1710 3023 1846 3085 eumdem
1876 3039 1963 3084 usum

596 3122 694 3185 habet.
738 3122 771 3184 ln
794 3121 908 3185 Codice
932 3119 1126 3200 Colbertino,
1158 3121 1296 3202 adjicitur
1322 3122 1474 3204 Sponpiu,
1504 3124 1543 3186 da
1572 3143 1631 3205 qua
1660 3121 1734 3184 nihil
1763 3122 1904 3186 scribitur
1932 3121 1961 3182 in

598 3223 680 3285 aliis:
703 3221 758 3286 sed
782 3240 818 3284 ea
841 3239 962 3303 quoque
984 3230 1147 3302 usurpatur
1168 3239 1186 3282 a
1208 3221 1311 3303 Syris,
1340 3229 1375 3285 ut
1396 3241 1414 3284 ιι
1438 3223 1578 3302 Graecis,
1605 3222 1644 3285 ad
1665 3222 1884 3304 extergendum
1907 3235 1962 3281 ca·

292 3339 395 3392 Εοοιοι.
406 3337 511 3408 Goonp.
521 3339 583 3392 152.
596 3322 695 3386 licem.
739 3321 909 3400 Laureolo,
938 3321 1003 3384 sive
1026 3328 1059 3383 ut
1082 3320 1191 3384 Graeci
1214 3321 1316 3384 dicunt
1340 3313 1433 3406 Ἁγίᾳ
1454 3307 1571 3406 λόγχῃ,
1604 3321 1791 3399 Orientales,
1822 3319 1891 3402 Syri
1913 3325 1964 3380 aut

597 3422 742 3506 Aegyptii
765 3439 826 3485 uon
847 3427 986 3484 utuntur:
1009 3429 1042 3483 ut
1063 3439 1163 3502 neque
1184 3421 1301 3500 Astera,
1323 3422 1403 3503 quod
1426 3422 1501 3485 duas
1523 3423 1647 3485 luminas
1670 3439 1778 3485 curvas
1801 3428 1831 3484 et
1850 3419 1963 3482 decus·

597 3531 677 3587 satas
699 3520 860 3603 significat,
882 3520 990 3600 quibus
1014 3520 1115 3584 discus
1138 3523 1251 3604 tegitur
1272 3523 1343 3585 velo
1369 3523 1573 3604 superposito.

309 3629 384 3683 Panis
402 3639 428 3683 er
445 3631 510 3684 catix
528 3632 584 3699 pri·
681 3621 787 3706 lgitur,
808 3626 841 3682 ut
865 3619 902 3680 ad
924 3620 1047 3700 primam
1069 3619 1148 3682 illam
1171 3620 1264 3684 Olllcii
1294 3628 1410 3703 partem
1431 3622 1607 3697 redeamus,
1637 3626 1846 3702 praeparatam
1868 3617 1962 3680 luisse

275 3733 341 3770 mum
360 3719 583 3786 praeparamenta
597 3719 743 3796 Oblatum,
766 3727 796 3782 et
818 3718 904 3782 simul
929 3719 1053 3780 calicem
1075 3720 1105 3781 in
1126 3719 1271 3795 Protbesi,
1294 3729 1324 3783 et
1347 3721 1382 3782 ad
1406 3720 1501 3782 altare
1524 3718 1648 3798 deterri,
1671 3739 1711 3784 ex
1727 3718 1843 3781 Graeca
1864 3715 1963 3778 veteri

275 3802 402 3856 Prothoi.
597 3819 754 3900 disciplina
777 3825 835 3898 est,
859 3837 876 3880 a
899 3835 957 3898 qua
980 3816 1049 3898 Syri
1071 3836 1131 3880 non
1154 3818 1294 3882 videntur
1321 3819 1489 3882 recessisse
1496 3839 1506 3895 ;
1534 3820 1668 3899 quava
1700 3817 1890 3886 caeremonia
1913 3817 1963 3878 irr-

596 3930 685 4006 tegra
706 3921 737 3983 in
759 3919 912 4000 plerisque
936 3916 1097 3980 Codicibus
1129 3935 1190 3980 nou
1220 3920 1414 4000 exprimatur.
1458 3919 1499 3980 Αι
1530 3919 1615 3980 testis
1646 3928 1692 3982 est
1719 3917 1854 3998 ejusdcm
1882 3913 1963 3996 apud

597 4021 691 4102 Syros
714 4018 889 4099 disciplinae
911 4016 991 4079 omni
1014 4019 1197 4098 exceptione
1217 4019 1324 4099 major,
1346 4018 1510 4100 Dionysius
1520 4017 1666 4080 Barsalibi
1687 4019 1719 4080 in
1741 4014 1961 4081 Commentario

344 4126 405 4198 cap.
423 4128 449 4180 a.
596 4139 654 4184 suo
677 4117 715 4182 ad
736 4117 911 4198 Liturgium.
934 4115 1154 4194 Producuntur,
1176 4117 1281 4198 inquit,
1303 4119 1447 4200 mysteria
1468 4137 1522 4180 seu
1540 4117 1751 4192 Sacramenta,
1774 4124 1804 4178 et
1816 4116 1855 4176 ub
1870 4115 1965 4178 ulturi

596 4223 629 4282 in
648 4237 755 4302 pyrum
777 4217 863 4280 circu
885 4217 1089 4278 sanctuarium
1111 4215 1302 4296 deferrentur,
1332 4224 1401 4279 ante
1429 4217 1593 4279 illationem
1620 4217 1775 4294 ιοοιίιιοιι.
1819 4215 1873 4277 lllo
1902 4215 1962 4276 ritu

596 4324 725 4382 testatur
746 4316 915 4396 ripuificari
936 4312 1051 4376 Christi
1070 4317 1101 4376 in
1123 4323 1225 4378 terras
1247 4317 1432 4392 descenuau,
1455 4323 1484 4378 et
1505 4333 1580 4378 suae
1600 4315 1632 4376 iu
1654 4321 1737 4376 teau
1751 4314 1963 4378 οοιιοονιιοιιο-

595 4419 654 4492 nis,
676 4416 741 4478 sive
763 4411 822 4498 τῆς
843 4395 1001 4499 iuoir‘puoo
1021 4405 1215 4492 οἰκονομίας,
1234 4416 1410 4494 periodum:
1432 4415 1566 4478 ιιιοιιοοο
1578 4414 1621 4476 od
1635 4414 1743 4492 altare,
1766 4415 1830 4494 εῙιιι
1851 4431 1963 4476 accan

596 4517 711 4578 οιοοοιο
732 4515 765 4576 in
793 4531 928 4590 οοιιοειιι,
956 4513 1036 4576 mide
1065 4513 1196 4592 q'usdern
1223 4515 1406 4594 οοονιιίιιοιιι
1433 4533 1491 4595 qno
1521 4533 1555 4578 se
1582 4515 1681 4594 ι’ριιιιιι
1712 4512 1891 4588 immolauit,
1921 4509 1963 4570 od

596 4614 721 4676 Putrem
742 4612 886 4674 mceudta
930 4612 964 4675 lu
986 4612 1032 4676 lris
1054 4612 1168 4688 vorbis,
1189 4611 1305 4689 Auara,
1332 4631 1372 4676 ex
1401 4631 1461 4693 quo
1483 4613 1690 4694 producuntur
1713 4613 1798 4694 panis
1821 4618 1852 4674 et
1873 4608 1962 4688 culix,

596 4731 722 4795 parvum
745 4711 947 4796 intelligimus,
970 4711 1036 4774 sive
1065 4711 1234 4786 Protlresiu,
1257 4711 1497 4792 quandoquidem
1520 4711 1712 4794 distinguitur
1741 4731 1758 4776 a
1781 4709 1963 4786 sanctuario,

596 4831 652 4876 seu
674 4792 792 4886 ubam,
817 4813 846 4872 in
868 4829 928 4892 quo
952 4811 1143 4873 constitutum
1166 4817 1212 4872 est
1235 4809 1328 4874 altare
1350 4811 1473 4892 proprie
1496 4811 1616 4888 dictum,
1639 4811 1721 4890 quod
1742 4828 1835 4893 saepe
1857 4807 1963 4872 eadem

596 4930 675 4976 voce
704 4911 900 4996 significatur.
944 4910 1022 4973 Esse
1051 4928 1125 4974 saue
1153 4910 1231 4992 apud
1264 4909 1358 4992 Syros
1387 4910 1534 4992 ejusmodi
1564 4909 1670 4974 altaria
1702 4927 1757 4972 seu
1787 4907 1961 4988 Protbeses,

597 5011 706 5094 probat
734 5013 851 5093 pictura
879 5009 991 5093 duplex
1020 5010 1050 5074 in
1081 5009 1193 5073 Codice
1223 5009 1414 5090 Florentino,
1446 5011 1479 5074 in
1506 5028 1566 5093 quo
1594 5017 1842 5093 repraesentator
1869 5026 1960 5071 unum
