4712 6032
695 1043 776 1160 IN
834 1025 1332 1162 tttoaulltt'

430 1287 671 1382 sltott
723 1287 1010 1382 JOllNlllS
1068 1287 1540 1383 cfltlsostoltt

904 1493 1077 1577 1111111.

397 1737 426 1802 1.
471 1727 560 1806 Duas
584 1739 757 1804 nomines.
780 1737 903 1800 loannis
927 1736 1136 1818 Chrysostomi
1165 1734 1318 1818 Liturgias
1349 1735 1491 1818 Syriacas
1520 1736 1674 1807 habemus.

308 1842 409 1920 lstam,
432 1845 480 1904 oui
502 1845 627 1924 primum
656 1842 712 1905 hac
734 1843 763 1905 in
787 1841 973 1908 Collectione
1000 1840 1100 1903 locum
1127 1841 1284 1922 assignare
1314 1841 1410 1903 visum
1440 1847 1502 1918 ast,
1535 1842 1615 1920 quod
1645 1843 1676 1904 in

309 1941 470 2006 Codicibus
492 1943 577 2022 lllss,
599 1960 659 2004 uno
689 1942 868 2022 praesertim
897 1940 968 2002 satis
998 1947 1118 2002 vetusto
1149 1947 1179 2000 et
1206 1939 1338 2020 optimae
1363 1948 1455 2002 notae
1487 1937 1675 2020 Colbertino,

310 2059 346 2104 ao
370 2060 435 2104 cum
458 2041 543 2103 titulo
565 2041 745 2122 reperiatur.
790 2039 843 2101 llla
869 2058 945 2102 vero
968 2056 1046 2120 quae
1075 2040 1104 2102 in
1127 2038 1241 2101 blissali
1264 2037 1425 2103 Chaldaico
1455 2037 1567 2102 Romae
1594 2041 1675 2102 edita

268 2185 273 2196 ,
309 2149 365 2218 est,
388 2141 444 2203 sub
466 2141 586 2202 nomina
610 2139 827 2222 chrysostomi,
853 2140 882 2201 in
904 2139 1009 2219 paucis
1033 2137 1190 2200 admodum
1207 2137 1366 2201 Codicibus
1389 2139 1551 2219 reperitur,
1575 2156 1674 2221 neque

309 2247 415 2303 sancto
439 2237 479 2302 illi
502 2239 628 2303 Doctori
652 2239 798 2303 tribuitur.
852 2237 913 2300 Eos
936 2256 1030 2318 porro
1053 2239 1118 2300 sive
1141 2237 1321 2314 Maronitas,
1351 2237 1415 2300 sive
1439 2237 1514 2301 alios
1538 2241 1588 2320 qui
1610 2239 1676 2302 llo-

308 2357 414 2402 manae
437 2338 561 2403 editioni
583 2357 707 2420 operam
729 2337 886 2416 dederunt,
910 2355 972 2400 non
986 2337 1081 2400 bonos
1099 2335 1228 2399 Codices
1240 2335 1393 2414 habuisse,
1417 2337 1574 2401 multorum
1598 2359 1675 2420 quos

310 2441 502 2501 tractavimus
525 2439 709 2520 comparatio
732 2455 789 2500 nos
813 2437 930 2513 docuit,
959 2444 1049 2517 atque
1078 2435 1118 2498 ita
1150 2455 1186 2498 aa
1209 2454 1298 2515 quam
1318 2435 1443 2498 loannis
1467 2423 1686 2519 chrysostomi

310 2540 429 2600 nornine
452 2538 642 2601 excuderunt
662 2536 812 2620 Liturgia,
841 2535 927 2598 alteri
953 2535 1063 2598 loanni
1091 2535 1268 2598 Harranitae
1303 2535 1403 2616 potius
1432 2536 1587 2599 tribuenda
1617 2547 1676 2616 est,

310 2647 342 2700 ut
373 2643 498 2700 vocatur
525 2637 554 2696 in
584 2636 758 2716 quibusdam
790 2633 1027 2715 exemplaribus:
1062 2635 1089 2696 is
1119 2653 1194 2697 vero
1223 2635 1376 2698 recentior
1406 2633 1512 2715 aliquis
1539 2637 1676 2700 Jacobita

311 2737 372 2799 luit.
417 2735 531 2798 Neutra
552 2753 645 2814 porro
669 2735 827 2816 quidquam
849 2733 939 2796 habat
967 2751 1033 2795 cum
1061 2732 1176 2796 Graeca
1200 2732 1405 2815 chrysostomi
1427 2733 1561 2817 Liturgia
1589 2754 1676 2798 com-

310 2855 409 2912 mune,
432 2833 490 2896 nisi
511 2831 685 2914 generalem
706 2832 785 2895 illam
808 2851 886 2913 quae
913 2833 944 2894 in
975 2833 1109 2896 omnibus
1133 2832 1336 2896 Orientalibus
1360 2832 1471 2896 Ollioiis
1495 2825 1676 2900 observatur

309 2935 517 2998 Eucharistiae
540 2932 739 2996 celebrandae
763 2932 897 2996 lormam.
921 2932 1080 3014 Singulare
1103 2941 1149 2994 εει
1171 2933 1202 2994 13
1223 2933 1291 3010 ista,
1315 2933 1395 3012 qnod
1420 2952 1436 2995 a
1459 2935 1554 2996 tribus
1576 2935 1676 3000 Grae-

311 3036 353 3098 cis
380 3033 506 3097 vocibus
536 3034 639 3114 incipit
661 3020 765 3117 Κύριε
788 3023 805 3094 ὁ
831 3020 914 3104 Θεὸς
941 3021 1190 3116 παντοκράτωρ,
1212 3051 1298 3112 ¹quaa
1327 3034 1353 3094 si
1383 3033 1518 3096 Graecae
1549 3037 1675 3120 originis

310 3134 450 3196 indicium
478 3133 564 3211 dant,
594 3140 625 3195 at
654 3132 726 3194 illud
750 3141 796 3194 ast
818 3132 1018 3210 levissimum,
1053 3139 1084 3193 et
1113 3131 1149 3194 ad
1179 3149 1285 3193 omnes
1316 3150 1394 3212 quae
1424 3131 1540 3194 Graece
1572 3144 1676 3200 extant

309 3233 461 3317 liturgias
484 3252 580 3313 aeque
602 3234 752 3314 pertinet,
767 3249 834 3294 cum
857 3231 1002 3314 plurimae
1026 3230 1188 3326 Orationes
1210 3231 1288 3293 idem
1311 3231 1423 3292 initium
1446 3231 1583 3294 habeant.
1607 3233 1676 3314 lpsa

310 3336 399 3396 etiam
421 3332 524 3416 lingua
548 3332 670 3413 Syriaca
700 3333 856 3393 maximam
879 3329 1062 3392 Graecarum
1092 3347 1201 3393 vocum
1227 3329 1442 3392 multitudinem
1465 3333 1589 3412 recepit,
1613 3350 1676 3394 non

310 3434 399 3496 modo
422 3433 452 3495 in
474 3432 565 3494 rebus
587 3433 692 3509 sacris,
716 3432 771 3493 sed
794 3431 882 3493 ctiam
905 3431 935 3491 in
963 3429 1044 3491 aliis:
1073 3427 1152 3490 unde
1174 3430 1299 3511 insignis
1324 3429 1402 3510 apud
1426 3430 1520 3510 Syros
1543 3431 1676 3492 Lexico-

310 3532 443 3618 graphus
468 3530 724 3608 lsa-bar-Bahlul,
748 3529 827 3612 quod
849 3529 966 3592 illarum
989 3545 1126 3609 magnam
1145 3528 1260 3609 copiam
1284 3529 1497 3608 interpretatus
1520 3529 1584 3607 luit,
1610 3547 1674 3590 rna-

311 3635 390 3694 xime
413 3634 492 3694 inter
514 3648 585 3693 suos
610 3629 833 3693 commendatus
856 3635 910 3691 est.
943 3627 1108 3690 Titulorum
1132 3635 1240 3705 autem,
1265 3627 1360 3708 qualis
1375 3635 1422 3690 est
1437 3629 1506 3692 buic
1521 3628 1675 3710 Liturgiae

311 3733 490 3812 adscriptus,
513 3731 590 3792 ratio
614 3730 649 3792 ad
674 3729 880 3809 antiquitatem
901 3727 1107 3790 stabiliendam
1137 3726 1219 3789 nulla
1242 3735 1304 3805 est,
1336 3735 1369 3789 ut
1392 3729 1453 3810 jam
1484 3727 1554 3790 alibi
1581 3725 1675 3790 fusius

311 3833 451 3896 diximus:
483 3829 519 3891 ad
543 3831 730 3892 autoritatem
753 3827 982 3910 comparandam
1004 3844 1063 3889 non
1085 3828 1181 3908 magis
1203 3826 1321 3902 valent,
1353 3829 1408 3890 nisi
1437 3845 1510 3889 usus
1538 3826 1675 3889 similium

311 3931 481 3996 Olliciorum
504 3937 631 3992 constet.
683 3929 765 3990 lstud
794 3946 869 3990 vero
898 3946 964 3990 curn
992 3913 1176 4009 agnoscatur
1205 3945 1222 3988 a
1250 3926 1409 4002 lambitis,
1440 3935 1470 3988 et
1499 3928 1528 3988 in
1557 3925 1675 3988 illorum

311 4031 437 4112 antiquis
461 4027 823 4109 Codioibus‘reperiatur,
847 4027 1003 4108 aequalem
1025 4025 1115 4087 habat
1138 4043 1205 4086 cum
1226 4025 1350 4106 reliquis
1375 4026 1557 4106 dignitatem.

396 4129 425 4190 2.
471 4127 636 4208 Singularis
670 4135 716 4189 est
746 4126 820 4188 baec
850 4127 1048 4188 luvocationis
1080 4125 1207 4206 Spiritus
1238 4127 1333 4186 sancti
1362 4125 1495 4187 formula.
1544 4125 1676 4204 Spiritus

310 4238 377 4290 turra
399 4235 428 4289 et
448 4229 545 4289 airuns
567 4235 619 4289 tao
641 4227 877 4305 sanctificatrix,
905 4228 1076 4306 requiescat
1097 4245 1187 4304 super
1207 4225 1265 4285 boc
1286 4233 1432 4300 sonabam,
1455 4233 1485 4286 at
1505 4225 1677 4304 sanctificet

310 4329 477 4390 oblationes
498 4328 592 4387 istas:
615 4335 644 4388 ει
666 4325 817 4403 diabulau,
840 4327 977 4388 resideat
997 4333 1026 4386 et
1038 4323 1285 4402 inhabitetsaper
1307 4323 1385 4384 hunc
1403 4343 1513 4403 punem
1535 4333 1564 4385 ει
1585 4344 1677 4404 super·

308 4429 506 4501 baccinum,
535 4434 566 4486 et
590 4425 671 4504 siant
699 4446 790 4488 unum
816 4445 927 4505 corpus
949 4433 978 4486 et
999 4426 1124 4504 neugma
1144 4424 1290 4510 unigeniti
1308 4423 1379 4484 Filii
1400 4425 1451 4486 tui.
1496 4423 1542 4486 De
1572 4411 1674 4485 uerbis

308 4528 487 4608 requiescat,
509 4526 654 4601 resideat,
676 4515 830 4601 illabatur,
851 4525 1005 4600 inhabitet,
1028 4525 1138 4586 dictum
1169 4531 1215 4585 est
1243 4531 1302 4584 tam
1325 4521 1361 4584 ad
1384 4521 1485 4584 basilii
1508 4521 1674 4603 Copticam,

310 4645 397 4708 quam
420 4624 458 4685 ad
479 4623 586 4687 Jacobi
608 4623 762 4706 Syriacam
784 4623 957 4707 Liturgiam,
981 4631 1011 4685 et
1033 4623 1057 4685 si
1082 4623 1200 4703 quando
1223 4624 1252 4684 in
1276 4622 1341 4685 aliis
1364 4622 1524 4702 quidquam
1547 4641 1564 4684 a
1587 4641 1675 4684 corn-

309 4726 389 4787 muni
411 4723 480 4786 stilo
510 4723 669 4801 remotius,
701 4732 752 4784 aut
778 4741 859 4785 nova
889 4721 1035 4804 quaedam
1062 4722 1240 4805 significatio
1271 4740 1305 4784 se
1336 4720 1434 4799 offert,
1464 4721 1673 4802 explicabitur.

311 4823 384 4887 Cum
406 4822 540 4904 vulgaris
562 4823 593 4884 in
616 4822 680 4885 aliis
711 4822 802 4886 lectio
825 4823 878 4900 sit,
901 4829 932 4884 et
960 4839 1026 4882 cum
1057 4821 1094 4884 de
1123 4821 1234 4902 Spiritu
1264 4829 1369 4884 sancto
1398 4821 1492 4883 verba
1521 4822 1598 4900 sint,
1632 4822 1675 4883 ita

311 4922 531 4998 continuentur,
554 4922 713 5002 olfaciat,
736 4921 864 5003 alliciat,
888 4922 1085 4996 demonstret,
1111 4920 1272 5000 perficiat,
1299 4939 1410 4999 ponem
1438 4921 1556 5000 quidem
1584 4921 1674 4997 huno,

310 5039 419 5101 corpus
442 5021 564 5098 Christi
587 5023 721 5097 33113333,
744 5023 919 5102 sanquinem
930 5019 1053 5098 Christi,
1075 5020 1123 5082 hic
1145 5020 1257 5102 legitur
1279 5019 1377 5082 aliter:
1400 5037 1520 5100 nempe,
1543 5027 1576 5080 nt
1593 5017 1676 5096 fiunt

309 5139 398 5182 amum
421 5140 532 5202 corpus
553 5129 583 5185 ει
597 5122 732 5202 sanctia
763 5119 929 5201 Usurpatur
946 5138 1068 5201 quoque
1085 5117 1220 5200 verbum,
1244 5118 1308 5182 Sit:
1331 5120 1408 5182 adeo
1428 5127 1460 5179 ut
1474 5117 1672 5202 rigidiusoule

313 5225 320 5248 '
1384 5222 1432 5296 35
1452 5221 1470 5256 ⁴*
