4784 6040
1670 646 1749 721 419

368 854 431 944 m
493 851 875 946 trruaurxu
936 852 1293 947 uocuoauu
1352 852 1752 955 sancroaun

620 1050 1401 1174 blt'stlttlhlld.

470 1274 584 1354 Exrxr
606 1285 682 1348 haec
704 1286 840 1369 Liturgia
863 1288 894 1348 in
917 1287 1054 1348 omnibus
1078 1286 1211 1350 melioris
1236 1295 1327 1349 notae
1349 1287 1555 1352 Jacobitarum
1572 1289 1748 1374 ecdicum,

371 1389 577 1471 Seguierianis
600 1397 631 1451 ct
649 1388 843 1465 colbertinis,
865 1399 898 1452 ut
920 1390 958 1453 de
982 1408 1017 1452 ea
1042 1388 1171 1452 dubitari
1192 1407 1252 1452 non
1278 1391 1385 1470 possit,
1409 1393 1480 1472 quin
1504 1395 1583 1474 apud
1606 1395 1675 1460 illos
1697 1400 1749 1462 vi-

371 1496 444 1570 geat
465 1496 496 1550 ct
518 1487 630 1568 ubique
652 1489 780 1569 probata
803 1489 851 1553 sit.
896 1491 1031 1554 Vocatur
1058 1495 1157 1550 autem
1179 1488 1342 1552 Doctorum
1366 1498 1556 1571 sanctorum,
1585 1496 1654 1575 quia
1685 1504 1749 1562 tota

372 1595 513 1651 contexta
537 1594 646 1648 estex
669 1587 734 1650 aliis
757 1586 917 1669 Liturgiis,
941 1605 1069 1668 quorum
1091 1595 1215 1650 autores
1237 1587 1436 1669 perhibentur
1459 1599 1509 1652 aut
1531 1594 1627 1656 sancti
1649 1596 1749 1658 nomi-

371 1685 518 1748 natissimi
540 1686 570 1746 in
594 1687 715 1766 antiqua
737 1685 876 1748 Ecclesia
900 1693 969 1747 ante
991 1701 1109 1749 omnem
1131 1685 1322 1748 schismatum
1344 1691 1532 1752 memoriam:
1562 1700 1613 1754 aut
1635 1712 1749 1756 recen-

371 1785 478 1860 tiores,
501 1785 552 1865 qui
575 1783 613 1847 ob
637 1784 843 1848 defensionem
866 1785 917 1847 vel
938 1785 1159 1866 professionem
1182 1783 1459 1867 hlonophpsitarum
1482 1788 1648 1870 doctrinae,
1671 1790 1749 1854 lama

371 1885 452 1946 inter
482 1901 535 1945 ecs
567 1883 707 1946 celebres
736 1892 816 1946 sunt.
861 1883 973 1945 Extant
1001 1891 1100 1946 autem
1123 1898 1227 1945 ornnes
1250 1883 1320 1946 illae
1343 1883 1507 1966 liturgiae,
1531 1891 1666 1968 quamvis
1691 1891 1749 1954 ali-

371 1981 492 2063 quando
508 1983 661 2044 orationes
685 2001 725 2045 ex
740 1981 798 2044 illis
819 1982 980 2063 decerptas
1002 1983 1139 2063 reperire
1160 1999 1221 2043 non
1243 1981 1332 2046 facile
1355 1985 1405 2058 sit,
1427 1983 1557 2048 fortasse
1581 2007 1621 2048 ex
1642 2007 1749 2069 parum

371 2089 512 2144 accurata
542 2080 758 2161 exemplarium
781 2081 997 2162 descriptione,
1028 2081 1058 2142 iu
1089 2098 1147 2161 qua
1171 2080 1446 2163 indiligentissimos
1471 2101 1541 2147 esse
1564 2084 1747 2168 orientales,

372 2182 472 2242 sciunt
485 2181 536 2261 qui
548 2180 670 2242 codices
685 2180 794 2241 multos
808 2187 1023 2242 tractaverunt.
1049 2177 1281 2242 adscribuntur
1292 2181 1455 2262 unicuique
1468 2185 1597 2247 orationi
1610 2192 1748 2248 autorum

371 2281 501 2357 nomina,
526 2288 556 2342 ct
578 2279 621 2342 illi
643 2288 723 2341 sunt.
751 2279 883 2341 lacobus
906 2279 1012 2342 Frater
1034 2279 1168 2340 Domini:
1190 2279 1323 2342 loannes
1345 2280 1557 2364 Evangelista:
1579 2283 1747 2347 Duodecim

371 2377 524 2460 Apostoli:
571 2377 727 2441 Clemens:
771 2378 868 2441 Julius
891 2378 1057 2444 Romanus:
1103 2378 1269 2460 Gregorius
1294 2379 1483 2462 'lhcologusz
1513 2379 1646 2462 Gyrillus
1668 2383 1752 2446 Ale:

372 2477 549 2555 xandrinus,
564 2476 705 2564 lgnatius
728 2477 860 2558 Martyr,
883 2477 1069 2540 Philoxenus*
1088 2476 1346 2558 hieropolitanus:
1390 2477 1569 2559 Dionysius:
1613 2481 1747 2545 loannes

373 2578 487 2656 absque
510 2577 645 2654 nomine,
675 2574 850 2639 Eleazarus.
895 2575 1046 2652 Omnium,
1075 2577 1101 2638 si
1129 2593 1220 2637 unum
1244 2577 1431 2660 Theologum
1455 2579 1637 2660 excipimus,
1666 2580 1748 2660 quod

373 2673 411 2738 de
443 2671 594 2756 Gregorio
627 2674 820 2738 Nazianzeno
851 2675 978 2758 intelligi
1013 2675 1122 2752 debet,
1161 2675 1331 2737 nominibus
1361 2684 1556 2756 praenotatus
1590 2676 1748 2742 Jacobitae

369 2772 494 2836 totidem
515 2773 668 2856 Liturgias
690 2783 878 2856 agnoscunt,
902 2775 989 2837 istam
1011 2793 1071 2837 non
1094 2774 1180 2836 item:
1203 2774 1258 2838 sed
1282 2773 1362 2854 quod
1386 2793 1426 2836 ex
1448 2775 1611 2838 veterrimo
1625 2775 1748 2840 Godicc
1788 2775 1791 2792 ‘

371 2875 546 2939 Colbertino
568 2873 745 2935 didicimus:
774 2891 852 2954 quae
880 2873 992 2936 Basilio
1020 2873 1178 2948 tribuitur,
1200 2891 1236 2935 ea
1259 2872 1377 2936 scilicet
1400 2891 1488 2953 quum
1510 2874 1623 2936 Masius
1647 2875 1748 2938 inter-

369 2982 506 3056 pretatus
534 2979 596 3050 est,
633 2971 737 3034 cadem
769 2971 920 3053 Gregorio
950 2989 1071 3052 quoquc
1100 2972 1283 3052 conjunctim
1314 2971 1504 3034 adscribitur.
1547 2973 1623 3035 Nem
1653 2974 1747 3037 multa

370 3074 487 3136 duobus
520 3072 579 3134 illis
608 3070 766 3133 Ecclesiae
795 3069 953 3133 luminibus
981 3070 1141 3150 Responsa
1171 3069 1209 3132 dc
1238 3068 1311 3133 lu'rc
1339 3071 1494 3151 variisque
1517 3072 1747 3152 quaestionibus

369 3161 610 3246 Ecclesiasticis,
640 3169 806 3232 attribuere
839 3169 955 3248 solent,
986 3178 1019 3231 ut
1048 3168 1158 3232 lactum
1188 3177 1235 3231 est
1257 3168 1295 3232 de
1323 3171 1380 3232 ista
1401 3169 1555 3252 Liturgia,
1586 3170 1748 3250 quamdiu

369 3267 480 3332 frustra
504 3270 670 3350 quaesitam
692 3271 722 3329 in
745 3266 797 3330 illc
820 3267 940 3350 tandem
963 3265 1078 3331 Codico
1101 3269 1278 3348 reperimus
1311 3267 1472 3331 Clementis
1495 3286 1617 3350 quoque
1640 3268 1748 3330 Litur-

369 3369 449 3451 giam
471 3368 593 3447 habent,
609 3359 752 3448 'quamvis
776 3384 814 3429 eo
837 3367 924 3430 titulo
947 3365 1028 3429 nulla
1058 3367 1173 3430 Graeca
1197 3375 1291 3430 extet.
1336 3366 1398 3430 Eos
1422 3375 1520 3429 autent
1544 3383 1648 3429 omncs
1672 3374 1748 3428 tan-

371 3484 458 3547 quam
489 3474 583 3530 testes
614 3474 645 3528 et
675 3465 848 3528 laudatores
878 3465 948 3528 lidei
970 3483 1043 3528 suae
1066 3465 1201 3548 allegare
1224 3465 1483 3528 familiarissimum
1506 3476 1554 3527 est
1575 3465 1747 3546 praecipuis

371 3567 450 3628 inter
471 3565 626 3628 Jacobitus
649 3565 832 3648 Theologis,
855 3573 888 3628 ut
910 3565 980 3627 alibi
1002 3565 1207 3646 exposuimds.

462 3664 596 3727 loannes
608 3663 780 3726 Patriarcha
794 3683 883 3744 quem
906 3681 1046 3746 magnum
1068 3662 1233 3744 appellant,
1256 3663 1392 3743 quisnam
1415 3681 1455 3723 ex
1477 3663 1543 3724 aliis
1566 3663 1617 3743 qui
1639 3662 1748 3725 eodem

371 3765 491 3827 nornine
521 3763 641 3826 luerunt
674 3770 705 3825 et
732 3763 763 3824 in
792 3763 898 3825 eadem
920 3762 1082 3846 dignitate,
1111 3763 1213 3824 dicere
1235 3778 1298 3824 non
1319 3779 1490 3842 possumus.
1535 3761 1747 3842 Antiquiorem

371 3862 470 3924 multis
494 3862 559 3924 aliis
582 3862 668 3924 istius
691 3844 818 3923 nominis
840 3861 934 3923 luisse
957 3861 1089 3942 suspicio
1112 3859 1206 3939 soret,
1230 3878 1270 3922 ex
1293 3878 1331 3922 eo
1355 3860 1442 3944 quod·
1458 3861 1610 3944 liturgias
1633 3876 1747 3922 recen-

371 3963 491 4040 tiorum,
515 3969 547 4023 ut
568 3960 675 4023 Jacobi
688 3959 847 4036 Edesseni,
869 3961 963 4022 Mosis
982 3959 1168 4040 Barcephae,
1192 3966 1224 4021 et
1238 3959 1432 4040 reliquorum,
1456 3961 1541 4041 Syris
1563 3959 1746 4036 notissimas,

372 4061 403 4122 in
434 4077 519 4122 suam
549 4077 609 4122 non
638 4059 832 4122 transtulerit.
878 4058 937 4123 Sed
965 4059 1043 4122 hanc
1072 4058 1274 4138 conjecturam
1305 4059 1414 4121 evertit
1441 4058 1579 4121 Eleazari
1601 4057 1748 4140 Liturgia,

371 4179 412 4222 ex
435 4177 494 4239 qua
517 4158 592 4221 duas
615 4157 770 4220 orationes
800 4159 968 4239 excerpsit:
999 4159 1024 4220 is
1053 4166 1152 4221 autem
1181 4165 1215 4220 ut
1242 4156 1280 4219 ad
1309 4157 1390 4219 illam
1419 4156 1678 4222 observavimus:
1692 4155 1748 4218 fuit
1854 4177 1859 4186 ·

371 4257 543 4338 Episcopus
566 4255 789 4340 Bagdadensis,
821 4256 880 4319 alio
908 4258 1028 4320 nomine
1051 4257 1233 4320 Philoxenus
1256 4255 1442 4336 appellatus,
1471 4264 1504 4318 ut
1527 4255 1682 4318 didicimus
1706 4273 1747 4316 ex

370 4357 483 4419 Codice
507 4355 717 4438 Seguieriano,
741 4355 826 4436 cujus
850 4354 998 4418 beneficio
1021 4359 1136 4419 veteris
1158 4355 1317 4419 Philoxeni
1339 4362 1369 4416 et
1391 4355 1476 4416 istius
1499 4354 1652 4437 liturgias
1676 4351 1745 4414 dis-

369 4455 530 4532 tinximus,
561 4472 639 4535 quac
662 4455 692 4516 in
714 4455 807 4516 variis
832 4454 1055 4534 exemplaribus
1078 4455 1165 4518 alteri
1186 4455 1230 4517 illi
1244 4453 1471 4533 Hieropolitano
1493 4451 1673 4515 tribuuntur.
1695 4448 1747 4511 An

369 4553 504 4616 loannes
527 4552 615 4633 hujus
638 4551 793 4636 Liturgiue
817 4551 983 4631 ordinator,
1006 4553 1032 4614 is
1054 4555 1093 4615 sit
1116 4554 1167 4634 qui
1188 4553 1371 4634 Apologiam
1395 4551 1470 4613 ritus
1494 4552 1640 4631 Syrorum
1662 4549 1745 4610 circa

369 4643 635 4732 praeparationem
656 4653 743 4732 panis
765 4650 965 4713 Eucharistici
988 4668 1055 4713 curn
1077 4649 1237 4729 fermento,
1260 4651 1324 4713 sale
1347 4657 1378 4712 et
1401 4649 1470 4711 oleo
1493 4649 1666 4729 scripserit,
1696 4643 1745 4706 ai-

370 4751 489 4814 hrmarc
512 4753 766 4830 non'pcssumus.

457 4847 490 4912 ln
513 4849 571 4910 iste
594 4857 693 4911 autem
715 4848 850 4928 Liturgia
873 4846 946 4908 nihil
968 4847 1081 4930 legitur
1103 4848 1184 4928 quod
1206 4845 1351 4930 singulari
1372 4844 1584 4908 observatione
1598 4844 1745 4926 indigeat,

369 4956 420 5010 aut
443 4946 524 5029 quod
548 4947 627 5009 notis
650 4947 723 5008 alias
747 4946 929 5027 explicatum
953 4963 1014 5009 non
1036 4945 1136 5010 luerit.

818 5096 1289 5178 ,ηας-

421 5245 508 5288 ΤΟΙΙΙῊ
523 5245 549 5287 ll·
