4712 6032
591 557 662 634 1⁷2
1095 553 1455 632 birunain

690 741 853 835 Populos.
905 739 1026 814 Amen.

689 857 866 929 Sacerdos
892 855 1030 926 elevans
1054 877 1180 926 vocem.
1216 853 1346 928 Idcirco
1372 876 1436 928 nos
1457 854 1576 928 infirmi
1598 865 1632 926 et
1652 861 1851 949 peccatores
1869 854 1962 924 servi

587 977 649 1065 tui,
677 973 935 1068 dispensationis
961 980 1038 1042 tuae
1064 972 1260 1042 memoriam
1288 979 1450 1062 agentes,
1483 991 1643 1062 rogamus
1675 979 1709 1041 et
1741 966 1963 1061 deprecamur

586 1097 639 1174 te,
667 1096 798 1158 amator
822 1085 1008 1175 bominum,
1036 1107 1109 1156 cum
1137 1087 1304 1158 exorieris
1331 1088 1365 1156 in
1391 1085 1456 1156 lino
1482 1092 1687 1180 temporum,
1721 1093 1755 1154 et
1781 1085 1873 1174 juste
1899 1103 1962 1152 re-

586 1201 713 1274 tribues
748 1203 926 1296 unicuique
961 1199 1142 1272 secundum
1177 1223 1283 1296 opera
1318 1203 1411 1292 ejus,
1452 1221 1554 1294 parce
1590 1209 1624 1270 et
1658 1199 1851 1272 misericors
1887 1205 1962 1269 esto

587 1315 821 1388 adoratoribus
847 1319 930 1402 turis,
958 1325 992 1387 et
1019 1312 1115 1386 salva
1141 1313 1379 1388 haereditatem
1406 1324 1504 1386 tuam
1564 1313 1608 1386 Et
1642 1323 1844 1409 propterea,
1874 1334 1962 1385 nunc

586 1435 686 1502 ctiam
712 1430 868 1503 Ecclesia
896 1443 951 1502 tua
979 1430 1179 1524 deprecatur
1206 1439 1255 1518 tc,
1282 1440 1318 1504 et
1344 1451 1407 1524 per
1433 1440 1479 1519 to,
1505 1438 1540 1501 et
1564 1439 1673 1503 mcum
1701 1430 1833 1502 Patrem
1860 1437 1962 1520 tumn,

586 1547 712 1618 dicens.

689 1649 852 1741 Papulas.
905 1647 1078 1720 Miserere.

689 1764 874 1836 Sacerdos.
928 1761 1001 1834 Nos
1029 1784 1172 1858 quoque.

689 1879 852 1971 Papulas.
906 1878 976 1967 Te,
1013 1888 1077 1949 etc.

690 1992 875 2063 Sacerdos.
928 1992 1124 2087 Praecipue.

689 2107 877 2178 Diaconos.
912 2106 1092 2180 Memento.
1120 2113 1156 2178 et
1181 2129 1261 2178 moa
1288 2107 1381 2176 dicit.
1411 2106 1517 2190 Quam
1543 2103 1687 2174 timenda
1705 2102 1961 2179 esthaecbora.

689 2220 865 2294 Sacerdos
890 2220 1074 2291 inclinatas
1099 2221 1186 2288 dicit
1210 2199 1465 2289 lacerationem
1490 2217 1643 2310 Spiritus
1668 2223 1790 2290 sancti.

690 2337 855 2408 Miserere
887 2338 994 2408 nostri
1029 2335 1189 2406 Domine:
1231 2336 1393 2406 miserere
1425 2335 1550 2420 nostri,
1593 2343 1627 2404 et
1662 2336 1753 2404 mitte
1785 2334 1882 2408 nobis
1917 2335 1959 2406 de

586 2450 683 2524 coelo
712 2461 935 2536 sanctorm,
971 2448 1131 2544 Spiritum
1167 2459 1255 2520 tuum
1292 2448 1538 2537 vivificantem,
1574 2459 1608 2519 et
1640 2451 1830 2542 requiescat
1857 2473 1959 2546 super

585 2564 789 2638 oblationem
821 2563 927 2652 hanc,
970 2563 1138 2658 iaciatque
1172 2585 1246 2636 eam
1281 2587 1403 2660 corpus
1437 2563 1623 2651 vivificum,
1666 2585 1796 2658 nosque
1832 2567 1958 2661 expiet,

585 2679 720 2754 mundet
746 2690 780 2751 et
806 2679 999 2752 sanctificet.

693 2795 876 2866 Benedicat
902 2801 937 2864 et
962 2796 1057 2867 dicit.
1111 2794 1244 2866 Exaudi
1269 2817 1324 2867 me
1350 2796 1502 2868 Domine.

689 2910 851 3002 Papulas.
903 2909 1009 3004 llyrie
1036 2910 1174 2983 eleison.

689 3024 874 3098 Sacerdos.
928 3025 972 3097 Ut
998 3047 1059 3120 per
1084 3025 1237 3121 illapsum
1264 3045 1378 3113 suum,
1410 3024 1512 3097 faciat
1545 3045 1665 3120 panem
1692 3029 1808 3116 istum,
1839 3049 1962 3124 corpus

589 3139 710 3214 Christi
736 3141 803 3212 Dei
827 3144 945 3222 nostri.
1152 3139 1315 3233 Papulas.
1367 3141 1488 3212 Amen.

693 3256 879 3328 Sacerdos.
927 3256 971 3328 Et
996 3259 1140 3345 mistum,
1167 3255 1255 3350 quod
1276 3258 1310 3326 in
1330 3253 1394 3327 boc
1415 3254 1521 3326 cabce
1541 3265 1604 3344 est,
1628 3259 1825 3350 sanguinem
1840 3254 1963 3331 Christi

586 3371 652 3443 Dei
678 3375 804 3460 nostri,
839 3382 875 3444 ut
901 3377 966 3446 sint
996 3371 1094 3446 nobis
1126 3371 1346 3443 Sacramenta
1378 3369 1463 3442 haec
1496 3383 1630 3456 sancta,
1663 3383 1697 3444 et
1731 3373 1883 3460 vivifica,
1920 3372 1961 3444 ad

587 3489 814 3581 expiationem
841 3487 1052 3578 delictorum,
1080 3486 1123 3559 ad
1149 3490 1380 3560 remissionem
1406 3497 1632 3581 peccatorum,
1660 3497 1693 3558 et
1719 3488 1761 3559 ad
1788 3491 1962 3560 sanitatem

589 3604 719 3675 animae
745 3610 779 3674 et
805 3607 979 3699 corporis,
1008 3614 1041 3675 et
1068 3601 1111 3675 ad
1137 3600 1387 3674 roborationem
1414 3606 1533 3674 mentis
1558 3612 1703 3676 nostrae.
1757 3601 1826 3674 Sed
1852 3625 1962 3698 neque

587 3738 671 3788 unus
698 3727 815 3812 pereat
841 3718 883 3790 de
909 3717 1033 3814 populo
1060 3728 1116 3790 tuo
1144 3717 1252 3790 fideli:
1279 3738 1397 3788 verum
1427 3727 1563 3814 praesta
1596 3716 1692 3789 nobis
1724 3718 1894 3806 omnibus,
1907 3783 1913 3792 .
1928 3730 1963 3791 ut

587 3854 670 3928 pure
697 3835 813 3928 spiritu
839 3841 897 3905 tuo
924 3833 1110 3925 gubernati,
1136 3835 1240 3904 vitam
1268 3831 1440 3924 degamus,
1469 3843 1502 3905 ot
1528 3831 1713 3906 referemus
1739 3834 1798 3906 tibi
1820 3833 1962 3926 gloriam

587 3958 622 4018 et
647 3951 828 4039 gratiarum
855 3951 1036 4036 actionem,
1064 3959 1127 4020 etc.
1284 3948 1448 4042 Papulas.
1500 3951 1622 4022 Amen.

691 4063 870 4134 Diaconos
897 4065 983 4134 dicit
1010 4063 1208 4134 stationem
1235 4068 1505 4152 conuenientem,
1538 4071 1572 4135 el
1605 4087 1680 4136 earn
1706 4087 1794 4157 qaae
1821 4071 1872 4137 eol
1894 4085 1961 4158 pro

586 4179 737 4248 mortuis.

691 4290 868 4364 Sacerdos
893 4292 1085 4363 inclinatas.
1140 4292 1317 4366 Ollarimus
1345 4293 1404 4366 tibi
1430 4295 1574 4367 Domine
1601 4298 1823 4390 omnipotens,
1851 4298 1964 4368 sacri-

586 4405 697 4478 ficium
723 4405 788 4478 boc
815 4404 973 4494 divinum,
999 4428 1062 4500 pro
1090 4411 1181 4480 omni
1207 4431 1316 4503 grege
1343 4419 1417 4484 tuo:
1447 4413 1627 4507 praecipue
1653 4430 1739 4481 vero
1765 4431 1827 4504 pro
1854 4410 1963 4482 beatis

585 4518 740 4592 Patribus
774 4524 920 4611 nostris,
953 4512 1148 4596 Patrialcha
1180 4534 1298 4597 nostro
1333 4524 1376 4596 D.
1409 4523 1450 4598 N.
1486 4536 1521 4597 et
1552 4547 1614 4621 pro
1641 4522 1821 4620 Episcopo,
1844 4537 1962 4597 nostro

587 4635 732 4708 Domino
758 4635 799 4706 Ν.
827 4658 930 4710 servo
957 4646 1028 4728 nuo,
1055 4648 1090 4710 et
1114 4639 1250 4734 reliquis
1277 4639 1457 4737 Episcopis
1485 4641 1703 4730 Orthadoxis,
1729 4653 1765 4714 ut
1791 4664 1864 4713 oum
1890 4642 1961 4714 vita

586 4747 769 4845 inculpata,
805 4749 994 4842 gubernent
1020 4775 1107 4827 oves
1134 4764 1208 4828 tuas
1234 4758 1269 4826 iu
1294 4758 1438 4850 puritate
1465 4767 1499 4828 et
1529 4761 1720 4832 sanctitate:
1755 4756 1962 4851 offerantque

586 4861 647 4934 tibi
672 4865 831 4961 populum
856 4864 1000 4956 tidelem,
1027 4890 1168 4962 gregem
1195 4870 1413 4964 spiritualem,
1439 4872 1594 4966 placitum
1612 4871 1733 4944 honori
1747 4875 1887 4944 nominis
1902 4873 1961 4962 tui,

586 4987 621 5049 et
647 4980 743 5054 simul
770 4979 956 5056 referemus
983 4983 1042 5056 tibi
1068 4983 1228 5076 gloriam,
1262 4993 1326 5057 etc.
1361 4987 1532 5060 Memento
1557 4988 1702 5060 Domine
1728 4980 1961 5079 Sacerdotem,
