4730 6038
483 534 515 611 S.
549 529 715 610 Jacost
748 531 971 612 EPISCOPI
1002 530 1342 629 ROTNANENSIS,
1369 549 1423 612 uc.
1571 534 1647 609 359

279 723 437 817 optimum
462 723 571 793 visum
597 729 665 794 est:
692 732 856 815 natusque
883 733 935 794 est
970 743 1016 792 ex
1048 729 1143 792 utero
1180 719 1322 822 carnali,
1359 734 1394 795 ut
1428 731 1648 817 regeneraret

277 859 340 908 nos
368 860 414 908 ex
439 837 606 932 spirituali
638 845 743 911 utero.
797 837 921 910 Factus
956 845 1007 911 est
1039 835 1136 911 nobis
1169 835 1290 928 frater,
1325 849 1360 911 ut
1385 863 1449 914 nos
1475 839 1561 914 lilios
1588 839 1648 913 tibi

277 953 422 1026 faceret:
449 953 567 1025 extudit
591 975 655 1026 uos
683 976 729 1025 ex
753 952 864 1024 humili
891 974 1065 1025 servorum
1093 951 1296 1044 conditione,
1323 965 1357 1026 et
1375 955 1465 1028 dedit
1487 953 1585 1028 nobis
1612 963 1647 1026 ut

169 1155 179 1164 κ
277 1069 318 1142 ad
345 1069 524 1163 haeredum
551 1068 744 1161 dignitatem
771 1072 1038 1163 perveniremus:
1074 1066 1207 1140 abstulit
1234 1091 1255 1139 a
1281 1068 1378 1145 nobis
1412 1075 1645 1144 mercenario-

275 1207 348 1258 rum
375 1189 565 1272 servitium,
593 1195 626 1256 et
653 1187 821 1257 constituit
846 1206 909 1257 nos
936 1187 970 1254 in
996 1182 1104 1276 gradu
1137 1183 1278 1256 liliorum
1314 1186 1516 1260 dilectorum.
1567 1189 1646 1260 De-

274 1301 357 1396 pulit
383 1323 403 1372 a
436 1299 628 1396 pectoribus
659 1303 783 1372 nostris
819 1301 965 1394 spiritum
998 1303 1183 1390 servitutis,
1214 1309 1250 1370 ut
1276 1304 1347 1394 jam
1380 1303 1467 1377 absit
1500 1327 1519 1376 a
1546 1304 1645 1378 nobis

273 1418 373 1488 timor
399 1419 624 1513 captivorum,
652 1425 686 1488 et
710 1415 800 1488 dedit
824 1416 922 1489 nobis
958 1418 1104 1511 spiritum
1142 1414 1347 1511 adoptionis,
1383 1442 1448 1515 quo
1482 1431 1515 1492 te
1553 1421 1644 1493 lidu-

274 1531 402 1605 cialiter
428 1536 628 1605 voraremus
649 1515 789 1605 ¹Patrem
815 1543 973 1605 nostrum.

379 1650 529 1720 Elcecrrs
555 1669 679 1720 nocem.
718 1647 763 1720 Et
793 1645 808 1684 ²
834 1672 909 1721 cum
934 1656 1072 1742 paratus
1098 1658 1191 1734 asset
1217 1647 1260 1720 ad
1284 1650 1487 1744 patiendum,
1513 1650 1645 1748 reliquit

274 1764 372 1839 nobis
400 1769 451 1837 sui
477 1767 833 1839 commemorationem.
883 1763 934 1835 Ea
961 1763 1088 1836 scilicet
1112 1785 1259 1861 vespera
1286 1788 1350 1860 qua
1377 1768 1543 1864 completa
1570 1778 1645 1842 sunt

276 1884 386 1954 omnia
413 1883 574 1977 mysteria
600 1884 682 1976 typi,
710 1888 744 1951 et
769 1880 944 1968 miracula,
982 1902 1022 1951 ea
1048 1889 1148 1952 noete
1176 1904 1239 1976 qua
1266 1881 1458 1956 tradebatur
1484 1907 1547 1980 pro
1573 1886 1644 1957 vita

275 2005 310 2068 et
335 1998 443 2070 salute
469 1997 596 2086 mundi,
631 1999 797 2090 accipiens
825 2018 945 2092 panem
971 1999 1005 2066 in
1031 2017 1149 2068 manus
1176 2017 1254 2069 suas
1281 2009 1413 2073 sanctas
1441 2002 1574 2096 aspexit
1600 1999 1644 2072 ad

274 2125 309 2186 te
334 2113 427 2186 Deus
454 2115 566 2200 Pater,
593 2115 719 2204 gratias
746 2117 816 2204 egit
841 2114 870 2200 †
895 2097 1067 2183 benedixit
1093 2113 1121 2200 †
1146 2110 1290 2205 fregit†
1307 2113 1462 2210 deditque
1489 2138 1642 2210 congre-

274 2232 400 2322 gationi
427 2227 672 2332 Disciprdomm
706 2250 858 2319 suorum,
894 2237 927 2298 et
955 2227 1038 2298 dixit
1064 2231 1133 2302 eis:
1163 2229 1333 2326 Accipite,
1369 2231 1566 2305 manducate
1597 2255 1644 2305 ex

274 2367 333 2419 eo:
360 2346 435 2418 lloc
461 2354 514 2417 est
539 2366 662 2440 corpus
687 2366 795 2415 meum
824 2343 913 2439 quod
938 2366 1002 2439 pro
1029 2343 1129 2418 vobis
1162 2354 1196 2416 ct
1227 2367 1290 2441 pro
1323 2346 1431 2422 multis
1466 2347 1640 2440 frangitur,

274 2472 309 2534 et
334 2462 449 2553 datur,
475 2461 517 2534 ad
544 2463 775 2534 remissionem
800 2470 1086 2555 peccatorum,·et
1111 2463 1213 2534 vitam
1241 2471 1420 2534 aeternam.

378 2578 539 2671 Populus.
592 2579 711 2650 Amen.

377 2693 559 2766 Sacerdos.
603 2693 760 2765 Similiter
787 2697 885 2764 etiam
909 2701 1083 2788 postquam
1111 2706 1354 2785 coenaverunt,
1381 2696 1519 2768 culicem
1547 2718 1639 2792 quo-

274 2832 339 2904 que
365 2813 455 2882 vitae
482 2813 612 2883 miscuit
638 2832 684 2880 ex
709 2812 790 2881 vino
818 2818 851 2880 et
877 2832 981 2903 aqua,
1013 2816 1034 2891 †
1067 2818 1101 2880 et
1132 2817 1154 2892 †
1187 2811 1407 2885 sanctificavit
1436 2818 1458 2893 †
1484 2811 1640 2908 deditque

273 2928 527 3018 congregationi
553 2926 797 3020 Discipulorum
824 2947 971 3013 suorum,
998 2935 1033 2997 et
1059 2924 1143 2998 dixit
1169 2929 1237 2999 eis:
1262 2928 1434 3022 Accipite,
1461 2926 1567 3000 bibite
1595 2951 1642 3000 ex

273 3065 315 3116 eo
343 3062 408 3113 vos
436 3063 571 3132 omnes3
598 3040 661 3113 llic
687 3052 739 3115 est
765 3041 856 3114 calix
881 3040 973 3113 Novi
998 3041 1203 3114 Testamenti
1227 3045 1262 3113 in
1288 3063 1362 3114 meo
1384 3047 1558 3136 sanguine,
1586 3047 1642 3138 qui

273 3181 336 3255 pro
363 3158 463 3231 vobis
491 3167 524 3228 et
550 3179 611 3254 pro
638 3157 747 3230 multis
774 3157 959 3246 ellunditur,
987 3167 1021 3228 et
1047 3157 1141 3229 datur
1166 3160 1200 3228 in
1225 3161 1454 3232 remissionem
1472 3169 1640 3255 peceato-

271 3297 357 3364 rum,
384 3285 418 3346 et
442 3277 546 3346 vitam
572 3281 751 3347 aeternam.

378 3388 539 3484 Populus.
591 3391 711 3463 Amen.

376 3505 560 3578 Sacerdos.
614 3506 894 3599 Quotiescumque
922 3506 1008 3576 euim
1042 3500 1281 3575 manducabitis
1313 3527 1433 3601 panem
1468 3506 1572 3596 hunc,
1608 3520 1641 3581 et

272 3621 357 3695 bunc
384 3621 522 3694 calicem
547 3621 688 3712 bibetis,
719 3630 858 3694 mortem
886 3629 920 3692 ct
944 3622 1224 3692 resurrectionem
1251 3642 1359 3692 meam
1387 3623 1640 3712 annunciabitis,

154 3825 161 3842 .
273 3739 380 3812 donec
406 3741 548 3812 veniam.

377 3852 538 3948 Populus.
591 3856 710 3928 blortis
737 3863 813 3925 tuae
838 3852 981 3923 Domine
1007 3853 1203 3924 memoriam
1229 3851 1380 3943 agimus(

375 3970 551 4043 Sacerdos
567 3973 699 4063 junctis
723 3968 884 4040 manibus.
920 3969 1002 4056 Quis
1029 3969 1171 4041 inveniri
1197 3977 1309 4064 potest
1335 3971 1390 4063 qui
1415 3967 1639 4064 magnificen-

273 4090 351 4160 tiam
377 4097 467 4158 tuam
493 4084 665 4159 sublimem
699 4095 734 4156 et
766 4095 935 4158 aeternam
971 4085 1071 4177 digne
1103 4093 1254 4173 enarret,
1287 4105 1309 4156 o
1344 4084 1494 4160 Verbum
1526 4090 1639 4163 Deusl

274 4214 329 4276 aut
347 4207 419 4299 quis
437 4199 694 4298 comprehendet
710 4205 968 4276 exinanitionem
982 4211 1070 4273 mam
1088 4198 1329 4290 voluntariam3
1352 4211 1407 4273 aut
1431 4206 1504 4297 quis
1522 4203 1639 4300 expli-

273 4342 351 4391 care
377 4322 500 4414 poterit
525 4321 730 4390 nativitatem
756 4329 843 4391 tuam
865 4315 1050 4390 mirabilem
1070 4338 1115 4388 ex
1130 4314 1290 4408 Virgiue3
1318 4326 1375 4390 aut
1400 4319 1478 4414 quid
1503 4319 1639 4393 relere-

272 4457 345 4508 mus
371 4457 434 4530 pro
461 4434 671 4529 passionibus
696 4435 906 4524 voluntariis,
933 4444 966 4506 et
992 4435 1175 4523 immeritis,
1202 4455 1284 4528 quas
1304 4437 1409 4507 nostri
1430 4458 1532 4509 causa
1554 4459 1638 4511 sus-

271 4554 413 4640 tinuisti,
447 4560 481 4622 et
512 4549 699 4647 pertulisti?
748 4552 830 4639 Quis
865 4549 1002 4622 sufficiat
1040 4549 1082 4621 ad
1120 4548 1341 4641 adorandam,
1375 4559 1410 4622 et
1441 4551 1639 4625 laudandam

271 4671 463 4742 universam
497 4665 781 4761 dispensationem
813 4677 900 4739 tuam
934 4665 1111 4739 salutarem
1143 4688 1206 4763 pro
1238 4664 1364 4740 uobis?
1411 4666 1639 4763 Deprecamur

271 4785 373 4876 igitur
397 4791 431 4854 te
457 4783 618 4872 Domine,
654 4793 689 4855 ut
719 4787 753 4855 in
788 4783 842 4855 die
874 4783 987 4854 ultimo
1020 4780 1183 4856 adventus
1210 4785 1273 4873 tui,
1309 4782 1440 4878 quando
1475 4798 1637 4862 venturus

272 4919 310 4973 as
333 4897 486 4992 judicare
511 4899 613 4972 vivos
640 4908 674 4971 et
699 4907 860 4991 mortuos,
887 4897 1018 4995 quando
1046 4895 1178 4971 sedebis
1205 4918 1307 4994 super
1326 4900 1444 4974 solium
1465 4902 1638 4976 excelsum

272 5023 307 5086 et
333 5012 508 5104 elevatum,
537 5015 669 5110 quando
694 5015 819 5111 Angeli
846 5025 880 5088 ct
904 5012 1111 5108 Archangeli
1136 5018 1321 5088 consident
1340 5041 1454 5092 eoram
1474 5030 1509 5093 te
1524 5018 1638 5113 judico
