4730 6038
627 509 1320 630 tnooununnaunnt
1581 507 1655 586 sm
1716 470 1724 488 '

396 697 582 770 Sacerdos.
636 699 916 794 Quotiescumque
942 701 1042 790 igitur
1068 697 1306 772 manducabitis
1333 721 1453 794 panem
1485 697 1591 787 hunc,
1626 708 1662 772 et

292 813 431 886 cabcem
457 812 544 888 hunc
571 814 709 906 bibetis,
737 824 876 888 mortem
904 826 937 887 et
962 819 1242 888 resurrectionem
1269 837 1378 886 meam
1409 835 1659 887 commemora-

291 930 386 1012 hitis,
414 930 523 1004 donec
548 934 689 1004 veniam.

395 1046 556 1140 Populos.
609 1047 728 1120 Mortis
755 1057 842 1120 tuae.

395 1163 579 1234 Sacerdos.
632 1157 819 1236 Secundum
847 1164 1054 1258 praeclaram
1090 1174 1177 1235 tuam
1213 1163 1419 1236 traditionem
1451 1164 1659 1252 dominicam,

292 1278 483 1375 superbae
509 1280 704 1353 sacrificium
732 1283 906 1376 mysticum
933 1290 968 1351 et
994 1280 1158 1368 divinum,
1186 1283 1378 1352 memoriam
1407 1283 1536 1372 agimus
1558 1283 1659 1353 totius

290 1395 418 1491 periodi
444 1395 699 1492 dispensationis
725 1407 823 1481 tuae,
849 1417 912 1491 pro
939 1394 1056 1469 nohis:
1084 1400 1311 1492 conceptionis
1340 1407 1435 1487 brae,
1471 1405 1505 1468 et
1530 1399 1657 1470 nativi-

289 1517 382 1584 tatis·
401 1521 478 1584 tuae
513 1535 559 1584 ex
590 1511 731 1604 Virgine
764 1514 911 1607 Deipara
942 1512 1065 1585 Maria:
1101 1511 1254 1608 baptismi
1291 1515 1336 1584 tui
1369 1515 1402 1585 in
1437 1511 1602 1601 Jordane,
1637 1534 1658 1582 a

289 1628 421 1702 Joanne
447 1649 668 1723 praecursore
693 1640 769 1717 tuo;
795 1631 960 1723 passionis
987 1639 1021 1699 et
1046 1632 1161 1701 mortis
1189 1639 1266 1701 tuae
1281 1629 1508 1701 voluntariae:
1537 1629 1656 1724 sepul-

289 1755 385 1817 turae
412 1755 488 1816 tuae
523 1753 557 1816 et
588 1747 843 1817 resurrectionis
876 1755 953 1816 tuae
989 1744 1031 1815 da
1064 1745 1240 1839 sepulcro,
1280 1755 1358 1840 post
1387 1748 1516 1818 tertium
1552 1744 1657 1834 diem;

287 1862 508 1934 Ascensionis
536 1871 612 1932 tuae
638 1861 825 1953 gloriosae,
852 1869 885 1932 et
911 1862 1073 1934 sessionis
1099 1861 1297 1953 magnificae
1323 1872 1401 1933 tuae
1427 1861 1469 1932 ad
1483 1860 1657 1933 dexteram

287 1976 395 2050 Patris
422 1981 477 2049 tui.
529 1977 659 2049 Rursus
686 1982 877 2050 memoriam
906 1981 1035 2069 agimus
1063 1975 1225 2050 adventus
1260 1981 1306 2049 tui
1333 1977 1494 2050 tremendi
1521 1988 1554 2049 et
1578 1976 1657 2050 for-

287 2091 432 2166 midandi
459 2117 480 2166 e
506 2094 623 2181 coelis,
652 2093 782 2188 quando
808 2093 1013 2166 revelabitur
1039 2094 1147 2185 gloria
1173 2097 1356 2186 majestatis
1383 2104 1472 2183 tuae,
1504 2097 1655 2190 superuis

288 2209 383 2280 simul
420 2220 454 2282 et
483 2210 618 2298 infimis3
651 2209 782 2305 quando
809 2210 967 2282 excitabit
993 2209 1103 2282 valida
1129 2232 1202 2282 vox
1233 2219 1287 2282 tua
1315 2232 1430 2285 omnes
1458 2220 1606 2284 mortuos
1635 2233 1656 2282 a

287 2324 459 2420 sepulcris,
488 2326 614 2422 absque
635 2330 866 2422 corruptione:
895 2326 1025 2421 quando
1041 2329 1073 2397 in
1100 2329 1178 2417 igne
1204 2347 1362 2398 secernas
1376 2329 1486 2419 justos
1513 2326 1555 2399 ab
1582 2331 1653 2398 ini-

289 2445 374 2536 quis,
398 2452 431 2514 et
446 2441 562 2514 fideles
582 2441 624 2514 ab
648 2441 846 2533 infidehhus,
869 2464 1079 2536 veracesque
1095 2441 1357 2514 amendacibus:
1381 2443 1510 2538 quando
1526 2442 1654 2540 pudore

286 2557 528 2630 confundentur
553 2557 690 2647 ludaei,
723 2562 778 2654 qui
804 2569 838 2630 te
865 2557 1117 2652 crucifixerunt,
1158 2567 1192 2630 et
1218 2557 1459 2633 confundentur
1492 2559 1655 2650 infideles,

287 2677 342 2767 qui
370 2682 403 2745 te
430 2684 677 2747 contemsermrt
709 2686 744 2747 et
778 2673 951 2748 tabescent
982 2673 1159 2764 haeretici,
1187 2677 1241 2769 qui
1269 2683 1301 2746 te
1329 2674 1533 2748 contumeliis
1565 2675 1655 2749 alle-

245 2803 250 2806 ·
286 2801 417 2861 cenmt:
457 2789 587 2885 quando
623 2789 832 2864 laetabuntur
866 2794 947 2885 justi
986 2795 1041 2884 qui
1078 2801 1111 2862 te
1147 2791 1347 2879 dilexerunt,
1390 2802 1424 2863 et
1459 2790 1654 2865 exultabunt

285 2905 401 2978 Sancti
427 2909 483 3002 qui
509 2910 542 2978 te
569 2919 782 2982 amaverunt:
809 2908 999 3002 laetitiaque
1026 2917 1060 2978 et
1074 2907 1197 2999 gaudio
1219 2906 1469 2980 cumulabuntur
1488 2908 1654 3003 praeclari

287 3021 333 3093 illi
360 3024 441 3110 viri,
478 3026 538 3119 qui
568 3022 624 3095 tibi
659 3024 895 3098 adhaeserunt:
923 3024 1054 3118 quando
1081 3022 1189 3115 gloria
1223 3023 1356 3098 ornabis
1388 3021 1594 3119 Prophetae,
1620 3035 1655 3096 et

284 3137 471 3235 Apostolos
497 3162 599 3237 super
624 3140 760 3213 thronos
787 3141 916 3233 gloriae
943 3138 1144 3227 collocabis,
1171 3139 1404 3235 Martyresque
1439 3150 1474 3211 et
1500 3139 1652 3214 Confes-

287 3275 383 3328 sores
410 3256 603 3329 coronabis:
631 3257 762 3351 quando
789 3257 947 3328 Pastores
974 3266 1009 3328 et
1033 3254 1201 3328 Doctores
1224 3254 1440 3330 Orthodoxos
1455 3255 1541 3328 stola
1567 3256 1650 3349 glo-

283 3373 354 3442 riae
380 3372 518 3462 indues,
546 3374 781 3469 solitariosque
807 3382 841 3444 et
865 3373 1045 3465 religiosos
1072 3372 1114 3443 ad
1141 3393 1288 3444 mensam
1314 3376 1411 3466 regni
1437 3376 1483 3444 tui
1510 3396 1650 3444 accum-

284 3485 366 3559 bere
389 3488 542 3580 juhehis‚
569 3490 793 3584 Virginesque
821 3499 854 3561 et
879 3489 1018 3585 pudicos
1045 3492 1078 3561 in
1104 3487 1280 3561 thalamum
1314 3487 1455 3560 lucidum
1482 3492 1577 3580 regni
1604 3492 1652 3562 tui
1730 3559 1734 3568 ,

284 3602 492 3676 introduces:
520 3605 650 3699 quando
677 3605 763 3678 lilios
791 3605 953 3678 dexterae
979 3605 1022 3678 ad
1048 3626 1187 3698 regnum
1213 3601 1366 3692 vocabis,
1393 3613 1426 3675 et
1451 3602 1537 3677 filios
1564 3607 1650 3677 sini-

285 3727 374 3792 strae
400 3722 433 3790 in
459 3719 645 3811 gehennam
672 3745 758 3816 quae
784 3744 851 3796 nou
877 3726 1097 3816 extinguitur,
1124 3745 1197 3793 cum
1225 3719 1357 3793 diaholo
1385 3727 1418 3792 et
1445 3723 1549 3816 copiis
1577 3725 1650 3814 ejus
1750 3767 1752 3774 ι

285 3834 487 3908 amandahis.
539 3837 577 3909 In
603 3837 659 3910 illo
687 3848 837 3934 tempore
862 3841 1005 3912 Domine
1031 3838 1128 3934 plene
1146 3838 1458 3926 misericordiarum,
1486 3859 1551 3932 quo
1566 3836 1651 3910 haec

284 3956 393 4027 omnia
426 3953 655 4048 perficientur,
688 3954 863 4050 honosque
902 3980 922 4027 a
958 3955 1052 4028 malis
1092 3951 1284 4050 separabis,
1326 3977 1400 4026 cum
1443 3955 1557 4028 electis
1585 3957 1650 4031 tuis

282 4079 390 4142 statue
416 4091 497 4158 nos;
524 4093 596 4142 cum
622 4069 687 4143 illis
713 4070 839 4142 sedicet
865 4075 919 4166 qui
945 4070 1155 4167 perlecemnt
1175 4057 1378 4142 voluntatem
1398 4081 1486 4144 tuam
1511 4095 1651 4145 numera

282 4209 364 4276 nos;
391 4209 466 4257 curn
491 4185 554 4259 illis
582 4190 636 4282 qui
661 4198 754 4259 recte
780 4186 999 4260 laudaverunt
1024 4198 1077 4276 te,
1105 4189 1269 4279 conjunge
1295 4207 1375 4258 nos:
1402 4211 1477 4260 cum
1498 4187 1561 4260 illis
1596 4190 1652 4284 qui

282 4302 560 4398 praedicaverunt
586 4314 619 4374 te
645 4305 753 4375 Deum
779 4306 982 4375 incarnatum
1009 4299 1136 4396 absque
1169 4305 1410 4392 immutatione,
1446 4302 1542 4376 simul
1574 4325 1650 4376 cum

280 4418 379 4493 honis
406 4417 572 4508 moribus,
599 4423 760 4493 constitue
786 4442 867 4507 nos,
895 4429 928 4490 et
954 4441 1028 4491 cum
1054 4421 1095 4489 iis
1123 4421 1178 4512 qui
1195 4417 1388 4513 placuerunt
1405 4416 1463 4490 tihi
1478 4417 1649 4514 perfidem

283 4545 317 4608 et
344 4557 448 4631 opera
474 4531 581 4624 bona,
608 4536 651 4608 ad
668 4551 826 4608 *mensam
852 4535 1015 4609 honorum
1042 4537 1139 4626 regni
1165 4537 1212 4604 tui
1237 4555 1311 4604 cum
1330 4533 1501 4629 voluptate
1519 4533 1650 4609 colloca

282 4673 355 4724 nos.
407 4649 562 4722 Ecclesia
588 4661 643 4724 tua
670 4651 813 4725 nomme
839 4652 932 4725 Dens
967 4661 1084 4724 noster
1109 4649 1209 4723 Jesus
1244 4644 1389 4736 Christe,
1425 4673 1510 4746 quae
1545 4652 1651 4723 credit

282 4777 422 4840 mortem
449 4778 483 4838 et
508 4773 787 4842 resurrectionem
814 4777 921 4856 tuam,
949 4778 984 4840 et
1008 4767 1126 4840 adorat
1152 4787 1284 4839 crucem
1308 4776 1413 4856 tuam,
1440 4765 1649 4860 gemebunda

284 4883 482 4980 deprecatur
507 4893 541 4955 te
567 4905 629 4980 pro
655 4884 705 4954 his
733 4883 904 4974 omnibus,
932 4895 965 4957 et
991 4884 1125 4956 Patrem
1151 4893 1240 4953 auum
1266 4879 1390 4954 dicens.

387 4997 549 5091 Populos.
596 4999 770 5075 Miserere.
