4730 6038
720 627 895 706 mosoou
919 593 1183 705 elimacem
1208 627 1472 705 mammam.
1705 627 1779 702 ιιι

419 823 476 885 tua
502 811 646 911 depelle:
673 814 797 888 infide
823 825 915 888 recta
941 838 1026 912 qnae
1052 818 1085 887 in
1112 823 1146 887 te
1172 824 1236 904 est,
1262 818 1460 888 inconcusse
1486 823 1722 903 conservetur,
1749 825 1784 888 et

421 933 548 1002 canica
581 931 761 1028 spiritualia
795 933 936 1006 vocibus
968 929 1235 1028 triumphalibus,
1270 941 1304 1003 et
1335 930 1509 1004 modulatis
1545 955 1565 1003 a
1599 929 1673 1004 liliis
1709 934 1783 1025 ejus

421 1050 645 1120 concinantur.
698 1049 833 1144 Dissipa
860 1059 894 1120 et
918 1048 1076 1145 propulsa
1103 1071 1163 1122 eos
1191 1050 1246 1142 qui
1273 1070 1319 1119 ex
1345 1047 1490 1120 adverso
1518 1069 1592 1120 eam
1619 1046 1782 1120 dividunt:

422 1164 497 1258 quia
530 1175 565 1236 tu
598 1187 636 1236 es
669 1163 765 1236 dator
799 1175 833 1236 et
867 1163 1006 1258 largitor
1039 1167 1182 1238 omnium
1215 1163 1397 1252 bonorum,
1432 1175 1465 1236 et
1499 1161 1556 1236 tibi
1582 1163 1724 1257 gloriam
1751 1173 1786 1236 ct

420 1275 551 1351 laudem
578 1280 763 1368 oderimus,
790 1289 825 1352 et
849 1283 1019 1373 unigenito
1046 1279 1130 1353 Filio
1158 1291 1227 1370 tuo,
1256 1289 1290 1351 et
1315 1278 1452 1375 Spiritui
1478 1288 1534 1352 tuo
1561 1282 1782 1355 sanctissimo.

523 1395 683 1490 Populos.
735 1395 854 1468 Amen.

524 1511 699 1584 Sacerdos
724 1513 913 1584 inclinatio.
965 1511 1134 1585 Memento
1166 1514 1265 1584 etiam
1297 1511 1440 1583 Domine
1473 1533 1587 1585 eorum
1623 1534 1706 1606 quos
1740 1510 1782 1585 ab

423 1630 562 1724 antiquis
588 1627 791 1722 temporibus
817 1628 938 1701 oblitus
963 1649 1031 1700 non
1058 1649 1108 1716 es,
1135 1626 1372 1722 Prophetamm
1393 1629 1448 1721 qui
1465 1629 1663 1724 interpretes
1688 1627 1784 1700 liuere

422 1747 654 1840 mysteriorum
670 1755 817 1816 morum:
843 1744 1083 1840 Apostolorum
1104 1741 1289 1831 beatomm,
1315 1741 1784 1832 Praedicatommillustrium,

420 1857 711 1954 Evangelistamm
752 1868 979 1948 strenuomm,
1022 1863 1077 1956 qui
1109 1870 1342 1954 pugnaverunt
1376 1869 1410 1931 et
1442 1862 1594 1932 vicerunt
1633 1880 1783 1932 errorem

419 1975 640 2054 idololatriae:
666 1974 851 2073 Martyrum
877 1975 1021 2048 fidelium
1047 1979 1102 2070 qui
1128 1979 1226 2046 animi
1247 1974 1468 2048 fortitudinem
1490 1975 1722 2049 ostenderunt:
1750 1985 1784 2048 et

417 2091 555 2167 loannis
581 2092 762 2188 Baptistae,
795 2094 890 2166 vocis
917 2091 1003 2164 illius
1031 2115 1116 2188 quae
1142 2094 1328 2189 praecessit
1352 2089 1519 2180 Verbum,
1555 2101 1590 2162 et
1615 2113 1782 2186 praecur-

419 2212 522 2284 soris:
556 2207 713 2305 Stephani
747 2211 844 2280 etiam
878 2212 932 2305 qui
968 2211 1094 2304 primus
1130 2206 1278 2280 exhibuit
1310 2217 1480 2279 certamen
1512 2206 1715 2301 gloriosum,
1749 2219 1784 2281 et

421 2335 601 2398 coronatus
628 2335 680 2398 est
705 2347 831 2398 corona
858 2327 1015 2420 martyrii.
1066 2323 1149 2416 EJ'us
1176 2325 1275 2395 etiam
1310 2346 1396 2418 quae
1421 2345 1504 2419 prae
1539 2323 1603 2396 illis
1631 2324 1783 2397 omnibns
1924 2365 1927 2370 ·

421 2439 566 2527 illustria,
592 2440 808 2536 gloriosaque
839 2452 908 2528 cst,
939 2451 974 2513 et
999 2463 1018 2511 a
1052 2440 1150 2512 nobis
1185 2438 1372 2512 celebratur
1404 2449 1439 2512 et
1471 2441 1640 2513 excelsior
1674 2461 1782 2536 snpes

422 2559 557 2651 riorque
582 2555 733 2630 omnibus
759 2557 926 2629 ordinibus
954 2555 1167 2644 coelestibus,
1194 2555 1235 2627 ab
1263 2559 1352 2627 omni
1383 2553 1538 2630 Ecclesia
1570 2566 1625 2629 tua
1652 2557 1782 2632 coelum

423 2672 601 2746 secundnm
627 2682 781 2762 vocatur,
815 2673 964 2766 Virginis
991 2671 1167 2745 Genitricis
1193 2673 1257 2745 Dei
1283 2673 1427 2762 Mariae,
1461 2697 1535 2747 cum
1570 2679 1658 2748 omni
1684 2685 1783 2748 coetu

423 2798 622 2862 sanctorum.
1616 2809 1619 2820 ·

523 2903 673 2978 Menona
696 2927 821 2977 nocem.
873 2905 1069 2978 Memoriam
1096 2908 1194 2976 etiam
1227 2907 1356 2998 agimus
1389 2905 1532 2980 Domine
1564 2905 1693 2980 illorum
1727 2895 1784 3002 qui

423 3021 605 3094 asaeculo
631 3020 689 3094 tibi
715 3021 927 3118 placuemnt,
961 3032 996 3094 ut
1028 3043 1091 3116 per
1125 3022 1293 3093 orationes
1326 3030 1360 3092 et
1385 3020 1638 3117 deprecationes
1666 3047 1781 3097 eorum

420 3139 580 3234 propitius
607 3141 653 3210 sis
679 3143 827 3233 peccatis
853 3141 975 3211 nostris
1001 3137 1197 3211 voluntariis
1224 3148 1280 3208 aut
1305 3136 1543 3211 involuntariis.
1584 3140 1639 3214 Ab
1667 3145 1782 3213 omni-

420 3252 484 3328 bus
519 3252 723 3327 offendiculis
754 3262 788 3326 et
819 3252 1005 3327 incursibus
1032 3252 1205 3326 diabolicis
1232 3251 1327 3325 salva
1353 3275 1433 3342 nos,
1460 3265 1494 3326 et
1520 3266 1554 3327 nt
1590 3259 1701 3350 quiete
1725 3256 1782 3328 illa

421 3369 618 3442 indeficienti
644 3369 847 3462 gaudeamus
873 3369 992 3462 dignos
1018 3367 1112 3441 effice
1137 3390 1216 3441 nos:
1243 3378 1277 3441 nt
1303 3371 1336 3440 in
1371 3369 1520 3442 coetibus
1552 3391 1666 3442 eorum
1702 3369 1782 3443 lan-

422 3484 586 3560 dationem
611 3483 841 3559 incessabilem
867 3505 1024 3557 canamus
1051 3482 1110 3556 tibi
1142 3484 1243 3555 Pater
1268 3495 1422 3572 aeterne,
1450 3495 1484 3556 et
1506 3485 1589 3559 Filio
1617 3495 1674 3561 tuo
1701 3490 1781 3560 uni-

421 3604 546 3696 genito,
573 3611 606 3672 et
631 3601 743 3690 beato,
771 3611 805 3673 et
829 3600 965 3697 Spiritui
990 3611 1046 3672 tuo
1072 3599 1253 3672 vivificanti
1279 3609 1313 3673 et
1339 3599 1396 3673 tibi
1423 3599 1703 3678 consubstantiali.

524 3717 685 3811 Populos.
736 3718 857 3791 Αιιιθιι.

523 3833 697 3904 Sacerdos
721 3833 912 3905 inclinatur.
939 3831 1106 3905 Memento
1133 3832 1276 3904 Domine
1301 3833 1476 3907 Pastorum
1502 3833 1682 3908 electomm
1698 3857 1781 3932 my·-

422 3961 611 4046 atarumque
636 3952 797 4039 veritatis,
823 3971 938 4022 eorum
966 3951 1079 4045 quiin
1106 3951 1341 4040 generatione,
1368 3961 1402 4022 et
1427 3954 1645 4042 generatione
1660 3957 1780 4022 -stete-

421 4076 497 4138 mnt
521 4069 554 4138 in
579 4065 730 4138 Ecclesia
756 4073 812 4136 tua
839 4075 966 4154 sancta,
993 4073 1027 4136 et
1058 4084 1185 4156 greges
1216 4072 1289 4137 tuos
1324 4064 1549 4139 sacerdotales
1584 4068 1618 4136 in
1651 4063 1780 4136 Ortho-

422 4181 523 4254 doxie
555 4191 737 4276 pavemnt,
771 4190 869 4276 atque
901 4189 1076 4268 rexerunt,
1117 4189 1151 4250 et
1182 4179 1224 4252 ad
1264 4203 1367 4275 aquas
1409 4185 1526 4276 quietis
1560 4180 1780 4273 deduxemnt,

421 4309 519 4395 atque
544 4297 620 4370 illos
646 4299 700 4396 qui
726 4299 759 4369 in
787 4318 903 4370 errore
929 4295 1164 4385 versabantur,
1191 4295 1346 4370 doctrinis
1374 4297 1493 4370 divinis
1519 4296 1779 4386 illustravemmt,

420 4416 463 4487 ad
487 4424 521 4488 te
547 4413 750 4502 direxerunt,
777 4422 812 4487 et
838 4413 1062 4503 adduxemmt,
1094 4423 1128 4485 ct
1157 4411 1254 4485 fidem
1288 4423 1413 4486 rectam
1448 4423 1584 4487 sanctae
1610 4413 1779 4486 Trinitatis

419 4530 540 4627 populo
567 4541 625 4602 tuo
651 4533 791 4624 egregie
817 4530 1100 4627 explanaverunt:
1127 4536 1162 4600 et
1187 4529 1476 4619 confirmavemnt,
1501 4552 1684 4626 omnesque
1711 4530 1779 4601 do-

419 4648 540 4719 ctrinas
569 4668 677 4720 vanas
710 4645 897 4720 haereseon
935 4649 1196 4742 perniciosamm
1232 4644 1425 4742 depulerunt
1457 4657 1491 4719 et
1530 4646 1778 4743 dispunxerunt.

418 4762 602 4858 Praecipue
627 4785 712 4838 vero
739 4765 868 4857 Ignatii,
894 4764 1060 4859 Dionysii,
1087 4762 1271 4853 Athanasii,
1296 4762 1383 4851 Julii,
1409 4761 1566 4837 Dioscori
1593 4773 1626 4834 et
1645 4760 1779 4851 Severi,

420 4901 493 4950 cum
518 4877 582 4954 illis
609 4879 772 4971 omnibus,
799 4883 853 4976 qui
879 4883 1144 4978 persecutionem
1169 4881 1262 4974 pessi
1282 4886 1357 4953 sunt
1382 4890 1520 4976 propter
1544 4900 1666 4952 nomen
1693 4899 1778 4950 san-

420 5005 505 5067 ctum
531 5006 631 5069 tuum.

521 5113 646 5184 Etmot
670 5117 913 5185 nocem'cucm.
966 5111 1150 5209 Mystarum
1178 5115 1365 5204 veracium,
1390 5111 1577 5290 Doctonpnp
1599 5120 1777 5202 rectorum,

469 5237 555 5281 lomus
567 5238 591 5281 ll.
