4730 6038
602 700 642 776 ut
667 699 874 777 alamann
899 699 1095 776 utuntur
1118 697 1310 774 tassonis.
1577 693 1653 770 353

638 991 672 1060 d.
707 989 839 1059 Pacem
861 992 1099 1081 [emelotam
1125 991 1271 1080 occepit.

376 1201 469 1279 Num
492 1207 588 1274 simile
610 1209 640 1270 in
663 1207 816 1289 plerisque
840 1207 904 1270 aliis
926 1207 1083 1291 Liturgiis:
1114 1209 1144 1271 in
1172 1227 1208 1270 ea
1236 1225 1313 1288 quae
1336 1206 1444 1269 dicitur
1465 1206 1571 1288 Ignatii
1592 1208 1654 1270 Pa-

286 1315 434 1381 triarohae
456 1311 637 1376 Antiocheni
659 1309 781 1393 tegitur,
803 1310 929 1390 Accepit
945 1329 1057 1390 panea
1075 1309 1251 1390 perfectam,
1274 1310 1355 1390 quod
1378 1308 1456 1373 idem
1478 1317 1534 1372 est.
1578 1309 1654 1372 Nam

287 1415 471 1480 Graecorum
494 1412 544 1493 qui
566 1411 759 1492 impotentius
782 1408 928 1473 adversus
953 1411 1075 1472 Latinos
1099 1408 1325 1490 inhzymorum
1348 1409 1525 1490 quaestione
1548 1409 1654 1472 deela-

190 1501 193 1510 ’
285 1521 443 1578 moverunt
466 1511 597 1592 palmare
620 1507 693 1571 illud
714 1515 920 1590 argumentum
942 1507 1008 1586 luit,
1030 1526 1136 1590 panem
1160 1525 1221 1569 non
1244 1526 1324 1587 esse,
1347 1508 1373 1570 si
1396 1506 1573 1570 termentum
1596 1507 1654 1570 de-

285 1615 401 1691 ficeret,
424 1629 484 1692 quo
507 1612 536 1672 in
559 1608 737 1689 explicando
760 1609 975 1690 operosissime
986 1610 1090 1692 nugati
1104 1615 1183 1672 sunt.
1213 1605 1322 1670 lisdem
1345 1625 1464 1689 quoque
1486 1606 1652 1670 rationibus

286 1720 401 1796 pugnat
431 1711 563 1773 loannes
594 1708 763 1771 Patriarcha
791 1707 991 1771 Jacobitarum
1021 1707 1242 1787 Antiochenus,
1271 1707 1301 1769 in
1327 1706 1477 1789 Apologia
1509 1706 1653 1788 Syrorum

286 1831 426 1890 suorum,
456 1818 488 1872 et
508 1817 541 1872 ut
564 1809 612 1870 alii
635 1807 672 1869 ad
695 1807 873 1871 fermentum
896 1809 987 1870 variis
1009 1828 1049 1870 ex
1072 1807 1227 1888 Scriptura
1249 1824 1337 1868 sacra
1359 1803 1566 1868 autoritatibus
1588 1813 1654 1868 sta-

287 1911 450 1975 biliendum
473 1913 612 1984 utuntur,
635 1909 674 1970 ita
697 1906 748 1970 ille
770 1905 835 1970 aliis
857 1907 929 1970 nihil
951 1906 989 1970 ad
1012 1925 1075 1969 rem
1099 1907 1275 1969 iacientibus
1298 1905 1445 1984 abutitur,
1468 1905 1506 1967 ad
1528 1904 1599 1967 salis
1622 1911 1654 1966 et

288 2011 348 2074 olei
372 2009 579 2072 admistionem
601 2006 796 2090 probandam.
818 2007 859 2068 nt
882 2004 1099 2088 disputationes
1123 2005 1161 2068 de
1173 2005 1290 2086 haymo
1313 2013 1343 2068 et
1356 2005 1550 2068 Fermentato
1574 2020 1652 2084 quae

286 2110 408 2173 Latinos
438 2109 516 2170 inter
538 2115 568 2169 et
594 2105 727 2170 Graecos
750 2125 844 2186 usque
867 2105 905 2168 ad
927 2105 1110 2168 anathemata
1134 2113 1314 2169 exarserunt
1337 2122 1414 2166 anno
1437 2104 1466 2166 l.
1490 2104 1524 2171 C.
1547 2101 1651 2167 blLlll.

289 2215 425 2290 tempore
451 2205 638 2280 Constantini
659 2205 864 2281 hlonomachi,
887 2213 918 2268 et
940 2205 1095 2268 Michaelis
1119 2203 1266 2270 Cerularii
1288 2205 1477 2267 Patriarchae
1501 2203 1653 2266 Constan-

286 2305 491 2387 tinopolitani,
522 2311 583 2368 tum
605 2306 730 2386 primurn
755 2302 957 2367 Orientalibus
985 2306 1194 2383 innotuerunt,
1224 2322 1291 2366 cum
1314 2303 1484 2365 Tractatum
1507 2301 1653 2366 adversas

286 2405 410 2468 Latinos
440 2403 478 2467 do
503 2405 608 2466 eodem
632 2409 809 2486 argumento
832 2403 924 2465 edidit
944 2403 1078 2467 Joannes
1102 2404 1282 2486 cognomine
1304 2401 1496 2466 Ebu-Bollan
1517 2400 1653 2465 Medicus

288 2503 511 2587 Ragdadensis,
540 2522 628 2584 quern
656 2504 823 2585 reperimus
852 2503 881 2564 in
910 2503 1025 2566 Codice
1052 2503 1115 2566 MS.
1137 2501 1339 2566 Bibliothecae
1361 2503 1536 2568 vaticanae.
1581 2503 1655 2566 Erat

285 2602 476 2668 Ebn-Botlan
489 2602 684 2678 Christianus,
706 2610 737 2664 et
758 2601 960 2665 verisimiliter
971 2602 1110 2666 hlelchita
1133 2603 1198 2665 sive
1220 2601 1424 2680 Orthodoxus‚
1447 2602 1557 2666 namin
1570 2601 1654 2664 titulo

285 2703 461 2766 interluisse
491 2703 682 2783 disputationi
709 2701 833 2780 dicitur,
864 2711 894 2764 et
922 2703 1083 2783 scripsisse
1106 2719 1164 2783 pro
1186 2701 1333 2766 Michadle
1356 2702 1544 2781 Patriarcha‚
1573 2701 1654 2783 quod

287 2802 442 2867 Jacobitae
466 2822 523 2865 nec
544 2802 692 2878 libuisset,
715 2818 772 2864 nec
796 2802 938 2864 licuisset.
984 2801 1029 2863 De
1053 2820 1090 2865 eo
1113 2802 1218 2864 scribit
1241 2801 1407 2884 Gregorius
1426 2799 1653 2885 Albularagius,
1684 2811 1857 2880 ttacttyaan
1873 2832 1899 2884 p.
1913 2815 1975 2870 233.

288 2904 344 2968 sod
368 2910 480 2966 tantum
502 2909 535 2964 ut
557 2902 594 2965 de
617 2901 735 2964 hledico
766 2900 913 2983 loquitur,
941 2919 1002 2964 nou
1029 2910 1061 2964 ut
1089 2902 1127 2964 de
1151 2900 1317 2985 Theologo.
1361 2900 1461 2962 Antea
1484 2901 1592 2963 nullius
1616 2901 1653 2963 de
1667 2907 1690 2949 ι’
1707 2915 1756 2967 ⁸⁰4·

287 2987 535 3086 hocargumento
560 3002 661 3084 operis
685 3000 944 3082 apudOrientales
969 3002 1110 3064 memoria
1134 3008 1192 3078 est,
1215 3001 1325 3080 vixque
1346 2998 1426 3062 ullae
1441 3001 1518 3063 inter
1531 3001 1653 3063 Latinos

288 3111 318 3165 et
342 3102 512 3166 Orientales
543 3101 770 3163 controversiae
800 3099 838 3162 de
864 3101 1040 3185 Religione,
1068 3101 1181 3182 scripto
1209 3099 1261 3162 vel
1283 3115 1374 3173 voce,
1403 3099 1653 3163 intercesserunt:

288 3201 367 3264 unde
391 3202 461 3282 quid
484 3201 672 3264 recentiores
694 3198 761 3262 illos
784 3201 912 3263 moverit
935 3207 966 3262 ut
989 3219 1025 3262 ea
1047 3202 1164 3263 ratione
1187 3199 1280 3262 verba
1300 3197 1409 3260 Christi
1425 3199 1652 3280 interpolarent,

286 3318 379 3376 ,causa
402 3301 534 3383 legitima
556 3299 637 3363 nulla
657 3298 722 3363 luit.

688 3598 723 3668 5.
749 3595 848 3667 Haec
875 3599 926 3666 eat
952 3616 1036 3665 caro
1062 3615 1156 3681 meo,
1185 3600 1248 3664 etc.

387 3779 550 3865 Aunnoron
573 3817 648 3862 sane
671 3817 770 3880 neque
792 3798 962 3861 excusanda
985 3797 1176 3878 interpolatio
1206 3799 1237 3859 in
1263 3798 1365 3861 verbis
1388 3775 1466 3879 quae
1489 3798 1526 3860 ad
1549 3799 1650 3862 calicis

288 3905 547 3966 consecrationem
569 3911 707 3983 spectant
714 3923 723 3978 3
752 3921 838 3983 quam
866 3908 899 3964 ut
925 3918 1036 3982 paucas
1059 3901 1132 3964 alias
1154 3901 1266 3964 similes
1290 3903 1326 3964 ad
1349 3901 1549 3965 Librariorum
1572 3902 1651 3965 indi-

289 4003 440 4085 ligentiam
464 4010 515 4065 aut
537 4003 722 4066 oscitantiam
751 4001 867 4064 reterre
888 4003 940 4064 aix
962 4019 1132 4084 possumus.
1177 4000 1303 4064 'lemare
1325 4019 1400 4065 vero
1423 4020 1549 4082 prorsus
1572 4004 1653 4065 Mat-

288 4101 395 4164 thaeus
418 4101 467 4164 ille
491 4102 605 4178 Pastor,
628 4109 734 4163 contra
755 4102 885 4164 omnium
906 4100 1029 4163 aliorum
1053 4101 1222 4182 exemplum
1244 4099 1368 4164 sormam
1391 4100 1469 4164 illam
1491 4103 1652 4166 mutilavit:

289 4201 359 4265 dum
382 4199 455 4262 alias
478 4218 587 4274 voces,
616 4218 719 4262 earum
741 4200 818 4262 loco'
833 4217 907 4281 quas
930 4217 1002 4262 usus
1024 4201 1181 4264 Ecclesiae
1205 4209 1268 4264 toto
1291 4201 1367 4264 orbe
1389 4200 1514 4266 diffusae
1537 4220 1651 4266 conse·-

289 4301 394 4375 cravit,
417 4299 599 4362 substituere
623 4317 714 4362 ausus
737 4306 793 4363 est.
829 4299 915 4372 Quod
940 4317 1015 4361 vero
1038 4307 1070 4362 ut
1091 4299 1237 4362 ltinerarii
1259 4301 1368 4364 hlontis
1381 4301 1486 4363 Libani
1498 4303 1651 4382 interpres

289 4418 329 4461 ex
343 4399 459 4461 duabus
474 4399 548 4478 aliis,
573 4417 695 4480 quarum
716 4398 782 4460 sola
805 4405 949 4478 excerpta
972 4397 1098 4476 viderat,
1121 4398 1230 4461 lactum
1252 4398 1282 4462 id
1305 4400 1467 4463 arbitratus
1490 4409 1547 4479 est,
1571 4403 1651 4482 quod

289 4505 380 4560 totam
403 4497 600 4561 consecrandi
613 4499 674 4560 aim
687 4497 870 4562 lnaocationi
893 4498 1019 4579 Spiritus
1042 4500 1137 4561 sancti
1159 4498 1337 4575 tribuerent,
1360 4500 1499 4579 speciosa
1522 4501 1650 4581 quidem,

289 4597 344 4660 sed
367 4615 471 4679 parum
493 4598 575 4660 firma
600 4599 773 4680 conjectura
794 4596 858 4673 luit,
881 4605 913 4659 ut
935 4597 1006 4660 alibi
1028 4597 1229 4679 probavimus.
1270 4599 1349 4661 Fieri
1365 4606 1464 4662 tamen
1486 4609 1596 4681 potest,
1620 4610 1652 4664 ut

288 4695 367 4756 inter
390 4715 427 4759 ea
449 4697 559 4773 verba,
581 4699 720 4779 deddpte
740 4699 882 4780 atpateric
904 4715 959 4758 auo
980 4699 1122 4775 initiatis,
1144 4716 1200 4760 seu
1222 4697 1259 4760 ad
1280 4698 1405 4761 verbum
1425 4701 1497 4778 filiis
1519 4704 1655 4783 mysterii

290 4796 341 4856 aui
361 4796 497 4875 primitus
520 4798 673 4860 extiterint
696 4797 752 4860 alia
780 4797 961 4860 necessaria.
1005 4797 1063 4860 llic
1084 4804 1130 4859 eat
1154 4798 1238 4859 emto
1254 4800 1415 4878 ,sanguiris
1436 4801 1510 4876 mei,
1533 4807 1588 4862 etc.
1619 4807 1651 4862 ut

287 4895 410 4957 ,omnino
432 4895 594 4959 verisimile
616 4904 662 4960 est
684 4896 831 4960 accidisse
853 4897 933 4958 circa
954 4894 1118 4979 Liturgiam
1139 4896 1276 4977 Dionysii
1301 4897 1458 4960 Barsalibi:
1489 4917 1556 4961 oum
1584 4900 1652 4980 ipse

290 4993 386 5055 verba
410 4994 518 5058 Christi
540 4997 713 5059 necessario
735 4997 929 5076 pronunciari
951 5014 968 5057 a
991 4993 1172 5073 Sacerdote,
1201 5004 1328 5060 testetur
1354 4999 1385 5060 in
1407 5015 1462 5061 suo
1484 4998 1523 5060 ad
1543 4996 1651 5064 iacobi

289 5088 455 5175 Liturgiam
478 5097 698 5158 commentario.
744 5096 827 5158 ilaue
848 5113 942 5178 porro
964 5094 1165 5158 difficultatem
1186 5096 1343 5161 resolvere
1366 5118 1406 5161 ex
1428 5101 1651 5180 comparatione

293 5194 508 5274 exemplarium
528 5213 589 5259 non
612 5203 658 5260 est
679 5194 782 5276 tacite,
806 5206 838 5261 et
859 5196 941 5277 quod
962 5196 1114 5258 rarissima
1135 5203 1219 5276 sunt,
1246 5205 1276 5260 et
1298 5198 1378 5280 quod
1400 5206 1481 5264 tanta
1503 5209 1550 5264 est
1570 5202 1650 5264 sori-
