4784 6040
709 599 930 677 ottoottlt
961 599 1203 680 ontflottot
1236 601 1463 700 Otttttttts,
1501 619 1552 680 uc.
1708 606 1785 680 467

514 786 700 858 Sacerdos.
753 787 838 857 Pax.

513 900 675 995 Populus.
727 901 873 974 Etcum
901 905 1017 998 spiritu
1044 913 1110 975 tuo.
1210 969 1215 976 .

513 1019 701 1088 Diaconos.
755 1019 848 1107 Post,
876 1028 938 1090 etc.

511 1133 673 1226 Populus.
728 1133 852 1206 Coram
881 1145 913 1205 te
939 1136 1092 1207 Domine.

511 1248 696 1322 Sacerdos.
750 1249 846 1322 Nunc
879 1251 1022 1322 Domine
1055 1250 1319 1346 quandoquidem
1347 1256 1574 1346 pergratiam
1610 1263 1698 1325 tuam
1725 1259 1784 1324 in-

409 1364 753 1461 comprehensibilem,
781 1369 975 1462 praestitisti
1002 1366 1099 1439 nobis
1126 1377 1160 1439 ut
1187 1367 1598 1441 communicaremusbuic
1619 1372 1782 1465 mysterio

407 1481 543 1569 divino,
571 1491 604 1553 et
631 1480 761 1554 divinos
795 1481 949 1571 faciente,
977 1497 1078 1577 utque
1112 1481 1209 1557 nobis
1243 1487 1388 1555 uniretur
1423 1506 1546 1579 corpus
1579 1483 1659 1572 boc,
1693 1484 1783 1579 quod

407 1606 460 1670 est
486 1618 608 1691 corpus
635 1607 724 1670 tunm
752 1607 914 1686 sanctam,
942 1607 976 1668 et
1003 1603 1138 1690 sanguis
1177 1599 1240 1687 bic,
1268 1602 1322 1692 qui
1349 1609 1401 1670 est
1428 1603 1565 1691 sanguis
1592 1609 1666 1671 tuus
1693 1624 1781 1696 pro-

406 1716 605 1807 pitiatorius,
632 1737 675 1785 ae
702 1715 906 1787 condemnes
932 1737 995 1787 nos
1023 1717 1056 1785 in
1084 1715 1137 1787 die
1164 1715 1381 1788 revelationis
1409 1725 1504 1802 tuae,
1538 1737 1666 1810 sponse
1694 1739 1781 1789 coe-

407 1826 500 1901 lestis
529 1827 678 1918 Christc3
705 1853 814 1926 neque
840 1829 945 1902 facias
971 1853 1034 1904 nos
1062 1831 1191 1904 alienos
1211 1855 1231 1902 a
1253 1831 1351 1926 plena
1376 1830 1593 1926 perfectaque
1608 1831 1781 1928 voluptate

407 1948 556 2016 convivii
584 1949 630 2018 tui
657 1945 853 2040 spiritualis:
887 1968 995 2040 neque
1023 1946 1065 2019 ab
1094 1945 1150 2019 illo
1178 1945 1266 2018 bono
1293 1945 1468 2042 spirituali:
1503 1955 1537 2018 tu
1569 1951 1625 2041 qui
1659 1945 1781 2016 arrha-

406 2057 527 2133 bonem
555 2065 645 2132 vitae
673 2060 790 2132 dedisti
806 2060 916 2148 nobis,
944 2084 1067 2157 corpus
1083 2068 1346 2156 sanguinemque
1362 2071 1452 2133 tuum
1468 2072 1628 2133 sanctum.
1654 2061 1781 2133 Verum

405 2180 636 2270 pergratiam
665 2186 764 2262 tuam,
790 2199 893 2273 parce
921 2176 1017 2249 nobis
1049 2177 1209 2266 Domine,
1243 2200 1353 2272 neque
1381 2176 1526 2272 repelles
1553 2199 1616 2249 nos
1645 2175 1686 2247 ab
1715 2199 1780 2248 ac-

407 2289 518 2362 cubitu
546 2300 612 2378 tuo,
642 2296 792 2384 quamvis
819 2292 921 2363 induti
947 2291 1098 2364 vestibus
1135 2291 1277 2366 sordidis
1305 2297 1379 2365 ausi
1406 2315 1518 2364 sumus
1546 2292 1710 2364 accedere
1738 2289 1780 2360 ad

408 2415 523 2477 sancta
549 2417 614 2478 tua.
657 2405 708 2477 'lu
736 2409 821 2478 enirn
849 2412 922 2502 ipse
950 2429 989 2479 es
1016 2408 1159 2480 Domine
1186 2411 1241 2502 qui
1268 2430 1329 2504 pro
1356 2406 1591 2504 peccatoribus
1618 2412 1780 2478 incarna-

407 2530 459 2594 tus
487 2542 535 2608 es,
564 2532 698 2593 etcum
725 2522 909 2617 publicanis
937 2533 1170 2612 conversatus,
1198 2527 1333 2596 veniam
1359 2522 1423 2595 illis
1450 2526 1658 2596 concessisti.
1706 2521 1779 2593 Nos

407 2659 538 2732 quoque
554 2637 698 2709 Domine
725 2637 770 2708 illi
798 2660 923 2728 sarnus,
950 2641 1004 2734 qui
1032 2650 1065 2711 te
1091 2640 1240 2712 confessi
1266 2638 1398 2727 fuimus,
1425 2659 1534 2733 aeque
1551 2660 1672 2710 nomen
1689 2648 1780 2708 tuum

407 2751 665 2846 abnegavimus:
692 2752 751 2825 sed
780 2757 855 2848 quia
883 2755 1041 2851 operibus
1062 2758 1186 2828 nostris
1207 2755 1370 2850 deturpati
1398 2776 1522 2842 sumus,
1550 2776 1652 2848 parce
1679 2750 1776 2824 nobis

406 2869 562 2951 oboae,
598 2874 739 2961 ignosce
771 2870 917 2943 aobiso
952 2873 1159 2944 misericors:
1191 2893 1235 2942 ne
1266 2875 1300 2942 in
1334 2867 1519 2961 gebennam
1555 2867 1669 2941 tradas
1702 2889 1778 2955 nos,

405 3007 480 3057 cum
507 3007 629 3081 corpus
657 2994 746 3057 tuum
774 2997 808 3058 et
834 2989 970 3078 sanguis
998 2998 1084 3073 tuus,
1112 2988 1145 3056 in
1160 2985 1318 3057 membris
1346 2987 1481 3073 nostris,
1508 2987 1541 3054 ia
1569 2981 1779 3078 corporibus,

405 3111 440 3172 et
466 3100 638 3172 animabus
665 3105 790 3174 nostris
818 3101 1013 3174 abscondito
1049 3103 1128 3172 sint:
1162 3100 1225 3173 sed
1252 3099 1437 3195 depellatur
1463 3101 1550 3191 ignis
1578 3098 1683 3170 odore
1711 3097 1780 3169 ali-

402 3219 534 3287 moniae
560 3214 646 3287 illius
673 3213 827 3289 deificae:
856 3215 1055 3289 obtundatur
1068 3218 1159 3288 acies
1177 3214 1279 3307 gladii
1301 3215 1479 3298 versabilis,
1508 3213 1661 3304 abgaro
1688 3215 1779 3283 iraa-

403 3335 491 3425 giais
518 3341 595 3402 tuae
623 3341 772 3418 sanctae,
800 3336 876 3426 quia
904 3331 962 3404 tibi
997 3330 1139 3424 gloriam
1166 3328 1354 3420 referimus,
1382 3352 1403 3402 o
1430 3333 1540 3424 pictor
1566 3330 1779 3423 peritissime,

403 3458 436 3519 et
468 3447 559 3519 Patri
592 3456 649 3518 tuo
685 3447 794 3542 opifici
836 3445 1037 3537 admirabili,
1075 3456 1109 3518 et
1140 3445 1277 3542 Spiritui
1313 3455 1430 3518 sancto
1464 3443 1660 3540 plasmatori
1686 3464 1773 3538 per-

403 3562 506 3652 fecto,
533 3571 597 3633 etc.

507 3677 668 3770 Populus
721 3680 841 3751 Amen.

508 3795 696 3866 Diaconos¹
749 3793 896 3866 Benedie
923 3794 1076 3866 Domine.

506 3907 691 3981 Sacerdos.
743 3911 836 3981 Deus
862 3908 1005 3980 benedic
1032 3907 1182 3981 omnibus
1210 3908 1321 3981 nobis.

826 4214 1361 4258 ...ψ-..-

464 4548 909 4646 rrarruaornn
952 4477 1253 4642 danaorum
1285 4539 1717 4636 lanariorum

974 4739 1203 4823 noran.

491 4979 520 5044 1.
566 4969 679 5048 Aaron
701 4981 789 5058 nujus
812 4979 976 5062 Liturgiae,
999 4982 1025 5043 is
1048 4981 1114 5062 ipse
1138 4982 1189 5061 qui
1212 4999 1252 5043 ex
1270 4977 1626 5059 HistorioDynastiarum
1643 4973 1775 5037 brabicc
1863 5053 1873 5078 Ι

403 5091 434 5146 et
462 5082 566 5147 Latmo
596 5084 633 5146 ab
661 5081 802 5145 Eduardo
833 5083 987 5146 Pocockio
1017 5083 1128 5146 Oxonii
1158 5081 1250 5148 1666.
1280 5081 1376 5160 edita,
1409 5082 1581 5144 notissimus
1612 5085 1668 5142 est.
1715 5075 1776 5140 Sed

430 5207 554 5251 romanti-
1523 5183 1572 5255 62
