4712 6032
663 662 740 737 244
1165 657 1522 734 LlT'llllGlA

663 853 794 943 agmina
820 847 1108 939 Archangelorum
1134 856 1168 916 te
1195 844 1342 918 adorant
1396 843 1511 918 Gloria
1544 846 1587 918 sit
1612 841 1686 928 tibi,
1721 844 1777 937 qui
1812 842 2029 935 magnificasti

661 987 769 1059 genus
796 975 944 1037 nostrum
971 964 1144 1050 infirmum,
1180 971 1214 1032 et
1239 959 1416 1054 adjunxisti
1442 959 1593 1033 coetibus
1627 957 1850 1054 spiritualibus
1884 958 2029 1032 laudan-

663 1085 743 1154 tium
776 1091 842 1152 te·
872 1080 924 1150 Tu
956 1081 1099 1153 Domine
1130 1100 1192 1174 per
1223 1079 1455 1149 miserationes
1485 1088 1559 1150 tuas
1586 1074 1728 1163 multas,
1763 1076 1879 1148 misisti
1912 1073 2029 1146 Filium

663 1209 754 1271 urum
781 1198 933 1269 dilectum
960 1196 1002 1268 ad
1029 1196 1170 1266 salutem
1195 1201 1361 1281 nostram,
1388 1202 1547 1288 ortusque
1575 1201 1627 1263 est
1661 1214 1708 1262 ex
1733 1191 1874 1284 Virgine
1901 1203 2030 1280 sancta,

664 1325 819 1409 tanquam
845 1317 935 1384 nictu
962 1312 1049 1384 oculi
1075 1313 1259 1405 purissimi,
1295 1312 1507 1404 suscepitque
1543 1307 1785 1381 similitudinem
1816 1311 1928 1396 servi,
1955 1331 2030 1380 cunr

666 1441 756 1504 esset
781 1452 866 1502 vere
891 1429 975 1500 lilius
1003 1430 1184 1519 majestatis
1212 1435 1309 1497 tuae.¹
1337 1423 1460 1498 Factus
1487 1435 1541 1496 est
1560 1421 1677 1520 bomo,
1704 1427 1787 1496 sicut
1813 1428 1886 1519 ipse
1912 1423 2029 1509 voluit,

545 1585 550 1598 =
664 1559 700 1619 ut
725 1569 787 1619 nos
814 1546 908 1618 Deos
934 1544 1071 1630 laceret,
1107 1541 1381 1638 quemadmodum
1406 1541 1452 1612 illi
1478 1539 1633 1636 placitum
1661 1550 1721 1612 est.
1773 1539 1879 1612 Natus
1906 1551 2030 1612 estex

664 1674 759 1734 utero
794 1684 937 1748 carneo,
972 1672 1008 1732 ut
1042 1668 1261 1752 regeneraret
1295 1678 1357 1728 nos
1392 1680 1436 1728 ex
1469 1667 1564 1728 utero
1598 1656 1768 1752 spirituali.
1823 1657 1943 1728 Factus
1978 1667 2030 1729 est

665 1779 762 1852 nobis
790 1777 894 1848 trater
920 1799 981 1872 per
1007 1780 1148 1868 gratim
1176 1797 1281 1864 suam,
1308 1783 1343 1844 ut
1366 1771 1495 1846 ,laceret
1521 1795 1584 1844 nos
1611 1771 1696 1844 filios
1723 1771 1794 1862 tibi,
1820 1783 1917 1868 pater
1943 1792 2029 1842 coe-

665 1893 768 1965 lestis.
822 1893 948 1965 Extulit
980 1915 1042 1966 nos
1076 1890 1117 1963 ab
1152 1888 1263 1962 humili
1297 1911 1472 1962 servorum
1504 1888 1709 1976 conditione,
1746 1888 1900 1984 deditque
1934 1885 2029 1959 nobis

666 2010 827 2082 honorem
841 2008 1030 2080 haeredum.
1058 2005 1204 2082 Abstulit
1230 2004 1363 2077 anobis
1383 2009 1577 2077 servitutem
1609 2008 1909 2094 mercenariorum,
1943 2026 2030 2076 oon-

666 2129 833 2222 stituitque
854 2148 916 2199 nos
944 2129 977 2196 in
1003 2124 1109 2218 gradu
1123 2123 1274 2208 liliorum,
1302 2132 1336 2192 et
1362 2121 1452 2193 dedit
1476 2120 1573 2195 nobis
1600 2125 1720 2217 pignus
1738 2121 1938 2218 adoptionis,
1965 2143 2029 2214 quo

666 2250 701 2311 te
727 2242 827 2313 Pater
851 2263 1051 2313 vocaremus
1079 2251 1207 2336 patrem
1233 2246 1381 2309 nostrum
1407 2237 1619 2310 confidenter.

770 2358 918 2428 Eteonos
951 2378 1075 2430 nocent.
1129 2355 1203 2426 Non
1230 2355 1338 2427 bovas
1371 2358 1543 2446 saginatos
1570 2352 1756 2441 oderimus,
1782 2375 1891 2448 neque
1917 2374 2030 2445 agno-

667 2496 750 2561 rum,
778 2471 978 2561 baedorum,
1006 2481 1061 2544 aut
1086 2469 1263 2542 vitulorum
1291 2470 1333 2542 ad
1359 2493 1484 2542 cornua
1512 2470 1625 2542 altaris
1654 2473 1846 2561 sanguinem
1873 2472 2059 2564 aspergi-'

667 2611 761 2677 mus,
804 2600 860 2660 aut
892 2611 1055 2676 coronaS,
1091 2587 1220 2660 balteos
1262 2599 1317 2659 aut
1353 2586 1473 2682 prod
1506 2589 1762 2682 praecingimus.
1814 2585 1914 2656 Venit
1947 2589 2031 2656 enim
2086 2633 2092 2652 .

669 2728 791 2800 corpus
825 2727 886 2800 pro
919 2703 1138 2793 similitudine,
1165 2702 1292 2776 scilicet
1326 2706 1512 2794 unigenitus
1545 2702 1648 2774 Filius
1674 2711 1768 2789 tuus,
1803 2705 1857 2796 qui
1887 2721 2032 2796 persona

669 2825 804 2916 propria
833 2825 995 2916 praestitit
1022 2819 1264 2892 mundationem
1290 2830 1500 2915 peccatorum
1527 2830 1729 2906 nostrorum,
1756 2839 1817 2913 per
1839 2821 2032 2908 sanguinem

668 2960 764 3011 suum
790 2939 971 3032 pretiosum
1010 2939 1064 3030 qui
1091 2935 1213 3008 ellusus
1241 2945 1292 3007 est
1318 2959 1380 3031 pro
1408 2936 1514 3008 nobis.
1547 2936 1604 3019 ,ln
1636 2945 1735 3006 nocte
1767 2937 1795 3005 si
1823 2933 1952 3029 quidem
1979 2931 2032 3003 illa

669 3077 734 3148 qua
762 3052 899 3124 traditus
926 3050 986 3122 brit
1012 3050 1054 3122 ad
1080 3061 1233 3140 mortem,
1259 3073 1320 3145 pro
1348 3053 1417 3122 vita
1445 3061 1478 3122 et
1498 3049 1604 3124 salute
1621 3049 1744 3138 mundi,
1772 3053 1900 3143 accepit
1914 3070 2033 3144 panem

668 3172 702 3240 in
728 3191 843 3240 manus
871 3189 949 3241 suas
976 3177 1126 3254 sanetas,
1154 3170 1288 3263 aspexit
1314 3165 1356 3239 ad
1381 3175 1432 3253 te,
1458 3167 1550 3238 Dens
1576 3165 1695 3252 Pater,
1732 3175 1765 3236 ει
1798 3169 1924 3257 gratias
1952 3167 2032 3256 egit,

668 3293 689 3368 †
715 3285 898 3374 benedixit,
925 3291 945 3366 †
972 3283 1201 3371 sanctificavit,
1228 3291 1249 3366 †
1276 3293 1309 3354 et
1334 3283 1446 3374 lregit,
1473 3283 1627 3376 deditque
1655 3280 1822 3375 discipulis
1845 3284 1914 3352 suis
1930 3283 2032 3377 Apo-

669 3399 764 3473 stolis
798 3404 920 3474 sanctis
953 3401 1086 3471 dicens:
1118 3400 1291 3494 Accipite,
1326 3398 1414 3470 edita
1446 3421 1492 3490 ex
1527 3421 1587 3470 eo:
1630 3397 1703 3469 Hoc
1742 3407 1795 3468 est
1829 3401 1914 3468 eninr
1951 3394 2064 3468 verex

669 3541 792 3613 corpus
819 3539 943 3604 meum,
971 3514 1060 3610 quod
1085 3538 1146 3611 pro
1173 3513 1289 3603 vobis,
1325 3525 1357 3586 et
1383 3536 1443 3609 pro
1471 3514 1579 3585 multis
1606 3512 1768 3605 lrangitur
1795 3524 1829 3585 et
1855 3513 1968 3602 datur,
2000 3517 2033 3584 in

669 3636 899 3706 remissionem
927 3642 1153 3728 peccatorum,
1180 3640 1217 3702 et
1241 3635 1344 3702 vitam
1372 3641 1550 3702 aeternam.

776 3747 961 3820 Sacerdos.
1015 3746 1171 3818 Similiter
1198 3758 1232 3819 et
1258 3747 1397 3843 calicem
1412 3757 1587 3841 postquam
1604 3756 1842 3834 coenaverunt,
1869 3749 2033 3841 accipiens

669 3871 749 3937 vino
778 3859 812 3937 ει
838 3887 924 3958 aqua
950 3864 1123 3936 moderata
1150 3874 1183 3934 et
1210 3862 1359 3938 ordinate
1385 3865 1524 3952 miscuit,
1551 3869 1679 3955 gratias
1697 3868 1778 3955 egit,
1804 3860 2033 3949 Jsbenedixit,

669 3990 690 4065 †
717 3980 951 4067 sanctificavit,
985 3981 1014 4068 ι
1049 3991 1083 4050 ει
1109 3979 1199 4051 dedit
1224 3980 1340 4052 iisdem
1367 3978 1534 4076 discipulis
1568 3984 1656 4058 suis,
1691 3977 1865 4076 Apostolis
1899 3979 2032 4063 sanctis,

670 4098 802 4170 dicens:
837 4098 1001 4190 Accipite,
1035 4095 1138 4168 bibite
1174 4119 1218 4167 ex
1246 4117 1287 4166 eo
1315 4117 1378 4168 vos
1412 4117 1537 4167 omnes.
1591 4097 1653 4167 llic
1683 4099 1771 4168 enim
1812 4106 1863 4166 est
1897 4097 2033 4192 sanguis

671 4236 765 4284 meus
792 4235 887 4300 vere,
914 4215 986 4307 ipse
1014 4216 1069 4306 qui
1094 4234 1156 4306 pro
1184 4211 1284 4284 vobis
1311 4222 1344 4282 et
1369 4233 1432 4307 pro
1459 4213 1566 4284 multis
1594 4211 1787 4301 ellunditur,
1822 4221 1857 4281 et
1882 4210 2033 4283 daturin

669 4331 902 4400 remissionem
929 4338 1142 4422 peccatorum
1170 4338 1203 4399 et
1229 4331 1332 4400 vitam
1360 4337 1545 4401 aeternam:
1572 4328 1635 4400 boc
1655 4329 1753 4399 facite
1771 4331 1803 4399 in
1819 4330 1885 4399 mei
1900 4349 2033 4398 memo·-

669 4450 763 4516 riam.
803 4445 1084 4538 Quotiescumque
1111 4447 1197 4514 enim
1224 4443 1462 4516 manducabitis
1488 4467 1608 4539 panem
1635 4444 1720 4516 bunc
1748 4455 1781 4516 et
1797 4445 1933 4516 calicem
1951 4442 2033 4514 buno

671 4561 802 4648 bibetis,
830 4569 969 4630 mortem
996 4582 1101 4630 meam
1130 4557 1381 4644 annunciabitis,
1409 4558 1516 4631 donec
1541 4563 1683 4632 veniam.

775 4675 935 4768 Populus.
988 4675 1105 4748 Mortis
1133 4685 1209 4748 tuae
1235 4677 1389 4748 Domine.

776 4791 958 4863 Sacerdos.
1000 4791 1081 4877 Quis
1108 4797 1216 4888 possit
1242 4813 1399 4863 enarrare
1435 4787 1709 4881 magnificentiam
1741 4797 1828 4860 marn
1864 4789 2031 4861 excelsam

673 4919 707 4981 et
733 4918 914 4997 aeternam,
942 4929 963 4979 o
990 4906 1138 4981 Verbum
1164 4909 1243 4980 Dei:
1270 4919 1305 4979 et
1332 4909 1589 4978 exinanitionem
1616 4915 1704 4977 tuam
1731 4903 1949 4976 voluntariam
1972 4927 2033 5000 pro

672 5026 789 5112 nobis,
822 5028 895 5118 quis
921 5023 1206 5119 comprehendat?
1241 5025 1323 5110 Quis
1358 5025 1492 5094 noverit
1518 5043 1676 5093 enarrare
1710 5025 1915 5094 nativitatem
1948 5032 2035 5093 tuarn

671 5141 855 5213 mirabilem
882 5163 927 5212 ex
953 5139 1111 5232 Virgine,
1147 5139 1286 5234 illasque
1318 5142 1493 5235 passiones
1528 5138 1753 5227 voluntarias,
1789 5140 1968 5212 immeritas
2002 5143 2034 5207 et
