4782 6068
719 651 961 731 onaroaon
991 617 1324 730 nrosrotonon
1361 665 1412 727 a.
1669 651 1744 724 ooo

380 845 527 936 fiamine
557 847 688 935 spectet
722 841 872 913 calicem.
924 838 1114 912 lnclinotm·
1148 845 1182 911 ct
1219 857 1361 934 carpene
1393 839 1487 912 dicit.
1540 837 1654 912 Gloria
1688 835 1747 909 tibi
1823 910 1825 916 ,

379 959 521 1032 Domino
546 957 630 1030 lesu
656 955 801 1047 Christe,
828 958 883 1052 qm
908 979 962 1028 me
987 955 1157 1048 indignum
1177 954 1267 1042 licet,
1294 957 1491 1029 constituisti
1516 978 1580 1053 per
1605 957 1747 1049 gratiam

380 1084 491 1166 tuam,
524 1076 705 1148 ministrum
740 1085 775 1146 et
809 1074 1026 1146 mediatorem
1058 1072 1292 1167 mysteriorum
1327 1081 1456 1145 tuorum
1483 1072 1745 1169 praeclarorum,

380 1201 584 1281 sanctorum,
609 1189 845 1263 vivificantium
873 1200 908 1263 et
920 1188 1123 1262 divinornm:
1149 1210 1211 1285 per
1226 1189 1367 1280 gratiam
1394 1190 1643 1262 misericordiae
1670 1197 1746 1261 tnae
1876 1223 1882 1238 κ

378 1307 434 1380 loo
459 1329 514 1381 me
540 1306 675 1398 dignum
700 1307 798 1378 venia
824 1305 1019 1378 delictortnn
1044 1314 1078 1376 et
1102 1307 1300 1378 remissione
1326 1313 1551 1401 peccatorum.

481 1580 605 1675 Sipnot
629 1604 667 1653 ae
692 1583 789 1675 aipno
817 1584 931 1653 crocia
956 1584 993 1652 in
1007 1584 1126 1674 fronte
1147 1580 1368 1676 similiterque
1389 1583 1653 1651 circumstanter.

919 1697 962 1768 ln
987 1697 1058 1768 clio
1085 1697 1214 1771 codice.

485 1885 611 1982 Sipnat
631 1891 781 1981 frontem
805 1910 911 1970 eamn,
925 1890 1024 1983 aipno
1050 1889 1164 1958 crocia
1190 1893 1224 1958 ct
1249 1887 1343 1957 dicit.
1377 1883 1492 1958 Gloria
1522 1885 1580 1958 tibi
1605 1886 1750 1958 Domine

383 2003 439 2098 qni
465 2006 588 2075 creasti
613 2025 667 2074 me
697 2024 760 2097 per
792 2005 931 2095 gratiam
965 2013 1064 2075 tuam.
1117 2002 1233 2076 Gloria
1267 2001 1495 2074 uninomina
1529 2001 1584 2094 qni
1616 2001 1749 2072 vocasti

383 2141 437 2190 me
462 2141 524 2215 por
549 2117 809 2191 misericordiam
836 2130 933 2191 mam.
987 2118 1101 2191 Gloria
1128 2117 1186 2190 tibi
1211 2118 1353 2190 Domine
1387 2120 1443 2211 qni
1473 2117 1669 2190 eonstituisti
1694 2136 1749 2188 me

383 2234 600 2308 mediatorem
627 2234 705 2308 doni
732 2237 791 2306 tni:
828 2245 861 2306 et
885 2245 1023 2330 propter
1056 2237 1165 2307 omnia
1190 2233 1351 2307 beneficia
1379 2242 1432 2306 tna
1459 2256 1542 2328 erga
1568 2229 1748 2304 imbecilli-

383 2359 484 2422 tatem
523 2372 653 2440 meam,
692 2349 857 2424 reseratam
896 2347 954 2422 tibi
991 2350 1084 2440 lans,
1127 2349 1256 2439 honor,
1294 2347 1483 2439 confessio,
1524 2358 1557 2420 et
1595 2347 1747 2420 adoratio

383 2487 481 2554 nunc,
509 2473 573 2540 eto.
1041 2451 1045 2458 ’

375 2622 378 2629 ·
487 2582 667 2653 Accedant
699 2582 869 2671 meconi,
904 2588 940 2654 ct
970 2584 1085 2674 aipnal
1115 2603 1376 2676 nnnmqnemqne
1411 2603 1528 2653 eornm
1561 2584 1598 2651 in
1628 2585 1749 2675 fronte

383 2700 508 2771 dicaam
561 2694 712 2770 Christus
739 2700 897 2794 suscipiat
922 2699 1138 2770 ministerium
1164 2707 1268 2770 tunm:
1295 2695 1445 2771 Christus
1470 2696 1611 2794 illustret
1628 2697 1749 2770 faciem

382 2825 487 2888 mam:
526 2812 675 2888 Christus
700 2823 882 2888 conservet
906 2817 1009 2887 vitam
1044 2823 1148 2886 tuam:
1184 2812 1335 2888 Glnistus
1367 2837 1525 2888 crescere
1557 2812 1658 2888 faciat
1685 2815 1748 2906 ju-

382 2941 554 3005 ventutem
578 2941 676 3004 tuam.
1336 2917 1341 2927 '

485 3047 534 3118 Et
558 3046 773 3140 reapondcnt.
826 3042 974 3117 Christus
1001 3047 1161 3141 suscipiat
1187 3046 1388 3120 oblationem
1413 3058 1513 3120 tuam.

366 3189 368 3196 ’
489 3163 609 3235 Onnes
633 3161 777 3234 redeant
802 3161 849 3232 nd
873 3160 983 3232 locam
1007 3185 1118 3233 mnne:
1138 3162 1378 3260 Sncmdoaqne
1393 3167 1495 3257 sacto
1513 3163 1747 3253 inclinatione,

382 3282 492 3373 carpit
518 3286 553 3350 ct
578 3279 662 3350 dicit
688 3283 768 3349 tono
794 3277 985 3373 Eonnpelii.
1334 3281 1337 3288 ’

486 3394 601 3467 Gratia
635 3395 768 3468 Domini
801 3395 909 3467 nostri
941 3393 1024 3466 lesu
1061 3390 1196 3467 Christi:
1232 3405 1266 3466 et
1298 3399 1421 3468 caritas
1453 3397 1518 3469 Dei
1552 3394 1677 3485 Patris,
1714 3404 1748 3467 et

384 3513 634 3583 communicatio
662 3512 794 3606 spiritns
822 3513 945 3599 sancti,
970 3513 1014 3585 sit
1039 3534 1114 3582 cnm
1141 3510 1294 3584 omnibns
1319 3511 1428 3585 nobis.
1619 3499 1622 3514 ¹

484 3626 661 3698 Sacerdos
686 3629 800 3719 aipnot
824 3649 862 3699 oc
888 3629 1010 3720 ipann,
1042 3633 1079 3698 ci
1104 3627 1216 3699 elevet
1239 3651 1372 3700 mann
1396 3651 1489 3700 namn
1515 3651 1618 3722 anper
1645 3635 1748 3723 capnt

382 3766 492 3831 annm,
518 3749 556 3813 ot
580 3746 626 3813 ait
650 3745 686 3812 in
712 3752 796 3814 oenc
822 3748 857 3814 el
879 3743 1025 3836 populna
1046 3747 1225 3838 particeps
1251 3749 1297 3817 ait
1320 3749 1532 3842 sipontionia.
1798 3727 1801 3738 ⁵

485 3859 584 3930 Dicit
608 3857 796 3929 Diaconos.
850 3856 975 3930 Omnes
1000 3881 1063 3932 nos
1090 3881 1165 3931 oum
1191 3863 1324 3950 timore,-
1365 3869 1399 3934 et
1432 3863 1479 3934 od
1510 3863 1598 3934 ltoec
1624 3862 1749 3934 nmio:

384 3973 475 4046 dedit
498 3973 596 4047 nohis
621 3979 783 4071 mysteria
808 3997 878 4048 sna.

489 4083 520 4126 ¹⁸
545 4091 673 4184 Incipit
698 4090 875 4164 Sacerdos
899 4096 1066 4188 [conpare
1098 4116 1240 4187 conpos:
1277 4102 1312 4167 et
1334 4095 1427 4166 dicii.
1453 4095 1641 4191 Propitiare
1666 4096 1746 4170 Do-

383 4207 471 4278 mine
496 4230 557 4304 per
583 4208 790 4282 clementiam
816 4218 905 4281 tuam
930 4212 1077 4306 peccatis
1110 4221 1143 4283 et
1175 4213 1368 4307 insipientiis
1399 4232 1575 4285 servornm
1607 4222 1747 4301 tuorum,

385 4330 419 4393 et
444 4324 614 4397 sanctifica
640 4324 729 4399 labia
755 4333 871 4399 nostra
898 4328 1125 4421 pergratiam
1151 4338 1261 4414 mam,
1296 4337 1330 4399 nt
1363 4326 1441 4400 dent
1466 4327 1591 4400 fructus
1608 4329 1747 4421 'gloriae

385 4447 420 4510 et
444 4437 551 4512 landis
578 4439 739 4513 divinitati
765 4452 859 4525 tuae,
885 4463 959 4514 cum
986 4440 1138 4516 omnihus
1164 4447 1289 4518 sanctis
1315 4445 1379 4516 tuis
1404 4448 1439 4517 in
1464 4465 1571 4538 regno
1598 4455 1666 4518 tuo.

487 4556 536 4628 nt
561 4557 698 4630 ciccano
723 4578 840 4629 nocem
862 4557 955 4630 dicit.
1007 4556 1051 4630 Et
1076 4559 1131 4632 lac
1157 4581 1220 4634 nos
1248 4559 1367 4654 dignos
1391 4560 1534 4633 Domine
1558 4561 1651 4634 Dens
1677 4584 1747 4636 no-

384 4679 472 4760 ster,
499 4681 535 4744 nt
559 4682 723 4768 perpetuo
749 4674 876 4770 cosque
901 4673 1049 4766 macula,
1080 4697 1194 4750 coram
1226 4685 1259 4749 te
1292 4681 1512 4752 consistamus
1543 4671 1625 4752 oum¹
1645 4679 1748 4752 corde

383 4807 480 4882 poro,
505 4786 593 4860 facie
620 4798 735 4885 aperto
761 4799 796 4862 et
821 4813 896 4862 cnm
921 4789 1040 4865 fiducia
1067 4814 1154 4888 qnae
1177 4817 1199 4865 a
1226 4803 1260 4866 te
1286 4804 1348 4883 est,
1374 4795 1634 4869 misericorditer
1649 4795 1748 4871 nohis

385 4901 477 4977 data:
504 4912 539 4977 et
564 4925 680 4978 omnes
705 4909 830 5002 pariter
856 4910 1052 4983 invocemus
1067 4919 1100 4983 te
1116 4918 1151 4983 et
1167 4911 1217 4984 sio
1237 4910 1395 4986 dieamus.
1419 4899 1524 4985 vl'ater
1543 4921 1672 5006 noster,
1684 4923 1747 4986 eto.

487 5020 640 5117 Popolna
660 5021 753 5094 dicit.
805 5023 907 5097 Pater
932 5035 1056 5100 noster.

1462 5146 1539 5220 'ii'
