4814 6060
601 551 643 628 IN
668 552 875 628 LITURGlAll
901 551 1048 628 lGllATll
1074 551 1159 627 SIVE
1185 549 1369 642 tollius,
1402 564 1454 625 tc.
1638 549 1711 622 523

337 744 445 816 terant,
470 744 611 818 tanquam
634 754 651 798 a
674 753 709 798 se
732 753 793 798 non
815 737 976 814 inventurn,
1000 734 1055 798 sed
1077 741 1233 814 acceptam
1251 733 1460 814 amajoribus:
1486 740 1516 794 at
1539 730 1630 794 lutilis
1654 751 1714 794 ex-

336 838 451 900 cusatio
474 834 583 898 luisset
605 833 685 916 apud
707 833 855 897 barbaros
878 842 1034 915 tyrannos.
1061 833 1169 913 Neque
1192 831 1265 894 illud
1287 832 1383 913 magis
1407 832 1572 894 convenire
1594 829 1715 892 videtur

336 935 462 997 saeculo
487 953 548 1016 quc
560 935 695 1015 liturgia
718 934 832 1014 scripta
854 933 920 1011 luit,
944 932 1026 1014 quod
1047 949 1157 1014 preces
1180 930 1252 993 fiant
1274 948 1332 1011 pro
1354 929 1490 1013 Regibus
1514 936 1543 991 et
1566 930 1716 1010 principi-

336 1035 391 1096 bus
416 1031 554 1096 fidelihus
578 1033 629 1114 qui
656 1031 823 1094 Ecclesiam
854 1031 991 1112 fidelem,
1025 1031 1056 1095 id
1087 1040 1134 1093 est
1162 1030 1374 1106 Jacobitioam,
1403 1029 1555 1110 juvarent.
1599 1027 1715 1089 Nema

335 1131 395 1193 line
418 1133 543 1212 septimi
560 1131 687 1208 saeculi,
718 1138 789 1208 cta
812 1139 900 1211 capta
922 1149 980 1211 per
1000 1128 1236 1193 Muhamcdanos
1259 1127 1440 1204 Antiochia,
1469 1127 1637 1209 Imperator
1664 1131 1715 1188 aut

335 1229 403 1292 Rex
425 1230 524 1292 nullus
547 1231 656 1308 extitit,
679 1229 730 1310 qui
753 1229 790 1290 ab
813 1228 862 1291 illa
882 1237 967 1293 secta
991 1229 1105 1292 alienus
1128 1245 1190 1290 non
1213 1226 1321 1302 luerit,
1352 1228 1379 1289 si
1407 1226 1510 1310 Reges
1532 1224 1714 1305 Aethiopiae
1737 1295 1743 1307 ,

291 1381 296 1392 ,
337 1336 366 1390 et
388 1328 506 1392 Nuhiae
530 1330 708 1410 excipimus,
732 1329 782 1408 qui
812 1327 1037 1391 Alexandrinae
1059 1327 1217 1389 Ecclesiae
1244 1324 1355 1389 subditi
1385 1333 1488 1404 erant,
1517 1342 1577 1386 ncn
1600 1323 1714 1386 Antic-

337 1427 463 1490 chenae.
508 1428 584 1490 Nam
607 1427 715 1490 Graeci
739 1427 790 1507 qui
813 1426 973 1508 aliquando
997 1425 1187 1489 Antiochiam
1210 1433 1404 1504 receperunt,
1428 1433 1459 1487 et
1480 1423 1618 1485 Francia
1638 1421 1714 1501 qui·
1780 1439 1787 1446 ·

337 1527 393 1590 hus
418 1534 506 1607 capta
536 1533 584 1590 est
605 1526 765 1589 lllelchitae
790 1534 893 1588 erant:
922 1527 1040 1589 Tartari
1070 1524 1108 1588 ali
1131 1531 1184 1587 uot
1213 1522 1380 1600 Hordarum
1409 1522 1516 1604 quibus
1547 1519 1714 1600 imperabat

337 1624 405 1706 Ung
427 1625 549 1687 Khanus
572 1644 590 1687 a
613 1625 819 1708 Ginghizcanc
841 1625 941 1711 victus
963 1632 995 1687 et
1017 1543 1175 1704 spoltahs,
1198 1621 1372 1683 Nestoriani
1395 1627 1492 1682 erant:
1521 1626 1612 1699 atque
1635 1618 1713 1679 adeo

336 1723 435 1785 neutri
456 1721 561 1786 fideles
585 1731 670 1785 erant
694 1743 733 1787 ex
755 1723 954 1785 Jacobitatum
982 1722 1140 1785 sententia.
1188 1719 1358 1782 Verisimile
1388 1720 1481 1800 igitur
1510 1717 1631 1781 omnino
1662 1717 1713 1778 vi-

337 1823 435 1897 detur,
457 1822 545 1884 istam
568 1831 598 1885 et
620 1822 734 1903 aliquot
756 1822 831 1884 alias
859 1822 1022 1903 Liturgias‚
1045 1821 1141 1901 magis
1169 1818 1206 1881 ad
1228 1819 1341 1881 veteris
1371 1817 1548 1899 disciplinae
1575 1815 1713 1896 formam,

338 1939 425 2001 quam
448 1919 485 1983 ad
508 1937 594 1982 usum
616 1920 822 1984 Ecclesiarum
842 1920 936 1983 luisse
960 1919 1153 2000 compositus.

689 2266 723 2336 7.
758 2267 950 2336 Doctorum
977 2264 1271 2350 orthodoxorum,
1298 2266 1362 2332 etc.

433 2455 489 2536 Ex
511 2467 562 2529 illa
584 2469 814 2532 enumeratione
844 2469 1008 2531 Doctorum
1031 2466 1190 2530 Ecclesiae
1214 2465 1390 2548 agnoscitur
1411 2464 1615 2528 Jacobitarum
1646 2469 1713 2530 sin-

338 2572 558 2634 cerissimorum
582 2570 658 2634 hanc
681 2572 846 2655 Liturgiam
868 2570 974 2650 luisse,
997 2590 1058 2634 non
1081 2569 1337 2633 Orthodcxcrum.
1382 2566 1516 2630 lacobus
1539 2571 1590 2650 qui
1612 2571 1713 2632 nomi-

337 2678 435 2748 natur,
460 2669 641 2752 Serugensis
663 2670 833 2752 Episcopus
856 2669 921 2748 luit,
943 2669 1092 2752 simulque
1114 2667 1326 2746 Romulensis,
1349 2667 1435 2749 cujus
1457 2668 1578 2729 nomine
1601 2667 1712 2731 hahent

338 2769 510 2849 inscriptam
533 2768 697 2851 Liturgiam
721 2770 869 2851 adquam
900 2788 937 2832 ea
965 2787 1043 2851 quae
1068 2769 1106 2831 de
1129 2769 1197 2848 ipso
1221 2768 1391 2830 observare
1414 2767 1582 2846 potuimus,
1612 2785 1713 2830 anno-

338 2876 399 2932 tata
421 2876 499 2930 sunt.

749 3213 785 3286 8.
832 3213 959 3284 Turres
986 3211 1212 3302 calchidicus,
1242 3217 1305 3281 etc.

434 3404 550 3484 Eunus
572 3417 685 3481 locutio
708 3417 841 3479 occurrit
862 3418 892 3479 in
914 3415 1049 3498 Liturgia
1066 3411 1570 3498 IgnatiiPatriarehaeAntiocheni
1592 3431 1713 3497 cogno-

338 3523 418 3582 mine
440 3520 491 3582 lilii
513 3519 634 3584 Wahib.
679 3519 832 3583 Sententia
855 3527 902 3582 est
924 3521 1038 3600 primos
1064 3518 1132 3582 illos
1160 3517 1319 3580 Ecclesiae
1341 3516 1490 3579 Doctores
1519 3515 1611 3580 falsas
1641 3517 1713 3598 opi-

338 3622 446 3682 niones
470 3619 625 3703 gentilium
648 3627 680 3681 et
702 3618 933 3697 haereticorum,
957 3635 1031 3700 quas
1044 3618 1133 3680 Turri
1147 3616 1350 3699 Babylonicae
1373 3615 1404 3677 in
1427 3611 1520 3676 Calue
1538 3615 1712 3679 aedificatae

239 3715 241 3718 ⁴
339 3725 525 3800 comparant,
549 3717 714 3798 dissipasse
732 3727 763 3779 et
776 3717 974 3795 destruxisse,
991 3715 1179 3798 'Syriamque
1199 3734 1277 3797 quae
1290 3715 1340 3777 hic
1351 3720 1476 3776 vocatur
1487 3711 1712 3775 Aramueorum

336 3821 415 3898 filio,
447 3826 479 3880 ut
506 3817 621 3879 Judaea
649 3817 721 3897 silio
742 3817 928 3880 deneratam:
958 3815 1114 3878 Chaldaeo
1137 3816 1208 3896 silio
1236 3813 1421 3897 amplam
1451 3831 1523 3875 vera
1550 3811 1712 3895 Evangelii

340 3914 475 3978 doctrina
497 3915 675 3980 illustrasse.
