4712 6032
647 590 721 666 166
1153 590 1512 667 LITURGIA

747 778 909 872 Populos.
935 780 1056 851 Amen.

746 893 931 967 Sacerdos.
964 892 1022 966 Ut'
1043 893 1247 965 sanctificent
1288 915 1433 990 corpora
1466 903 1501 964 et
1539 895 1665 966 animas
1698 917 1831 983 eorum,
1866 899 1921 990 qui
1952 893 2014 969 illis

643 1011 941 1099 communicabunt,
969 1010 1011 1083 ad
1031 1010 1275 1082 mundationem
1303 1009 1451 1083 cordium
1469 1031 1596 1100 eorum,
1622 1010 1884 1106 purificationem
1911 1015 2014 1104 cogi-

642 1133 801 1203 tationum
829 1151 967 1218 eorum,
1003 1135 1036 1199 ei
1061 1127 1104 1199 ad
1130 1126 1424 1200 sanctificationem
1457 1131 1638 1198 animarum
1671 1149 1805 1214 eorum,
1841 1149 1928 1224 quae
1962 1139 2016 1203 est

645 1248 680 1317 in
706 1267 815 1337 regno
842 1244 1013 1317 coelorum
1040 1254 1074 1316 et
1099 1245 1168 1314 vita
1195 1252 1341 1316 aeterna.

747 1362 936 1432 Diaconos.
965 1359 1117 1432 Oramus.

745 1476 1138 1549 Sacerdostnoonatoa.
1166 1475 1475 1548 Commemoramus
1508 1495 1620 1546 coram
1652 1483 1706 1564 te,
1738 1475 1883 1545 Domine
1907 1475 2014 1565 Deus,

642 1595 707 1668 boc
735 1607 885 1690 tempore
899 1593 995 1683 bujus
1010 1591 1175 1682 sacrificii,
1202 1612 1319 1663 omnes
1334 1589 1506 1663 Ecclesins
1525 1601 1599 1662 tuas
1614 1599 1765 1662 sanctas:
1792 1600 1827 1661 et
1851 1590 2013 1666 Pastores

644 1711 861 1785 0rbnodoxos
898 1712 953 1804 qui
986 1712 1020 1780 in
1053 1707 1116 1780 illis
1148 1712 1282 1780 vivunt:
1317 1711 1498 1802 praecipue
1530 1728 1616 1778 vcro
1642 1705 1714 1778 Du.
1742 1704 1782 1776 N.
1810 1716 1844 1778 et
1870 1707 1911 1779 N.
1938 1729 2014 1782 cum

643 1827 781 1923 reliquis
808 1827 986 1923 Episcopis
1014 1823 1225 1897 Ortbodoxis.
1279 1823 1398 1895 ltemm
1426 1826 1524 1895 etiam
1553 1843 1852 1895 commemoramus
1880 1824 2012 1896 Sacer-

643 1945 739 2016 dotes
767 1953 800 2016 et
825 1946 995 2016 Diaconos
1021 1963 1145 2030 veros,
1176 1939 1389 2035 reliquosque
1423 1938 1626 2013 domesticos
1662 1947 1755 2028 bros,
1795 1942 1850 2034 qui
1887 1938 2013 2012 obser-

642 2071 725 2132 vant
750 2059 903 2132 mandata
931 2067 995 2130 tua.
1047 2057 1168 2128 Iterum
1195 2059 1295 2128 etiam
1321 2054 1538 2128 obsecramus
1566 2065 1617 2142 te,
1645 2057 1796 2144 Domine,
1823 2077 1886 2151 pro
1913 2066 2013 2128 tran-

643 2173 803 2272 quillitate
836 2186 869 2246 et
901 2173 1151 2245 confirmatione
1183 2175 1283 2244 totius
1319 2171 1448 2246 mundi:
1481 2194 1544 2267 pro
1580 2170 1812 2244 benedictione
1846 2175 1941 2261 anni,
1982 2183 2016 2246 et

641 2292 806 2392 fructuum
832 2291 994 2363 ubertate.
1047 2290 1170 2360 lterum
1196 2286 1413 2360 obsecramus
1447 2299 1500 2376 te,
1527 2309 1589 2382 pro
1622 2287 1774 2376 infirmis,
1810 2288 2015 2375 albienses

642 2409 707 2480 ibis
735 2411 789 2502 qui
816 2432 836 2479 a
863 2406 959 2478 malis
986 2403 1153 2501 spiritibus
1180 2403 1393 2476 infestantur:
1421 2414 1457 2476 ut
1482 2407 1600 2476 visites
1627 2425 1700 2493 eos,
1726 2407 1918 2476 visitatione
1945 2415 2014 2478 tua.

640 2526 762 2598 lterum
791 2523 1006 2596 obsecramus
1034 2533 1067 2593 te
1084 2523 1226 2594 Domine
1252 2542 1314 2615 pro
1342 2518 1495 2593 omnibus
1523 2523 1577 2615 qui
1601 2524 1757 2592 invocant
1773 2543 1895 2593 nomen
1910 2533 2013 2612 tuum,

642 2653 677 2714 et
703 2639 898 2714 confitentur
925 2649 958 2710 te
985 2659 1063 2709 esse
1089 2659 1207 2709 verum
1234 2637 1351 2708 Deum.

746 2756 896 2826 Elcoonc
921 2777 1046 2826 vocem.
1083 2753 1248 2825 Salvast
1278 2751 1402 2841 libera,
1436 2752 1580 2824 Domine
1611 2752 1705 2826 Deus
1737 2775 1840 2843 vere,
1873 2775 2012 2846 gregem

641 2883 731 2944 tuum
759 2872 801 2945 ab
830 2870 980 2944 omnibus
1006 2869 1115 2966 plagis
1142 2871 1270 2958 noxiiS,
1304 2868 1438 2941 acerbis
1472 2879 1506 2940 et
1538 2867 1736 2957 mortiferis,
1767 2879 1803 2940 ut
1835 2873 1935 2942 ctiam
1969 2868 2011 2941 ab

588 3031 592 3040 ·
640 2988 793 3060 omnibus
820 2987 1026 3061 contumeliis
1053 2991 1199 3079 gentium
1225 2983 1443 3058 barbararum
1477 3008 1563 3078 quae
1593 3007 1715 3056 nomen
1747 2995 1836 3058 tuum
1863 2996 2013 3058 sanctum

641 3127 709 3176 non
736 3113 913 3192 noverunt,
940 3113 974 3175 et
1000 3102 1202 3174 divinitatem
1231 3112 1319 3172 tuam
1337 3124 1403 3173 uon
1430 3111 1627 3192 agnoscunt.
1680 3101 1778 3193 Rege
1802 3101 1893 3172 ilium
1919 3100 2011 3172 dex-

640 3233 713 3294 tera
741 3231 797 3292 tua
822 3219 934 3291 valida
962 3229 996 3290 et
1022 3222 1265 3315 omnipotente,
1290 3228 1326 3289 ut
1352 3217 1545 3289 confiteatur
1573 3215 1643 3306 tibi,
1670 3227 1703 3288 et
1727 3221 1898 3309 unigenito
1925 3217 2010 3290 Filio

641 3350 711 3426 tuo,
740 3349 773 3410 te
800 3337 935 3432 Spiritui
962 3345 1029 3406 tuo.

747 3453 909 3547 Populos.
936 3454 1055 3525 Amen.
2003 3519 2006 3530 ,

747 3569 922 3640 Sacerdos
938 3568 1130 3638 inclinatos.
1183 3565 1351 3638 Memento
1368 3570 1479 3654 etiam,
1506 3567 1660 3653 Domine,
1688 3587 1804 3636 eorum
1826 3569 1880 3661 qui
1908 3565 2012 3638 obtu-

642 3686 751 3758 lerunt
776 3685 875 3757 hodie
902 3682 1118 3770 oblationem,
1147 3705 1247 3779 super
1273 3682 1336 3754 hoc
1372 3680 1492 3753 altare:
1529 3690 1564 3752 et
1593 3703 1710 3753 eorum
1745 3686 1800 3776 qui
1835 3682 2012 3756 volucrunt

643 3802 782 3890 offerre,
810 3801 870 3874 sed
897 3779 1098 3872 facultatem*
1112 3822 1178 3872 non
1205 3798 1404 3871 habuerunt:
1440 3808 1539 3893 atque
1573 3801 1750 3893 unicuique
1783 3797 1912 3871 illorum
1948 3821 2012 3871 se-

642 3919 782 3990 eundum
809 3928 951 3989 mentem
980 3938 1073 3989 suam
1101 3916 1160 4004 da,
1187 3918 1339 3992 Domine.

748 4035 897 4106 Manuos
922 4055 1047 4103 uocem.
1100 4031 1268 4103 Memento
1296 4025 1455 4120 Domine,
1491 4030 1533 4102 ad
1560 4030 1665 4102 altore
1700 4030 1897 4131 spirituale,
1925 4053 2013 4102 coe·

642 4152 743 4247 loque
769 4151 957 4238 sublimiuS,
997 4150 1140 4221 omnium
1173 4153 1228 4243 qui
1262 4158 1294 4219 te
1330 4159 1578 4239 coguoverunt:
1620 4157 1653 4219 et
1685 4147 1889 4220 voluntatem
1924 4157 2012 4218 tuam

514 4329 516 4334 ,
642 4269 765 4340 bonam
792 4266 1065 4362 adimpleverunt:
1094 4277 1127 4337 et
1154 4269 1288 4360 suspice
1313 4286 1375 4361 per
1401 4268 1543 4356 gratiam
1570 4275 1677 4352 tuam,
1705 4263 1912 4352 oblationes,
1945 4262 2013 4334 de-

642 4388 812 4479 cimasque
839 4405 973 4471 eorum,
1007 4393 1041 4454 et
1072 4381 1128 4454 iac
1161 4382 1236 4454 illos
1267 4379 1388 4473 dignos
1422 4379 1529 4472 gloria
1561 4383 1704 4453 nominis
1736 4385 1782 4452 tui
1818 4383 1942 4467 sancti,
1980 4390 2014 4453 et

642 4501 801 4593 unigeniti
828 4498 902 4570 Fiiii
928 4503 993 4586 tui,
1022 4511 1083 4570 etc.
1240 4496 1401 4590 Popobrs.
1429 4499 1548 4569 Amen,

747 4616 922 4688 Sacerdos
945 4616 1135 4687 inclinatos.
1163 4613 1343 4700 Memento,
1375 4615 1534 4701 Domine,
1569 4608 1583 4647 ²
1610 4612 1742 4704 Regum
1761 4612 1919 4684 fidelium:
1946 4635 2013 4707 ap-

643 4733 812 4830 prehende
840 4755 932 4804 arma
958 4743 992 4805 et
1018 4743 1166 4821 scutum,
1193 4741 1227 4802 et
1253 4753 1384 4823 exurge
1410 4735 1443 4803 in
1470 4731 1667 4824 adjutorium
1686 4750 1817 4801 eorum:
1845 4727 1887 4799 da
1915 4731 2013 4800 etiam

642 4849 709 4921 illis
736 4851 908 4920 victoriam
935 4848 977 4920 dc
1003 4847 1153 4922 hostibus
1180 4849 1265 4933 suis,
1292 4869 1354 4943 per
1380 4835 1603 4918 fortitudinem
1631 4856 1718 4916 tuam
1743 4866 1909 4936 magnam.

747 4965 898 5036 Etcoons
922 4987 1047 5035 vocem.
1074 4965 1125 5037 'l'u
1153 4986 1190 5036 es
1217 4965 1305 5034 enim
1331 4963 1427 5036 dator
1452 4961 1651 5035 fortitudinis
1678 4972 1713 5032 et
1737 4961 1877 5053 largitor
1897 4964 2013 5033 victo-

644 5085 730 5172 riae,
761 5079 910 5155 omnibus
938 5085 993 5176 qui
1020 5081 1155 5154 credunt
1182 5085 1215 5152 in
1242 5089 1292 5170 te,
1320 5089 1353 5151 et
1379 5100 1462 5151 vere
1489 5079 1627 5172 diligunt
1652 5090 1694 5151 te.
