4782 6068
875 577 1238 692 nnsuouuu
1665 582 1772 672 oco

370 761 423 857 bis
449 763 678 842 tribulationes
705 776 739 840 et
764 765 959 842 afflictiones
986 768 1097 842 mundi
1114 769 1227 862 barjus:
1253 775 1288 840 et
1305 766 1532 840 misericordia
1556 779 1590 842 et
1613 772 1743 864 gratae

372 886 446 976 ejus
472 883 678 956 elirmdantur
704 905 807 980 super
833 905 899 958 vos
925 893 1100 981 perpetuo,
1126 905 1214 956 nuuc
1240 893 1275 956 et
1300 905 1443 980 semper.

475 1000 571 1074 Atto.
621 999 698 1096 lpse
723 998 832 1072 bouus
859 999 936 1072 Rex
964 1004 1108 1075 omnium
1133 1001 1284 1094 Regum,
1311 1009 1346 1071 et
1371 999 1533 1072 Dominus
1560 1000 1741 1075 dominan-

371 1119 471 1207 tium,
498 1120 592 1209 cujus
618 1114 738 1189 solium
765 1115 969 1188 uomendum
995 1115 1119 1208 Angeli
1146 1115 1367 1205 circumdant,
1394 1126 1428 1187 et
1454 1117 1548 1208 cujus
1575 1118 1741 1207 majesta-

370 1239 437 1304 tem
464 1231 564 1305 millia
589 1219 723 1304 millium
748 1229 900 1304 laudibus
927 1231 1116 1306 celebrant:
1144 1235 1237 1325 cujus
1258 1229 1368 1304 vultus
1394 1229 1605 1328 splendorem
1622 1235 1742 1305 intueri

370 1369 440 1424 uon
470 1347 609 1422 audent:
641 1351 715 1444 ipse
747 1370 814 1421 vos
845 1346 1021 1420 benedicat
1057 1346 1209 1421 omnibus
1245 1346 1530 1421 benedictionibus
1572 1355 1741 1446 utriusque

372 1463 577 1537 Testamenti
601 1467 727 1538 veteris
754 1474 789 1536 et
813 1467 903 1538 novi
952 1465 1029 1561 lpse
1056 1487 1121 1538 vos
1146 1463 1322 1536 benedicat
1348 1463 1500 1536 omnibus
1525 1463 1742 1541 benedictio-

370 1581 468 1656 nibus
500 1581 619 1676 quibus
650 1577 822 1654 benedixit
852 1579 1025 1654 Abrabam
1052 1582 1166 1669 lsaac,
1201 1580 1297 1653 isaac
1333 1577 1461 1669 Jacob,
1496 1590 1530 1652 et
1565 1579 1740 1658 duodecim

370 1695 492 1771 tribus:
518 1699 593 1793 ipse
620 1699 663 1771 sit
686 1696 864 1770 vobiscum
891 1706 926 1768 et
950 1700 1140 1786 intervos,
1167 1699 1253 1788 sicut
1277 1693 1338 1767 init
1363 1715 1437 1766 cum
1456 1693 1582 1790 Joseph
1599 1701 1741 1772 interra

369 1813 531 1910 Aegypti,
557 1824 739 1909 pereatque
766 1811 894 1885 delictis
921 1823 955 1885 et
980 1814 1128 1910 peccatis
1153 1815 1295 1902 vestris,
1322 1813 1408 1884 sicut
1433 1816 1585 1906 pepercit
1611 1812 1740 1888 delictis

369 1929 490 2003 David.
543 1928 668 2001 Audiat
693 1949 814 2001 vocem
841 1931 1029 2001 orationum
1054 1939 1262 2018 vestrarum,
1298 1930 1384 1999 sicut
1410 1925 1583 1998 exaudivit
1609 1929 1741 2026 suppli-

372 2050 536 2120 cationem
552 2045 791 2118 Ninivitarum:
819 2043 976 2117 exaudiat
997 2065 1063 2116 vos
1090 2047 1124 2116 in
1149 2043 1355 2140 temporibus
1382 2041 1619 2134 tribulationis,
1653 2049 1742 2119 sicut

372 2161 544 2234 exaudivit
569 2161 688 2234 donam
715 2182 761 2231 ex
786 2168 907 2233 ventre
934 2163 1017 2233 celi:
1050 2157 1236 2256 liberetque
1266 2182 1333 2234 vos
1365 2182 1386 2231 a
1418 2157 1540 2232 malitia
1573 2158 1740 2236 homiuum

369 2275 596 2374 improborum
624 2286 658 2349 et
682 2275 881 2365 invidorum,
908 2279 993 2350 sicut
1017 2273 1173 2349 liberavit
1193 2274 1367 2348 Danielem
1393 2274 1644 2372 aBebylopiis:
1671 2278 1740 2350 ha-

369 2390 478 2464 bitare
503 2393 606 2466 faciet
629 2396 664 2464 iu
690 2388 842 2464 domibus
869 2395 1004 2481 vestris,
1032 2402 1071 2464 et
1091 2394 1125 2463 iu
1149 2392 1321 2465 animabus
1339 2394 1475 2480 vestris,
1496 2391 1739 2466 similitudinem

369 2511 442 2601 ejus
468 2507 708 2582 benedictionis
736 2530 821 2604 quae
847 2507 910 2580 fnit
934 2511 969 2580 in
995 2506 1210 2581 tebemaculo
1237 2508 1329 2597 Sem,
1355 2529 1468 2580 rorem
1495 2529 1589 2580 snum
1616 2511 1739 2602 siugu-
1778 2559 1786 2572 .

261 2630 266 2642 ’
368 2621 485 2698 lariter
511 2625 685 2698 demittens
713 2645 924 2720 supervos:
952 2623 1138 2722 dignosque
1164 2646 1230 2698 vos
1257 2624 1375 2698 efficiat
1398 2625 1559 2698 Dominus
1586 2632 1620 2696 et
1645 2626 1739 2698 Deus

369 2751 487 2814 noster
511 2741 570 2813 ille
594 2743 817 2836 promissione
843 2762 910 2814 nou
937 2739 1067 2831 fallaci,
1094 2763 1193 2836 quarn
1219 2744 1254 2813 iu
1279 2740 1469 2834 Evangelio
1496 2761 1558 2813 suo
1584 2762 1740 2836 pronun-

369 2859 466 2929 tiavit
492 2855 661 2952 discipulis
688 2859 757 2930 suis
784 2856 912 2945 diceus,
937 2858 1047 2930 Amen
1074 2878 1173 2928 emen
1198 2856 1274 2930 dico
1301 2856 1401 2931 vobis
1425 2859 1623 2952 quicumque
1637 2865 1746 2930 mau-'

369 2971 469 3044 ducat
494 2991 615 3067 corpus
641 2992 760 3058 meum,
788 2980 822 3042 et
846 2968 930 3044 bibit
956 2975 1151 3065 sanguinem
1177 2994 1297 3060 meum,
1323 2975 1358 3044 iu
1383 2994 1438 3045 me
1462 2983 1585 3058 mouet,
1612 2982 1646 3044 et
1671 2971 1738 3066 ego
1767 3003 1772 3012 ·

368 3089 402 3161 in
429 3109 490 3160 eo:
518 3097 551 3159 et
577 3107 643 3179 ego
669 3085 877 3159 resuscitabo
904 3109 980 3160 eum
1007 3091 1251 3160 innovissimo
1279 3086 1343 3176 die,
1371 3095 1405 3160 et
1429 3091 1462 3159 iu
1486 3088 1644 3181 judicium
1671 3111 1740 3162 uon

368 3207 473 3294 venit,
500 3202 561 3276 sed
587 3205 704 3275 bausit
729 3226 750 3275 a
776 3212 884 3276 morte
910 3203 1083 3276 advitam
1110 3212 1289 3276 aeternam.
1340 3203 1418 3300 lpse
1443 3201 1621 3276 benedicat
1647 3227 1738 3278 con-

337 3322 600 3414 „gregarionem
639 3329 807 3405 nostram,
847 3319 1090 3415 custodiatque·
1112 3327 1231 3393 statum
1264 3330 1430 3393 nostrum:
1466 3330 1565 3394 sanet
1598 3319 1738 3394 vulnera

367 3447 502 3527 nostra,
536 3445 570 3509 et
595 3435 729 3509 mundet
754 3437 977 3508 conscientias
1003 3445 1156 3527 nostras,
1183 3435 1383 3532 instilletque
1409 3457 1521 3508 rorem
1548 3439 1678 3530 gratiae
1704 3447 1739 3511 et

368 3551 619 3626 misericordiae
655 3573 738 3625 suae
773 3573 874 3648 super
905 3555 1032 3625 animas
1059 3561 1207 3626 nostras:
1243 3555 1386 3650 quietem
1421 3562 1455 3626 et
1488 3573 1606 3650 pacem
1643 3575 1737 3626 suam

367 3670 542 3740 internos
569 3666 726 3760 stabiliat,
753 3670 922 3764 simusque
949 3666 1115 3761 obsignati
1141 3677 1175 3741 ct
1202 3667 1355 3742 custoditi
1382 3671 1480 3761 signo
1507 3671 1591 3742 vivo
1615 3674 1737 3762 crucis,

370 3783 412 3857 ab
441 3782 592 3857 omnihus
619 3787 846 3874 nocumentis,
880 3807 942 3881 per
971 3788 1155 3858 orationem
1182 3785 1346 3858 Dominae
1371 3785 1501 3859 Mariae
1527 3785 1668 3875 beatae,
1703 3796 1737 3859 et

366 3921 428 3995 per
455 3905 640 3974 orationem
666 3903 810 3974 omnium
838 3909 1025 3974 sanctorum
1036 3901 1170 3974 Domini
1195 3905 1303 3976 nostri
1328 3905 1383 3997 qui
1406 3904 1454 3975 illi
1478 3902 1684 4001 placuerunt,
1703 3912 1737 3974 et

294 4102 297 4107 ‚
366 4016 512 4113 placent,
537 4038 625 4089 nnuc
651 4025 687 4089 et
712 4039 855 4113 semper.

692 4291 778 4364 Atto
806 4292 927 4364 Oratio
955 4293 1074 4367 dicbus
1100 4296 1213 4368 Fertis
1239 4293 1394 4366 diceudo.

470 4481 548 4577 lpse
581 4485 635 4577 qui
667 4503 732 4556 vos
767 4479 939 4553 benedixit
970 4482 1122 4557 omnibus
1154 4481 1442 4557 benedictionibus
1474 4486 1508 4557 in
1542 4483 1640 4560 coelo
1673 4507 1736 4582 per

366 4605 557 4668 consortem
583 4595 746 4668 humanae
771 4607 909 4668 naturae
936 4608 1095 4690 nostrae,
1125 4603 1344 4696 invitavitque
1375 4623 1439 4673 nos
1470 4612 1504 4674 et
1528 4605 1667 4676 vocavit
1693 4601 1735 4675 ad

365 4731 506 4802 regnum
532 4707 712 4804 voluptatis
739 4723 940 4810 perpetuae,
968 4718 1078 4786 coetui
1105 4714 1344 4812 Apostolorum
1371 4736 1506 4789 suorum
1533 4719 1736 4813 promissio-

365 4849 442 4898 nem
470 4823 581 4916 edidit,
606 4826 815 4922 verbumque
840 4849 902 4925 per
928 4850 1026 4900 amen
1053 4826 1257 4924 obsignavit,
1283 4830 1369 4928 adeo
1396 4841 1431 4903 ut
1459 4831 1592 4906 dubium
1618 4835 1651 4904 iu
1676 4831 1734 4905 illo

365 4966 433 5018 non
459 4945 509 5018 sit.
536 4941 657 5032 Amen,
683 4942 793 5015 Amen
820 4943 893 5016 dico
920 4940 1033 5036 vobis,
1059 4954 1094 5018 et
1118 4968 1180 5043 per
1206 4969 1303 5020 amen
1328 4945 1436 5020 verba
1465 4970 1541 5020 mea
1563 4945 1734 5040 confirmo,

367 5062 563 5156 quicumque
597 5058 773 5132 manducat
808 5081 931 5156 corpus
971 5081 1080 5134 meum
1117 5063 1307 5156 vivificum,
1347 5071 1382 5138 et
1420 5062 1502 5137 bibit
1538 5064 1734 5156 sanguinem

1446 5183 1496 5258 82
1510 5181 1528 5217 ⁴*
