4782 6068
609 529 613 538 ,Ν
695 466 746 542 ΙΝ
777 463 1028 542 titulatis
1062 463 1464 543 NESTORIANORUM.
1686 461 1767 534 597·

391 656 508 728 rentur,
530 651 754 714 accusationem
766 649 846 712 illam
861 667 902 712 ex
915 666 1081 729 paucorum
1095 648 1247 712 bominum
1259 650 1429 735 ignorantia
1448 657 1478 712 et
1494 647 1637 712 socordia
1653 655 1762 725 natum,
1829 710 1832 722 ,

393 749 580 813 confutasset
609 748 730 812 Gabriel
757 746 949 831 Metropolita
976 747 1252 830 Philadelpbiensis.
1297 747 1447 830 Quidquid
1475 766 1570 831 porro
1593 749 1649 827 sit,
1680 753 1764 810 caret

393 850 474 912 omni
507 849 681 930 suspicione
710 848 838 911 formula
868 865 956 929 quam
986 846 1115 912 Codices
1149 848 1265 930 Syriaci
1294 854 1540 931 repraesentant;
1571 847 1766 927 imponuntur

390 950 534 1032 mysterio
552 949 720 1028 praeclaro
741 955 851 1010 sancto
872 955 902 1010 et
922 949 1044 1028 vivifico
1065 967 1157 1028 super
1178 945 1493 1024 admeliorationem.
1520 963 1598 1029 quae
1615 945 1765 1008 habentur

393 1066 514 1129 quoque
537 1047 568 1109 in
590 1047 683 1110 blissa
706 1047 905 1126 Malabaricu‚
935 1047 990 1110 sed
1017 1046 1105 1109 aliter
1132 1065 1232 1110 versa.
1278 1045 1516 1110 ‘commonear
1538 1054 1568 1108 et
1588 1045 1766 1107 ordinatior

391 1148 537 1229 mysterio
558 1148 635 1210 bueo
656 1148 881 1228 maperqloriosu
903 1155 932 1209 et
953 1155 1062 1210 nuncto
1083 1148 1178 1209 citam
1190 1146 1388 1226 conferentia,
1411 1154 1441 1208 et
1461 1147 1692 1225 dieiou,.super
1714 1144 1764 1205 et-

392 1253 458 1308 tere
480 1253 619 1308 sanctum
641 1243 769 1322 Christi,
792 1254 848 1310 etc.
879 1246 917 1308 de
947 1247 1054 1328 quibus
1086 1246 1191 1308 eadem
1214 1247 1352 1328 quaestio
1375 1245 1491 1308 moveri
1513 1252 1635 1326 posset:
1663 1260 1764 1324 neque

391 1346 473 1409 enim
496 1345 646 1407 elementa
668 1344 799 1407 nondum
822 1353 1016 1424 consecrata,
1040 1355 1165 1424 sanctu,
1192 1345 1331 1424 vivifico,
1362 1352 1393 1407 et
1415 1345 1519 1408 diuina
1541 1343 1600 1406 dici
1623 1349 1763 1406 accurate

391 1444 545 1526 loquendo
569 1453 712 1526 possunt,
737 1453 895 1527 antequam
918 1445 997 1509 iacta
1019 1447 1079 1508 sint
1100 1461 1211 1527 corpus
1235 1449 1266 1506 et
1288 1445 1413 1528 sanguis
1436 1441 1555 1506 Christi.
1599 1443 1638 1504 Et
1659 1441 1764 1503 Latina

390 1543 529 1606 Ecclesia
551 1552 641 1625 rogat
654 1544 761 1620 Deum,
784 1552 817 1607 ut
839 1546 948 1608 babeat
969 1555 1098 1626 occepta
1119 1546 1298 1623 buecdmtu,
1321 1545 1546 1622 lacemque-o,
1563 1559 1659 1624 eaque
1673 1547 1765 1605 vocat

391 1651 461 1706 ante
484 1642 643 1721 actionem,
665 1652 774 1706 sanctu
787 1646 952 1724 sacrificia,
973 1645 1101 1721 illibata,
1124 1645 1206 1726 quod
1229 1652 1329 1706 tamen
1351 1643 1483 1706 nondum
1505 1650 1585 1720 sunt,
1608 1641 1666 1706 nisi
1687 1660 1764 1724 per-

390 1749 458 1806 acta
481 1744 719 1804 consecratione.
765 1742 849 1805 Unde
871 1751 969 1824 patet,
993 1762 1054 1807 non
1075 1745 1115 1806 ita
1137 1744 1236 1826 rigide
1259 1743 1370 1806 similas
1395 1743 1549 1805 orationes
1571 1739 1763 1821 accipiendas

389 1859 476 1920 esse,
509 1848 542 1902 ut
565 1860 605 1903 ex
627 1841 686 1905 illis
708 1844 856 1904 sententia
879 1842 1031 1924 eliciatur,
1062 1863 1080 1906 a
1103 1863 1161 1926 qua
1183 1843 1357 1906 Nestoriani
1384 1859 1445 1905 nun
1467 1842 1564 1904 minus
1588 1841 1786 1917 abhorrent„

387 1958 476 2022 quam
498 1941 606 2022 reliqui
630 1940 799 2005 Orientales
823 1940 993 2005 Christiani.

664 2201 701 2274 8.
739 2203 901 2300 Litarqia
926 2203 1116 2277 Baulorum
1141 2203 1397 2298 Apostolorum
1423 2210 1488 2276 etc.

484 2394 577 2474 llam
600 2424 670 2486 pars
692 2405 886 2488 Auapboram
908 2408 1034 2491 proprie
1056 2409 1164 2472 dictam
1183 2406 1327 2485 continet,
1349 2414 1382 2469 ut
1404 2425 1471 2470 eam
1487 2408 1557 2489 syri
1579 2415 1610 2471 et
1623 2408 1762 2490 Coptitae

388 2518 509 2589 vocant,
532 2525 671 2591 quaeque
695 2509 774 2589 apud
797 2527 852 2573 nos
876 2510 991 2590 Canon,
1020 2511 1091 2574 olim
1118 2509 1225 2574 Canon
1251 2511 1407 2586 Actionis,
1437 2519 1490 2574 aut
1510 2511 1600 2575 Actio
1623 2511 1764 2594 appella-

389 2609 487 2672 batur.
531 2609 592 2672 Eus
614 2608 733 2672 scilicet
753 2611 909 2675 orationes
931 2612 1155 2694 complectitur,
1182 2611 1290 2692 quibus
1320 2609 1499 2674 sacrificium
1526 2610 1765 2676 Eucharisticum

389 2709 555 2789 perficitur.
589 2706 677 2780 Quod
690 2706 762 2770 alibi
776 2711 943 2772 monuimus
956 2711 994 2773 de
1011 2711 1077 2774 aliis
1092 2711 1235 2794 biturgiis
1250 2707 1463 2788 Orientalibus,
1487 2708 1525 2771 ad
1546 2712 1621 2774 istas
1644 2727 1765 2793 quoquo

389 2809 535 2888 pertinet:
559 2825 668 2887 nempe
679 2825 746 2869 cum
769 2808 865 2888 prima
886 2827 959 2890 pars
982 2827 1060 2892 quae
1083 2817 1131 2873 est
1152 2794 1515 2894 προπαρασκευαστική,
1539 2827 1601 2872 non
1622 2817 1764 2889 mutetur,

393 2907 452 2970 nisi
475 2905 556 2988 quod
585 2905 725 2969 diversae
747 2915 816 2970 suat
838 2926 895 2990 pro
917 2917 1053 2989 tempore
1075 2909 1290 2990 scripturarum
1311 2907 1472 2972 lectiones:
1496 2908 1592 2973 altera
1613 2909 1766 2991 quaeCa-

391 3023 501 3070 nonem
524 3013 555 3068 et
578 3005 839 3070 consecrationem
862 3009 1008 3085 continet,
1032 3014 1162 3070 mutatur
1188 3006 1354 3070 secundum
1376 3007 1576 3090 liturgiarum
1600 3009 1765 3072 diversita-

390 3113 466 3168 tem:
494 3106 536 3168 ita
562 3113 661 3168 tamen
684 3111 717 3167 ot
738 3105 769 3167 in
795 3107 959 3170 verborum
981 3106 1093 3170 Christi
1121 3107 1381 3186 pronuntiatione,
1409 3106 1605 3170 invocatione
1634 3109 1763 3189 Spiritus

390 3206 498 3283 sancti,
521 3204 766 3284 orationibusque
788 3205 826 3268 ad
851 3204 1025 3270 tractionem
1054 3212 1085 3268 et
1108 3206 1355 3280 communionem,
1377 3222 1440 3268 non
1462 3205 1643 3270 observetur
1671 3207 1765 3272 ullum

390 3305 509 3388 insigne
532 3304 703 3370 discrimen.

479 3403 639 3467 Orationes
662 3422 740 3485 quae
762 3412 931 3484 sequuntur
953 3405 1060 3487 quibus
1084 3403 1233 3468 Sacerdos
1251 3403 1439 3466 commendat
1459 3421 1495 3468 so
1511 3404 1764 3470 circumstantium

391 3504 544 3585 precibus,
566 3512 599 3566 ot
621 3503 801 3567 saoriiicium
824 3504 916 3588 digne
937 3504 1086 3585 perficiat,
1109 3503 1147 3566 ad
1164 3521 1280 3566 sacram
1294 3501 1454 3566 Actionem
1465 3505 1591 3585 proprie
1605 3521 1666 3569 non
1688 3525 1764 3587 per-

391 3605 501 3666 tinent:
526 3622 594 3667 cum
615 3612 649 3666 ut
671 3602 899 3682 antecedentes,
922 3605 980 3667 sint
1010 3603 1258 3685 praeparatoriae
1264 3623 1274 3677 3
1303 3601 1357 3664 sed
1385 3603 1454 3683 quia
1478 3601 1618 3666 diversae
1641 3607 1764 3668 suntin

393 3702 522 3768 diversis
544 3702 700 3785 biturgiis,
724 3703 823 3764 statim
846 3703 1077 3786 subjunguntur.
1123 3701 1156 3764 lu
1178 3701 1237 3764 illis
1259 3700 1482 3764 observandum
1504 3711 1562 3781 est,
1586 3721 1675 3784 quam
1697 3703 1764 3767 ire-

392 3810 521 3883 quenter
542 3809 683 3866 occurrat
710 3820 772 3866 vox
800 3803 969 3882 coemtioii,
999 3811 1031 3866 ut
1060 3805 1091 3866 in
1120 3801 1257 3864 omnibus
1286 3799 1350 3864 aliis
1366 3800 1541 3884 liturgiis,
1569 3821 1638 3866 cum
1665 3811 1764 3867 tamen

337 3981 342 3988 .
390 3921 507 3987 negare
531 3921 620 3967 ausus
643 3902 682 3965 sit
703 3899 828 3965 Rivetus
850 3903 881 3964 in
904 3903 1034 3984 antiquis
1062 3902 1223 3984 quidquam
1250 3901 1347 3964 simile
1376 3902 1516 3981 reperiri.
1560 3902 1640 3966 lstae
1663 3911 1763 3968 tamen

392 4010 462 4066 sunt
485 4003 726 4084 antiquissimae,
757 4010 788 4066 et
811 4021 851 4066 ex
872 4001 997 4068 Graecis
1021 4018 1197 4084 expressae.
1676 3991 1677 3996 ’

843 4263 878 4336 9.
919 4261 1040 4335 0ναίἰο
1062 4285 1132 4356 pre
1160 4261 1319 4336 omnibus.

505 4470 541 4548 ln
564 4479 639 4546 Cod.
662 4480 836 4560 recentiori,
856 4499 914 4562 pro
936 4479 1074 4542 omnibus
1095 4478 1269 4544 Catholicis.
1321 4480 1354 4543 ln
1377 4480 1491 4544 Codice
1512 4479 1609 4560 Elias,
1631 4491 1662 4545 et
1684 4485 1761 4567 aliis,

391 4585 495 4650 ultima
516 4604 579 4649 vox
602 4584 759 4661 omittitur;
781 4585 898 4648 servari
921 4590 1021 4648 tumen
1042 4591 1145 4666 potest
1168 4593 1200 4647 et
1222 4584 1330 4664 debet,
1357 4584 1448 4648 modo
1471 4584 1629 4648 deleantur
1650 4597 1763 4669 puncta

392 4686 452 4750 duo
475 4703 553 4768 quae
575 4684 697 4765 pluralis
720 4685 837 4747 numeri
858 4692 929 4748 noto
951 4691 1032 4763 sunt,
1056 4691 1088 4748 et
1115 4703 1192 4765 quae
1214 4684 1252 4748 de
1276 4703 1333 4748 suo
1356 4683 1465 4767 adjecit
1487 4687 1539 4766 qui
1562 4685 1651 4751 alium
1674 4689 1764 4752 codi-

392 4803 459 4850 cem
481 4785 652 4866 descripsit.
700 4781 776 4846 Nam
805 4783 963 4848 Cotltolicu
984 4783 1146 4869 tegendum
1168 4793 1226 4861 est,
1249 4804 1309 4867 quo
1331 4786 1451 4849 ucmiuo
1474 4785 1642 4868 appellatur
1664 4788 1763 4850 oratio

392 4884 507 4962 similis,
529 4886 560 4947 in
583 4903 642 4966 qua
664 4884 827 4946 universim
856 4901 913 4964 pro
943 4885 1079 4948 omuibus
1108 4885 1250 4966 personis
1280 4893 1311 4949 et
1338 4885 1431 4950 rebus
1460 4903 1570 4967 preces
1598 4885 1636 4949 ad
1663 4885 1760 4948 Deum

391 4983 475 5050 liunt.
515 4983 560 5046 lta
583 4988 682 5044 autem
704 4982 889 5062 perficienda
912 4991 959 5048 est
979 4984 1030 5048 illa
1052 4987 1159 5066 oratio,
1182 5005 1223 5050 ex
1243 4985 1336 5052 blissa
1358 4985 1550 5064 blalabarica,
1572 4985 1636 5048 Pro
1658 4987 1759 5048 omni-

1465 5089 1543 5166 78*
