4782 6068
552 727 558 746 ‚
645 645 721 726 590
1145 585 1503 728 urrunnun

339 850 369 904 ln
388 847 453 906 Call.
474 856 571 905 recent.
589 852 632 903 in-

323 937 632 1006 aefimrslisaratiaqass

323 1022 426 1074 sirletus
443 1025 581 1091 supposita.

748 833 932 909 Sacerdos.
984 838 1127 911 Domine
1152 836 1245 911 Deus
1271 847 1402 935 potens,
1428 837 1571 911 Domine
1597 848 1632 910 et
1650 838 1744 911 Deus
1769 849 1886 913 noster
1911 840 2010 930 bone,

645 956 700 1050 qni
727 974 765 1025 es
792 952 910 1050 plenus
936 953 1180 1042 misericordia,
1207 975 1366 1046 rogamus
1393 964 1427 1027 te
1452 954 1597 1028 Domine
1622 955 1717 1030 Deus
1742 967 1858 1029 noster
1884 967 1918 1029 et
1943 957 2010 1030 de-

644 1091 820 1165 precamur
846 1069 1054 1143 clementiam
1077 1070 1234 1144 bonitatis
1260 1078 1355 1144 tuae:
1381 1093 1425 1142 ne
1450 1092 1513 1146 nos
1540 1070 1676 1144 inducas
1702 1073 1845 1146 Domine
1871 1076 1905 1145 in
1932 1085 2012 1146 tan-

644 1188 820 1272 tationem,
857 1185 918 1258 sed
949 1185 1054 1280 libera
1085 1197 1120 1259 et
1152 1186 1248 1260 salva
1273 1209 1337 1260 nos
1364 1211 1384 1259 a
1410 1185 1515 1277 malo,
1548 1199 1582 1261 at
1613 1186 1655 1259 ab
1689 1189 1894 1262 exercitibus
1927 1193 2012 1282 ejus,

644 1306 721 1399 quia
748 1310 836 1373 tuum
863 1311 917 1376 est
941 1324 1094 1396 reguum,
1119 1306 1237 1392 virtus,
1264 1302 1379 1392 robur,
1405 1301 1564 1376 tortitsma
1595 1314 1629 1376 et
1654 1307 1827 1400 imperium
1853 1309 1887 1378 in
1913 1305 2011 1380 eaelo

643 1428 678 1492 ct
702 1423 737 1492 in
762 1428 864 1508 terra,
889 1438 976 1492 nuuc
1003 1430 1035 1492 et
1062 1442 1204 1517 semper.

731 1526 870 1628 Siqnot
895 1557 933 1607 sc
960 1539 1083 1629 ipsum.-
1108 1541 1144 1605 et
1168 1533 1384 1628 respondent.
1436 1534 1556 1607 Amen.

745 1651 794 1722 Et
811 1655 1043 1747 prosequitur.
1095 1651 1170 1723 Pax
1195 1647 1378 1722 vobiscum.
1491 1699 1493 1704 .

745 1766 976 1861 Respondent.
1028 1767 1155 1840 Tecum
1182 1777 1216 1839 et
1242 1789 1317 1838 cum
1342 1767 1458 1862 spiritu
1485 1775 1552 1837 tun.

746 1883 983 1978 Prosequitur.
1013 1881 1044 1923 ¹⁹
1069 1883 1192 1956 Sancta
1219 1885 1343 1956 sanctis
1369 1881 1467 1954 decet
1493 1884 1526 1952 in
1552 1877 1768 1977 perfectione.

745 2001 793 2072 Et
814 2000 940 2072 sticum.
976 1998 1069 2074 Unus
1094 2000 1196 2072 Pater
1224 2007 1373 2072 sanctus:
1400 2019 1485 2070 anus
1511 1995 1614 2068 Filius
1641 2003 1793 2068 sanctus:
1819 2018 1904 2070 unus
1924 1995 2011 2092 Spi-

643 2120 726 2190 ritus
761 2124 905 2190 sanctus.
959 2115 1076 2189 Gloria
1100 2116 1209 2206 Patri,
1242 2125 1276 2187 et
1307 2113 1411 2206 Filio,
1445 2123 1479 2186 et
1504 2112 1639 2209 Spiritui
1673 2121 1789 2185 sancto
1815 2115 1849 2184 in
1875 2111 2011 2187 saecula

643 2233 861 2309 saeculorum.
913 2233 1033 2308 Amen.

747 2348 934 2422 Diaconos.
985 2348 1145 2423 Laudato.
1198 2349 1247 2420 Et
1270 2348 1386 2420 climart
1409 2347 1685 2438 Responsoriorn.

746 2466 892 2561 Cumque
916 2469 1009 2538 ccnit
1033 2466 1213 2538 Diaconos
1238 2465 1285 2536 aa
1305 2462 1512 2558 potantum
1542 2455 1575 2498 ²⁰
1602 2459 1744 2532 reticens
1770 2460 1864 2532 llicit.
1917 2462 2009 2534 Pre-

643 2605 756 2656 eemur
781 2605 900 2679 pacem
926 2582 1109 2656 nobiscum.

746 2697 922 2770 Sacerdos
947 2699 1041 2770 dicit.
1095 2698 1211 2771 Gratia
1236 2697 1379 2795 Spiritus
1406 2700 1513 2772 sancti
1538 2701 1583 2774 sit
1606 2707 1735 2788 tecuam
1759 2692 1950 2786 uobiscum,
1977 2704 2012 2768 et

643 2833 718 2886 cum
743 2815 998 2911 suscipientibus
1024 2815 1123 2888 illum.
1172 2825 1175 2837 '

745 2930 794 3002 Et
819 2929 880 3002 dut
903 2931 1066 3003 Diacaoa
1094 2931 1246 3003 calicem.
1291 2931 1473 3005 Diaconos
1498 2929 1593 3002 dicit.
1633 2928 1782 3002 Benedic
1806 2928 1958 3002 Domine.

744 3046 929 3121 Sacerdos.
975 3049 1107 3120 Donum
1141 3051 1271 3142 gratim
1304 3047 1537 3134 annotans,
1573 3055 1609 3118 et
1632 3045 1766 3117 Domini
1796 3048 1903 3118 nostri
1927 3044 2010 3119 lesu

642 3161 764 3237 Christi
791 3164 1014 3260 compleatur,
1040 3167 1074 3235 in
1100 3163 1387 3251 miserationibus,
1414 3185 1489 3236 eum
1516 3159 1677 3235 omuibus.

612 3350 616 3359 ,
744 3281 792 3352 Et
817 3284 931 3374 nqnut
958 3301 1061 3352 cruce
1091 3281 1261 3375 popedon.
1330 3279 1471 3354 Interea
1504 3280 1662 3350 dicamur
1688 3277 1934 3371 Desponscriu.
1975 3272 2009 3313 ²¹

641 3397 778 3469 Fratres
805 3400 965 3493 suscipite
990 3418 1112 3493 corpus
1139 3397 1226 3488 Filii,
1252 3398 1373 3469 clamat
1397 3395 1567 3469 Ecclesia:
1594 3404 1634 3481 et,
1652 3391 1756 3467 bibite
1775 3392 1912 3466 calicem
1934 3395 2010 3487 ejus

641 3534 713 3585 cum
740 3511 805 3585 fide
832 3515 864 3582 in
891 3515 987 3606 regni
1018 3511 1127 3586 darno.

743 3629 876 3702 Diebus
898 3633 1007 3724 festis.
1060 3628 1199 3702 Robora
1225 3630 1376 3702 Domine.

742 3746 937 3818 Dominica.
989 3747 1133 3819 Domina
1158 3745 1241 3817 lesu
1267 3743 1408 3818 Christe.

746 3860 916 3948 Quotidie.
968 3860 1134 3957 Mysteria
1160 3884 1247 3958 quae
1274 3862 1489 3956 suscepimus.

748 3979 877 4050 Finitis
903 3979 1148 4072 Respcnsoriis
1172 3978 1352 4050 Diaconos
1377 3977 1471 4048 llicit.
1524 3975 1649 4048 Omnes
1675 3977 1784 4067 igitur.

749 4094 797 4166 Et
822 4095 1039 4190 respondent.
1091 4092 1205 4168 Gloria
1230 4097 1294 4190 ipsi
1319 4103 1455 4190 propter
1481 4091 1600 4165 donum
1628 4113 1723 4165 sunm
1748 4087 1921 4162 inellabils.

742 4210 930 4284 Menos.
982 4211 1164 4284 Precemur
1188 4231 1307 4308 pacem
1332 4207 1515 4284 uobiscum.

833 4485 1009 4558 Soandos
1034 4490 1070 4558 in
1096 4486 1205 4558 nwrlio
1232 4485 1355 4559 altaris
1381 4485 1466 4556 dicit
1491 4484 1580 4555 bunc
1608 4448 1812 4554 Orationem.

744 4677 886 4768 Dignum
913 4686 966 4750 cst
991 4677 1146 4767 Domine,
1168 4677 1290 4768 justum
1318 4685 1352 4749 et
1378 4695 1517 4770 aequum
1538 4673 1689 4746 omnibus
1711 4671 1840 4762 niobae,
1867 4681 2006 4767 tempo-

640 4790 732 4866 ribus
759 4790 909 4867 etheris
936 4792 1104 4883 cantitari,
1131 4791 1290 4882 adorare,
1323 4801 1359 4866 et
1381 4789 1518 4864 laudare
1543 4811 1663 4862 nomen
1690 4788 1866 4862 bmcndum
1888 4783 2006 4882 maje-

641 4913 735 4986 statis
761 4919 858 4998 tuas,
885 4913 961 5005 qaia
989 4910 1109 5004 dignos
1135 4909 1246 4983 iecisti
1270 4931 1337 5008 nos
1360 4907 1502 4980 Domine
1528 4930 1590 5004 per
1621 4909 1762 5000 gratiam
1794 4915 1899 4995 mam,
1933 4905 2007 4978 bo-

640 5031 747 5100 mines
779 5025 937 5098 mortales
970 5025 1222 5120 imbecillasque
1256 5034 1416 5111 naturae,
1448 5033 1485 5098 ut
1518 5046 1593 5097 cum
1628 5020 1850 5118 spiritualibus
1883 5044 2009 5096 namen

641 5153 731 5216 tuum
755 5141 1051 5233 sanctificaremus,
1078 5151 1112 5214 et
1137 5145 1372 5239 mysteriorum
1398 5140 1477 5215 dani
1502 5145 1548 5215 tui
1574 5139 1728 5215 fieremus
1753 5143 1944 5237 participes,
1971 5149 2009 5217 et
