4784 6040
788 561 829 638 tlt
854 559 1061 637 Luuuuthtt
1086 557 1222 637 tucotu
1246 559 1434 638 uuussuut
1720 560 1792 636 381

432 746 532 828 logos,
555 743 702 807 Severum
714 743 896 825 Episcopum
918 743 1111 822 Asobmonin,
1135 745 1185 826 qui
1209 744 1286 807 idem
1308 743 1375 808 luse
1398 745 1532 826 exponit,
1555 751 1587 807 et
1608 745 1693 823 alios,
1717 761 1821 827 quo--

431 863 497 908 rum
520 843 589 906 alibi
612 845 778 906 testimonia
802 844 896 906 relata
919 851 997 906 suot.
1041 843 1136 906 Unum
1158 851 1257 905 autem
1280 861 1393 924 corpus
1414 852 1549 906 sanctum
1572 843 1695 908 dicitur:
1727 847 1797 928 quio

432 943 575 1006 utmultis
588 941 834 1006 docetBarsulibi
856 950 1073 1005 sacramentum
1094 961 1184 1006 unum
1207 950 1265 1018 est,
1288 942 1421 1024 quamvis
1444 944 1474 1005 in
1496 945 1657 1026 speciebus
1672 941 1797 1020 duabus,

432 1039 557 1106 etsasls
571 1041 704 1106 duobus:
727 1050 917 1123 quapropter,
940 1043 1043 1122 inquit,
1063 1043 1218 1122 particulo
1240 1041 1330 1104 calici
1350 1043 1527 1118 immittitur,
1548 1051 1582 1106 ut
1606 1045 1797 1125 sigeritioamr,
1845 1038 1955 1093 caum
1928 1039 2081 1130 mutuum
2049 1041 2121 1094 “⁰⁰⁶⁶

431 1145 489 1206 boc
510 1159 577 1204 esse
598 1161 709 1222 corpus
729 1144 817 1204 istius
836 1143 1008 1222 sanguinis:
1031 1143 1164 1222 huncque
1186 1143 1360 1221 sanquinem
1381 1142 1469 1202 istius
1490 1144 1640 1222 corporis,
1662 1144 1798 1224 prrodpue
1810 1142 1866 1194 ⁰·011
1886 1127 1929 1180 ¹⁶·

431 1241 710 1400 ἱίσιενιὼιίηιὺιυαείε
722 1240 848 1318 duabsu,
872 1259 982 1320 corpus
995 1243 1172 1322 otsanguis,
1193 1260 1283 1304 unam
1304 1249 1402 1303 tamem
1417 1248 1463 1302 est
1484 1259 1594 1324 corpus
1616 1243 1796 1306 domiaicmu

436 1339 462 1401 l'
518 1339 612 1403 'lici

804 1617 838 1688 3.
873 1617 1072 1706 Benedicti,
1096 1620 1214 1710 fregit,
1241 1617 1322 1705 edit,
1349 1623 1413 1688 etc.

542 1810 598 1887 lm
619 1819 651 1882 in
672 1818 814 1901 Liturgiis
838 1818 971 1900 Copticis
995 1825 1026 1881 et
1047 1818 1181 1900 Syriacis
1210 1819 1377 1898 nonnullis,
1407 1819 1461 1882 sed
1491 1820 1600 1886 rarius.
1646 1819 1794 1889 Constans

431 1932 530 1988 tumen
552 1923 697 2005 Syrorum
719 1923 884 1986 Doctorum
911 1923 1058 1985 sententis
1087 1931 1143 1987 cst.
1188 1923 1342 1986 Barsalibi.
1386 1922 1540 1986 Sacerdos
1559 1926 1688 2004 primum
1709 1943 1795 1988 oom-
1841 1930 1878 1982 tu
1897 1933 1983 1993 0218.

305 2047 309 2059 ·
431 2025 564 2087 manicat
583 2024 752 2106 mysteriis:
781 2024 860 2084 simu
886 2023 977 2084 etium
1005 2021 1151 2084 Dominus
1177 2031 1280 2084 moster
1299 2023 1428 2102 primum
1449 2023 1567 2104 quidem
1589 2025 1795 2086 commuuion-

431 2124 476 2183 oit
496 2123 620 2204 corpori
641 2131 671 2184 et
691 2123 831 2202 sanguiris·
851 2139 906 2183 suo
923 2122 956 2182 iu
968 2122 1147 2184 eomamdo:
1170 2121 1277 2183 deiude
1298 2129 1453 2202 utrumque
1473 2120 1638 2202 Disciputis
1660 2141 1795 2186 commu-

432 2221 555 2283 nicooit.

498 2483 532 2580 ll,
571 2431 652 2552 Non
678 2486 794 2572 tepent
817 2485 966 2573 peccata
991 2485 1111 2553 nostra
1136 2479 1280 2572 sigilium
1306 2479 1507 2552 Chrisructis
1532 2485 1581 2552 lui
1605 2486 1726 2554 sancti.

522 2673 594 2750 Hoc
616 2683 684 2745 loco
698 2679 801 2768 μῦρον
822 2683 887 2744 sive
900 2681 1147 2746 chrismationem
1166 2681 1329 2764 significari
1349 2683 1542 2764 perspicuum
1565 2693 1627 2764 est,
1650 2693 1683 2747 ut
1705 2686 1794 2748 etiam

431 2789 536 2852 iisdem
557 2785 660 2849 verbis
690 2787 719 2848 iu
741 2785 876 2867 Liturgia
903 2786 1059 2878 Philoxeni
1085 2785 1278 2867 liubugeosis
1308 2787 1373 2850 sive
1401 2787 1634 2868 Hieropolituni,
1668 2787 1793 2870 legitur:

431 2886 1199 2966 nonfaciasuospartemipnisiiis'uaordeatrs,
1228 2884 1462 2966 puiuChm'auo
1489 2889 1796 2950 tuumsouctumsi-

434 2993 556 3066 9actam
570 2985 610 3046 =iu
631 2979 719 3046 uobis
741 2991 794 3047 est.
839 2984 884 3046 Eo
907 2984 974 3046 loco
997 3002 1052 3065 per
1074 3002 1183 3048 vocem
1205 2983 1397 3059 Chrismatis,
1426 2983 1602 3067 intelligitur
1623 3002 1685 3047 non
1707 2986 1795 3050 modo

434 3091 649 3147 sacramentum
674 3082 926 3168 Confirmationis,
946 3085 1011 3146 sive
1033 3083 1148 3166 timon,
1171 3091 1204 3146 ut
1226 3082 1435 3164 appellatura
1457 3081 1634 3148 Christianis
1653 3083 1796 3149 Oriente-

433 3171 525 3261 libus,
554 3182 610 3248 sed
639 3183 727 3246 etiam
754 3182 912 3264 Baptismi,
944 3185 994 3264 qui
1023 3183 1108 3246 simul
1138 3184 1167 3244 in
1199 3181 1322 3246 Oriente
1352 3182 1581 3246 administratur.
1624 3183 1666 3246 ht
1687 3185 1717 3246 iu
1739 3186 1795 3248 ista

432 3281 565 3364 Liturgia
588 3289 746 3364 utrumque
768 3289 988 3345 sacramentum
1010 3281 1219 3364 distinguitur,
1241 3281 1432 3364 sigillumque
1455 3281 1647 3358 Cbn'smatis,
1670 3301 1686 3344 a
1709 3292 1795 3347 vesto

433 3381 639 3463 baptismatis,
667 3399 725 3462 qua
754 3380 904 3445 Christum
925 3381 1089 3458 induimus,
1119 3381 1199 3444 aliud
1221 3399 1291 3444 osse
1313 3379 1493 3444 declaratur.
1537 3380 1583 3444 Eo
1605 3382 1741 3458 nomine,
1765 3381 1795 3444 id

434 3480 514 3561 quod
535 3498 591 3544 uos
614 3478 759 3544 Catholici
782 3480 986 3544 characterem
1010 3480 1194 3562 appellamus
1216 3479 1343 3563 intelligi
1365 3488 1482 3542 certum
1513 3488 1577 3556 est,
1608 3497 1696 3561 quem
1726 3481 1795 3544 dum

435 3597 530 3660 aeque
544 3598 601 3660 per
619 3577 755 3642 Chrisma
777 3581 843 3642 sive
856 3579 1115 3644 Continuationem
1137 3579 1262 3660 imprimi
1286 3586 1464 3660 agnoscunt,
1488 3579 1575 3641 simul
1597 3587 1699 3652 rectae
1721 3596 1794 3642 suae

435 3679 472 3741 de
496 3679 553 3742 hoc
575 3686 763 3742 sacramento
786 3679 942 3742 doctrinae
964 3679 1162 3742 testimonium
1185 3677 1295 3742 dicunt.

435 3957 469 4028 5.
511 3955 584 4027 Nos
610 3957 637 4025 ii
663 3977 783 4041 summ,
809 3954 972 4042 Donasse,
1006 3959 1064 4048 qui
1089 3959 1302 4027 sustinuimus
1327 3907 1571 4043 contumeliam,
1598 3961 1632 4026 el
1659 3974 1793 4046 oppro-

693 4075 695 4085 '
839 4069 948 4140 briam
971 4093 1038 4164 pro
1065 4075 1197 4143 uomiue
1223 4079 1293 4162 tuo,
1319 4079 1383 4145 eto.
1482 4077 1484 4084 ’

532 4263 586 4342 Au
602 4273 741 4336 miseram
757 4270 993 4336 Christianorum
1015 4274 1216 4338 conditionem
1234 4275 1289 4338 sub
1301 4274 1517 4339 bluhamedana
1538 4275 1696 4356 tyrannide
1718 4273 1794 4336 haec

434 4377 528 4440 verba
551 4376 714 4441 referenda
736 4384 821 4440 sunt:
845 4393 910 4438 cum
929 4377 990 4458 jam
1010 4378 1172 4441 extinctum
1195 4388 1279 4442 esset
1298 4380 1455 4444 Persanuu
1472 4378 1642 4460 lmperium.

536 4658 569 4730 6.
613 4654 658 4726 ut
683 4657 856 4726 commista
881 4661 916 4725 ot
941 4657 1038 4725 anilo
1063 4657 1238 4728 cuimobus
1263 4663 1299 4728 et
1325 4653 1527 4749 corporibus
1552 4659 1688 4726 uostris.

521 4844 578 4927 Ex
599 4859 645 4921 his
667 4869 698 4923 et
719 4859 862 4925 similibus
884 4860 1052 4936 sententiis,
1075 4877 1151 4941 quae
1173 4860 1284 4941 passim
1306 4861 1337 4922 in
1352 4858 1462 4923 Olllciis
1484 4859 1580 4922 sacris
1599 4857 1793 4922 Orientalium

434 4968 612 5039 oocuumnt,
642 4963 715 5026 satis
744 4968 878 5039 constat,
908 4961 978 5042 quid
1000 4962 1042 5026 illi
1064 4965 1194 5027 sentiant
1216 4962 1254 5026 de
1276 4981 1350 5026 vcra
1372 4970 1403 5025 et
1422 4961 1498 5025 reah
1521 4953 1659 5042 corporis
1681 4960 1792 5025 Christi

432 5079 490 5144 per
502 5078 657 5126 sacrorum
671 5064 880 5146 mysteriorum
892 5059 1113 5146 susceptionem
1125 5061 1362 5144 manducatione,
1386 5061 1465 5144 quod
1483 5079 1543 5126 non
1565 5061 1655 5126 modo
1675 5061 1792 5125 ammae

1506 5163 1588 5239 st*
