4730 6038
587 649 596 666 ‘
726 669 802 745 mc
1230 670 1586 748 mamam

726 855 864 918 omnibus
898 856 1037 937 antiquae
1071 855 1149 937 legis
1181 855 1336 920 sacriliciis
1363 854 1457 936 longa
1485 862 1643 936 praestare
1675 855 1866 939 agnoscitur,
1897 874 1914 918 a
1943 853 2034 936 plebe
2064 854 2096 916 iu

724 953 853 1036 publicis
881 955 1066 1035 privatisque
1098 955 1259 1035 precibus,
1298 961 1329 1018 et
1358 955 1395 1018 ab
1429 955 1566 1018 omuibus
1596 953 1770 1037 Theologis.
1821 953 1862 1017 At
1897 953 1970 1016 nihil
1999 953 2096 1018 simile

724 1055 852 1138 cogitari
874 1064 990 1135 posset,
1015 1055 1040 1116 si
1063 1056 1149 1135 panis
1171 1055 1386 1134 tantummodo,
1410 1061 1442 1118 et
1464 1055 1565 1116 vinum
1587 1053 1654 1118 Deo
1677 1053 1874 1118 oilerrentur:
1904 1055 1943 1117 ita
1965 1069 2095 1114 necessa

724 1159 772 1214 est
793 1153 996 1232 praestantius
1018 1153 1157 1234 quiddam
1180 1153 1284 1216 ollerri
1305 1153 1380 1236 Deo,
1401 1152 1493 1234 idque
1515 1153 1585 1217 nihil
1609 1153 1688 1216 aliud
1711 1171 1781 1217 esse
1804 1159 1922 1233 potest,
1953 1170 2041 1233 quam
2065 1149 2095 1212 id

724 1251 805 1332 quod
836 1261 876 1314 etr
903 1271 981 1334 pane
1010 1261 1040 1314 et
1061 1255 1133 1316 vino
1164 1271 1221 1334 per
1247 1271 1337 1316 sacra
1364 1253 1458 1315 verba
1486 1261 1517 1314 ct
1545 1254 1752 1334 operationem
1780 1251 1907 1332 Spiritus
1937 1251 2034 1314 sancti
2065 1250 2095 1312 in

724 1349 884 1429 elementa,
907 1351 973 1414 fieri
996 1351 1123 1414 credunt
1145 1350 1324 1415 Orientales.
1381 1349 1455 1412 lllud
1479 1359 1578 1413 autem
1599 1359 1647 1414 111
1669 1349 1788 1432 Corpus
1813 1350 1941 1428 Christi,
1975 1367 2042 1412 nam
2066 1349 2095 1412 id

724 1450 837 1530 ubique
859 1457 1009 1513 testantur
1030 1452 1061 1512 in
1083 1451 1238 1534 liturgiis,
1262 1452 1292 1513 in
1315 1450 1542 1530 Catachesibus,
1565 1453 1596 1513 11
1612 1450 1756 1515 1111111111.
1780 1450 1836 1512 Ubi
1858 1468 1952 1532 porro
1974 1449 2095 1511 victima

725 1556 783 1625 cst,
807 1547 848 1610 ibi
870 1567 991 1631 quoque
1014 1550 1192 1613 sacrificium
1216 1559 1264 1612 111
1285 1547 1526 1632 intelligendum:
1550 1549 1600 1613 illa
1622 1551 1652 1613 iu
1674 1551 1744 1631 ipso
1768 1549 1916 1613 1111111111
1940 1549 2095 1613 consumi-

725 1655 787 1710 tur:
824 1658 916 1730 atque
954 1668 991 1711 11
1018 1649 1134 1714 ratione
1165 1650 1283 1731 Corpus
1321 1647 1432 1712 Christi
1465 1649 1645 1712 immolatum
1675 1659 1705 1712 et
1732 1649 1930 1713 sacrificatum
1961 1650 2095 1712 existere

725 1757 941 1828 agnoscentes,
965 1748 1097 1829 illudque
1121 1767 1193 1811 vere
1217 1749 1330 1829 suscipi
1360 1769 1376 1812 a
1401 1748 1594 1825 Christianis,
1625 1758 1794 1832 agnoscunt
1821 1749 1907 1812 simul
1937 1765 2042 1810 verum
2065 1748 2095 1808 in

724 1845 860 1928 liturgia
883 1847 1028 1929 Corporis
1052 1848 1162 1911 Christi
1185 1849 1382 1926 sacrificium,
1412 1857 1502 1929 atque
1533 1848 1610 1911 adeo
1637 1848 1830 1911 oblationem.
1883 1847 1965 1910 11111
1997 1847 2095 1908 omnia

724 1947 893 2026 perspicuis
917 1955 947 2009 et
969 1947 1153 2027 simplicibus
1176 1949 1278 2010 verbis
1308 1947 1456 2011 docentur
1479 1947 1650 2010 Orientales
1673 1947 1832 2010 Christiani
1863 1947 2095 2028 perorationes

724 2045 894 2128 liturgicus
918 2065 1004 2110 suas:
1036 2046 1254 2110 Eucharistiam
1278 2066 1347 2110 1111
1375 2047 1551 2110 sacrificium
1581 2047 1736 2126 spirituale
1766 2055 1796 2110 11
1825 2048 2030 2122 incruentum,
2064 2043 2094 2104 in

725 2163 787 2225 quo
809 2146 928 2208 victima
951 2147 990 2210 sit
1012 2145 1132 2227 Corpus
1155 2155 1185 2210 et
1208 2148 1337 2229 Sanguis
1361 2146 1482 2224 Christi,
1506 2147 1613 2228 quise
1636 2147 1735 2227 ipsum
1758 2146 1863 2210 obtulit
1885 2146 2013 2209 hostiam
2037 2146 2095 2206 im·

724 2245 899 2308 maculatam
929 2246 1009 2308 Deo:
1038 2246 1069 2308 in
1102 2265 1194 2309 cruce
1221 2247 1347 2310 scilicet.
1403 2246 1587 2310 Sacrificium
1613 2263 1688 2310 vero
1720 2248 1751 2308 in
1782 2265 1874 2309 cruce
1904 2245 2035 2309 oblatum
2066 2245 2095 2307 in

724 2343 824 2410 multis
847 2344 1042 2408 Orientalium
1053 2343 1275 2408 Ecclesiasticis
1298 2345 1450 2427 precibus,
1473 2346 1552 2409 idem
1569 2365 1639 2409 1111
1662 2346 1781 2424 dicitur,
1805 2352 1896 2428 11111
1918 2344 1990 2407 illud
2014 2343 2094 2426 quod

724 2445 756 2506 in
779 2443 864 2506 altari
887 2441 1023 2506 ollertur.
1070 2444 1101 2507 Si
1124 2445 1199 2507 baec
1222 2447 1390 2525 11111111
1413 2447 1484 2508 satis
1510 2446 1661 2527 explicata
1683 2445 1921 2508 Protestautibus
1944 2461 2004 2505 non
2027 2443 2094 2506 sul-

724 2540 835 2614 ficiunt,
856 2541 959 2604 licebit
980 2542 1037 2604 illis
1061 2544 1230 2624 inscriptis
1254 2542 1477 2626 Theologorum
1507 2545 1593 2626 plura
1615 2545 1770 2626 reperire,
1799 2544 1972 2625 etquidem
1996 2561 2094 2624 quan-

725 2649 787 2703 tum
817 2643 891 2704 satis
921 2643 987 2706 erit.
1044 2641 1195 2724 Quidquid
1229 2646 1306 2706 enim
1344 2643 1381 2706 ad
1419 2644 1656 2708 confirmandam
1682 2645 1890 2707 Eucharistiae
1919 2643 2007 2706 fidem
2036 2644 2094 2705 dici

724 2748 839 2822 potest,
861 2738 973 2804 dictum
996 2742 1033 2804 ab
1056 2742 1114 2806 illis
1138 2751 1195 2822 est,
1224 2761 1320 2825 eaque
1350 2751 1508 2806 tractatum
1530 2743 1691 2822 methodo,
1719 2762 1797 2825 quae
1826 2762 1893 2806 cum
1924 2751 2093 2807 nostrarum

724 2839 899 2905 Scholarum
933 2840 1114 2926 Theologia,
1141 2851 1267 2924 praeter
1294 2843 1363 2904 fidei
1391 2842 1557 2923 perfectam
1585 2843 1804 2907 similitudinem
1838 2861 1995 2906 commune
2023 2842 2095 2906 nihil

725 2939 827 3018 habet,
850 2946 881 3003 ct
903 2940 1016 3004 idcirco
1040 2960 1058 3004 a
1079 2943 1192 3006 nostris
1214 2942 1395 3020 hominihus,
1418 2951 1450 3005 ut
1472 2943 1648 3008 Alhcrtinus
1670 2953 1701 3007 et
1718 2943 1861 3008 Claudius
1884 2942 1996 3007 trustra
2019 2960 2094 3024 pro·

724 3039 800 3102 bare
822 3041 921 3104 conati
945 3049 1024 3120 sunt,
1047 3041 1105 3105 illis
1130 3041 1265 3106 instillari
1287 3059 1347 3106 non
1370 3043 1484 3124 potuit:
1505 3044 1562 3108 sed
1584 3043 1659 3107 haec
1682 3043 1840 3110 subiciunt.
1864 3079 1871 3090 ·

1150 3379 1234 3387 ,,,,,
1237 3365 1636 3408 ψ..
1663 3389 1676 3394 ,,

1111 3763 1768 3943 titulati

848 4097 1971 4234 nituntuttnstontt

1131 4402 1282 4474 Primaan
1310 4401 1431 4474 Oratio
1457 4409 1538 4474 onte
1562 4404 1700 4474 Pacata.

802 4593 1145 4708 Tamannouna
1161 4648 1328 4714 securam,
1355 4635 1389 4696 11
1408 4646 1525 4720 pacem
1541 4622 1815 4697 indissolubilem:
1843 4627 2014 4698 caritatem
2030 4647 2096 4698 non

726 4737 1033 4831 defervescentem,
1072 4740 1116 4813 da
1154 4751 1188 4813 et
1227 4740 1375 4816 concede
1415 4741 1537 4815 ovibus
1576 4738 1792 4813 rationalibus
1830 4765 1979 4839 pascuae
2020 4754 2095 4816 tuae

723 4855 877 4929 Domine.

830 4971 991 5066 Populea.
1045 4974 1163 5045 Amen.

829 5089 1014 5161 Sacerdos.
1067 5089 1153 5161 Pax.

832 5191 992 5287 Populea.
1044 5191 1088 5264 Et
1113 5214 1198 5265 cum.
