4728 6028
685 557 736 632 os
965 512 968 524 ’
1058 554 1678 632 onsanvlrronos

684 739 752 804 dice
775 740 951 804 Florentino
973 746 1005 802 et
1026 737 1107 801 aliis:
1130 738 1186 802 sed
1208 753 1308 817 neque
1331 737 1362 799 in
1384 736 1610 818 theologorum
1633 737 1757 818 scriptis
1779 735 1942 818 quidquam
1964 735 2058 818 vulgo

683 837 813 918 legitur,
836 838 918 918 quod
941 837 980 900 ad
1002 837 1127 899 similem
1150 835 1189 900 de
1211 835 1335 899 honoris
1357 836 1574 916 praerogativa
1595 835 1678 898 litem
1700 837 1857 917 pertinere
1878 834 2029 898 videatur.

412 943 453 998 nn
472 945 605 998 antenna
621 959 670 1012 pro
771 937 883 999 Verum
905 936 1001 1016 major
1022 934 1178 998 dilllcultas
1201 934 1335 996 noscitur
1357 952 1397 996 ex
1419 931 1565 1008 formula,
1588 951 1668 998 nova
1689 951 1816 1016 prorsus
1839 939 1871 994 et
1897 932 1969 994 abbi
1990 934 2062 994 inu-

360 1029 467 1101 virgine
484 1039 511 1085 et
528 1031 635 1085 smetii.
684 1033 787 1111 sitata,
812 1051 900 1114 quam
922 1033 1013 1096 babet
1036 1033 1119 1096 Ordo
1143 1032 1239 1094 Olllcii
1262 1032 1427 1108 communis
1450 1032 1481 1093 in
1504 1030 1619 1095 Codice
1643 1030 1832 1096 Colbertino.
1875 1030 1952 1093 Nam
1982 1033 2062 1094 inter

685 1132 983 1193 commemorationes
1007 1148 1111 1192 eorum
1134 1148 1190 1210 pro
1213 1130 1322 1210 qulbus
1346 1136 1467 1206 oratur,
1491 1137 1524 1192 ut
1545 1130 1628 1193 Deus
1648 1137 1784 1210 praestet
1803 1129 1864 1191 iilis
1885 1130 2012 1209 quietem
2034 1135 2066 1190 et

684 1229 862 1292 memoriam
884 1228 1012 1303 ιιοιιιιιιι,
1033 1229 1204 1291 nominatur
1225 1227 1259 1292 B.
1282 1229 1386 1309 Virgo.
1430 1227 1564 1290 Praesto
1594 1230 1685 1290 etiam
1710 1247 1770 1308 per
1798 1227 1874 1289 illud
1897 1228 2062 1304 iacerem,

684 1326 811 1404 quietem
833 1331 864 1385 et
883 1328 1059 1388 memoriam
1082 1326 1193 1388 bartam
1213 1325 1362 1388 Genitrt'ci
1389 1333 1473 1397 brae.
1496 1332 1528 1386 et
1546 1326 1669 1388 Scaena
1693 1327 1770 1404 tais,
1790 1325 1836 1404 fili
1860 1323 1990 1399 Obriste,
2012 1325 2065 1404 qni

675 1423 846 1497 'adamim
869 1430 898 1483 et
918 1424 1104 1502 piceipicei-is
1126 1443 1193 1486 cum
1214 1423 1310 1486 Patre
1331 1429 1382 1486 tuo
1404 1430 1436 1485 et
1454 1422 1571 1502 Spiritu
1593 1432 1654 1486 tno.
1687 1423 1726 1486 Et
1738 1421 1828 1504 paulo
1850 1423 1945 1502 prius.
1981 1421 2064 1484 Ecce

685 1519 881 1591 obsecramus
903 1527 948 1598 te,
970 1519 1098 1583 Domine
1120 1520 1218 1598 Dens,
1240 1523 1360 1600 suspice
1382 1523 1536 1584 incensam
1558 1521 1640 1582 istud
1662 1529 1848 1596 mamalum,
1871 1521 1952 1599 qatod
1977 1518 2066 1600 offert

686 1619 741 1680 libi
762 1618 893 1678 tenatiae
913 1626 1034 1696 nostra,
1055 1637 1112 1699 pro
1134 1627 1244 1681 aartcto
1257 1619 1409 1682 Genilrt'ce
1430 1619 1490 1680 Dei
1500 1617 1617 1694 Mario,
1638 1638 1698 1697 pro
1709 1627 1801 1699 patre
1814 1625 1918 1679 nostro
1931 1616 2063 1696 Ammo,

685 1725 717 1777 et
737 1722 835 1776 nmtre
856 1723 963 1778 nostra
984 1716 1070 1793 an,
1089 1735 1150 1796 pro
1171 1716 1331 1796 Prophetis
1353 1723 1384 1777 et
1402 1715 1576 1796 Apostolis,
1599 1724 1654 1779 etc.
1676 1735 1735 1795 pro
1758 1713 1903 1778 divitibus
1931 1719 1962 1773 et
1978 1731 2064 1792 pon-

682 1813 825 1893 peribas,
853 1832 912 1892 pro
941 1816 1124 1894 anpmtiotis
1153 1823 1183 1876 et
1211 1813 1343 1895 afflictis.
1388 1813 1509 1878 lterum.
1555 1813 1638 1876 Deris
1663 1834 1721 1893 per
1752 1812 1939 1876 clementiam
1970 1819 2063 1886 tuom,

682 1917 811 1991 praesto
832 1913 964 1990 requiem
986 1917 1016 1974 et
1035 1915 1212 1975 mentoriam
1233 1912 1343 1974 bartam
1365 1912 1512 1974 Gettitrici
1532 1920 1620 1987 moe,
1649 1919 1679 1974 et
1703 1910 1826 1973 Sanctis
1855 1909 1933 1983 tatis,
1962 1910 2064 1970 omni-

654 1997 799 2090 immae
820 2008 981 2088 delirastis,
1003 2028 1096 2090 saper
1117 2012 1217 2073 abore
1239 2019 1321 2072 mum
1343 2019 1481 2072 sanctum
1505 2018 1534 2071 et
1550 2011 1687 2072 coeleste.
1718 2008 1799 2070 ldorn
1823 2022 1945 2087 quoque
1967 2024 2064 2086 repe-

396 2102 426 2155 P·
446 2104 507 2158 ¹¹7·
662 2107 763 2167 'ritur
785 2108 816 2168 in
840 2105 943 2170 otttcto
974 2108 1055 2187 quod
1084 2109 1274 2171 Boderianus
1305 2107 1407 2172 edidit.
1452 2107 1527 2170 lllud
1555 2125 1649 2189 porro
1677 2124 1737 2168 non
1760 2104 1850 2168 modo
1873 2112 1981 2167 contra
2004 2123 2065 2166 ve-

686 2211 799 2283 terem,
823 2207 1021 2288 omnibusque
1043 2207 1156 2268 sanctis
1178 2205 1316 2268 Patribus
1339 2206 1542 2268 confirmatam
1566 2204 1732 2268 doctrinam
1761 2202 1861 2280 soret,
1894 2202 2066 2265 sedetiam

400 2304 469 2376 ling.
498 2309 579 2361 sem
611 2308 674 2361 169.
687 2309 794 2364 contra
816 2302 973 2368 Ecclesiae
996 2302 1176 2367 universalis
1205 2302 1401 2384 disciplinam.
1446 2302 1576 2384 ideoque
1604 2302 1711 2379 babet,
1741 2303 1835 2383 inquit
1863 2299 2064 2384 Augustinus,
2094 2365 2097 2378 ¹

360 2390 393 2446 Ν·
411 2393 460 2448 Μ
478 2403 502 2447 ‘⁸
517 2395 596 2450 Sem.
609 2393 673 2447 ²⁸⁴·
684 2400 906 2464 Ecclesiastico
927 2403 1105 2482 disciplina,
1128 2403 1209 2483 quod
1227 2403 1332 2481 fideles
1353 2409 1482 2481 nomint,
1505 2421 1573 2464 cam
1594 2401 1747 2483 Martyres
1768 2419 1804 2462 eo
1831 2401 1899 2462 loco
1926 2400 2066 2460 recitan-

684 2505 735 2560 tur
755 2500 799 2560 od
820 2500 921 2561 auare
941 2499 1017 2576 Dei,
1038 2499 1092 2562 abi
1111 2519 1172 2562 non
1191 2517 1249 2579 pro
1271 2501 1348 2580 ipsis
1370 2506 1496 2562 mator:
1515 2518 1577 2579 pro
1600 2501 1732 2562 coeteris
1753 2506 1853 2560 cotem
1880 2515 2068 2559 commenm-

684 2597 764 2658 ratt's
784 2595 935 2675 defunctis
957 2604 1074 2660 motae.
1119 2596 1237 2677 lnjarm'o
1258 2604 1305 2659 est
1325 2599 1404 2659 enm
1421 2615 1483 2677 pro
1505 2605 1638 2680 martyre
1660 2616 1762 2671 orare,
1785 2599 1870 2676 capu
1891 2615 1948 2658 nos
1969 2594 2067 2656 debe-
2116 2661 2119 2670 ,

684 2711 753 2754 mos
779 2694 969 2756 orationibus
998 2696 1213 2759 commodati.
1270 2693 1312 2756 At
1345 2695 1372 2757 si
1399 2711 1500 2774 neque
1530 2711 1586 2774 pro
1616 2696 1798 2775 martyribus
1821 2701 1942 2772 oratur,
1970 2692 2065 2756 multo

685 2791 783 2852 minus
813 2809 869 2871 pro
899 2793 1088 2855 sanctissima
1116 2793 1172 2855 liei
1200 2792 1353 2856 Genitrice
1381 2791 1486 2855 Maria.
1537 2792 1613 2856 lllud
1648 2811 1746 2874 aeque
1777 2795 1960 2855 contrarium
1989 2793 2065 2873 ipsis

686 2888 837 2969 Syriacis,
860 2898 892 2952 ut
915 2899 946 2954 et
968 2891 1033 2955 aliis
1057 2890 1194 2954 omnibus
1216 2890 1361 2975 liturgiis
1384 2891 1479 2954 soret:
1504 2908 1571 2954 cum
1594 2894 1749 2972 expressis
1772 2892 1875 2954 verbis
1893 2889 2067 2973 significent

684 2985 783 3066 illam,
805 2995 839 3049 ut
861 2988 996 3070 reliquos
1018 2997 1161 3069 sanctos,
1185 2991 1350 3071 praecipue
1373 2996 1522 3071 martyres
1545 2989 1789 3067 commemorari,
1812 2995 1845 3050 ut
1867 3001 1924 3070 per
1944 2987 2067 3050 illorum

686 3085 952 3165 intercessionem,
975 3088 1104 3150 divinam
1126 3091 1272 3170 gratiam,
1295 3095 1327 3150 et
1347 3089 1523 3152 necessaria
1546 3087 1584 3150 ad
1614 3090 1694 3151 bene
1720 3087 1871 3167 beateque
1900 3085 2065 3148 vivendum

687 3185 798 3245 auxilie
821 3186 1024 3264 impetremus.
1069 3187 1137 3249 Non
1161 3187 1328 3250 dubitamus
1350 3187 1443 3271 igitur
1465 3186 1511 3248 bis
1533 3187 1564 3248 in
1586 3185 1662 3249 locis
1685 3193 1844 3267 peccatum
1866 3185 2001 3264 potiusa
2024 3183 2065 3245 li-

686 3281 795 3346 brariis
825 3284 971 3364 imperitis
994 3284 1105 3364 fuisse,
1128 3286 1239 3376 quince
1262 3304 1340 3367 quae
1363 3284 1532 3366 disjunctim
1563 3284 1726 3347 scribenda
1755 3290 1858 3361 erant,
1893 3290 1926 3344 ut
1947 3279 2065 3363 'passim

687 3379 774 3457 alibi,
796 3383 1036 3462 conjunxerunt,
1059 3403 1149 3465 quam
1172 3392 1257 3448 certo
1281 3381 1408 3446 consilio
1437 3383 1600 3445 admissum
1630 3383 1661 3445 id
1695 3380 1805 3460 luisse,
1833 3387 1866 3442 ιιι
1896 3397 1975 3441 nova
2006 3379 2065 3442 do-

688 3480 801 3556 ctrina,
825 3498 842 3541 e
864 3499 923 3562 qua
945 3483 1138 3546 remotissimi
1161 3490 1248 3560 sunt,
1273 3491 1303 3544 et
1325 3500 1416 3562 quam
1436 3481 1608 3562 quotidiana
1628 3481 1748 3543 illorum
1768 3478 1926 3559 disciplina
1940 3477 2063 3558 refellit,

686 3578 893 3641 induceretur.
939 3578 1245 3644 commemorationes
1276 3597 1293 3641 a
1320 3579 1353 3644 tt.
1385 3580 1511 3662 Virgine
1545 3587 1577 3642 et
1610 3580 1726 3644 Sanctis
1753 3577 1899 3656 incipiunt
1927 3593 1985 3656 per
2014 3575 2064 3637 ille

688 3675 783 3738 verba
805 3676 951 3739 dlemento
973 3678 1116 3757 Domine,
1139 3684 1170 3741 et
1193 3679 1265 3754 ista,
1285 3678 1342 3757 [ac
1362 3681 1537 3742 mammam
1560 3678 1686 3740 borram:
1708 3675 1852 3740 similibus
1870 3673 1973 3736 verbis
1988 3690 2066 3734 con·-

689 3774 844 3836 tinuantur
866 3778 1030 3839 momoriae
1052 3777 1190 3838 vivorum
1213 3783 1244 3838 et
1265 3783 1460 3840 mortuorum.
1505 3775 1538 3838 ln
1560 3775 1656 3857 prima
1680 3775 1807 3856 periodo
1829 3789 1909 3854 quae
1932 3771 1968 3834 ad
1992 3771 2065 3834 Vir-

689 3873 789 3952 ginem
811 3879 843 3933 et
866 3874 994 3937 Sanctos
1016 3873 1163 3936 refertur:
1186 3875 1363 3937 terminatur
1384 3875 1482 3937 oratio
1497 3873 1643 3954 perhanc
1663 3872 1825 3936 clausulam
1838 3882 1873 3936 ut
1882 3893 1942 3953 per
1960 3893 2066 3936 comem

685 3986 796 4047 preces
818 3969 1006 4034 obtineamus
1025 3974 1160 4052 pratiam
1181 3980 1213 4034 et
1232 3973 1472 4035 misericordiam
1494 3990 1515 4033 a
1535 3971 1675 4034 Domino.
1711 3971 1795 4035 Hanc
1809 3990 1896 4050 vero,
1918 3979 1951 4033 ut
1966 3974 2066 4034 notis-

690 4067 805 4142 simam,
828 4069 928 4134 omisit
940 4069 1069 4132 sortasse
1093 4069 1211 4151 aliquis,
1235 4077 1266 4132 et
1289 4087 1356 4131 oum
1379 4069 1443 4132 aliis
1466 4071 1630 4151 conjunxit,
1652 4069 1733 4131 unde
1756 4076 1825 4131 nata
1849 4077 1895 4132 est
1914 4070 2064 4132 abnormis

690 4161 743 4223 illa
765 4163 962 4244 supplicatio,
985 4184 1063 4246 quae
1086 4186 1127 4229 ex
1156 4168 1220 4230 aliis
1242 4166 1390 4251 biturgiis
1412 4168 1591 4231 confutatur.
1636 4166 1816 4230 Addendum
1839 4176 1887 4231 est
1908 4167 2066 4232 formulam

690 4260 778 4322 istam
795 4269 926 4341 praesta
947 4267 1124 4327 memoriam
1145 4265 1271 4346 bonam,
1294 4265 1366 4328 nibil
1389 4264 1469 4326 aliud
1492 4265 1662 4348 significare
1686 4284 1792 4347 quarm
1813 4267 1970 4330 Memento.

1094 4539 1264 4612 Memorio
1290 4541 1435 4611 aliorum
1461 4537 1674 4610 Sanctorum.

783 4743 885 4821 Vnam
907 4758 958 4822 illu
980 4777 1015 4823 se
1038 4759 1130 4823 babet
1152 4758 1317 4822 secundum
1340 4757 1478 4820 diversas
1493 4756 1699 4819 Ecclesiarum
1721 4758 1967 4832 consuetudines,
1990 4776 2069 4841 quae

691 4856 723 4917 in
746 4874 784 4919 eo
806 4859 1013 4934 consentiunt,
1038 4857 1118 4938 quod
1143 4857 1289 4934 Sanctos,
1323 4873 1450 4936 quorum
1481 4856 1646 4918 communis
1677 4854 1756 4936 apud
1786 4873 1891 4918 omnes
1920 4855 1976 4918 luit
1998 4864 2069 4919 ante

691 4954 852 5019 schismata
875 4956 1050 5036 veneratio,
1072 4955 1186 5036 passim
1207 4955 1379 5034 nominant,
1402 4952 1491 5016 modo
1514 4952 1650 5034 brevius,
1672 4954 1761 5054 modo
1780 4954 1945 5036 prolixius:
1969 4970 2070 5035 neque
