4784 6040
743 551 821 626 432
1250 546 1607 626 lll'llltdlll

745 739 865 813 fiducia
891 749 925 810 et
950 740 1100 826 caritate,
1126 737 1306 810 audeamus
1332 737 1494 808 iuvocare
1519 743 1552 806 te
1578 735 1712 807 Patrem
1739 743 1902 826 meum,
1927 745 1962 806 et
1987 735 2112 827 dicere,

747 857 849 929 Pater
873 865 988 928 noster
1014 857 1069 950 qui
1095 875 1134 926 es
1160 857 1195 926 in
1222 850 1335 925 coelis.

850 970 1012 1065 Populus.
1065 969 1305 1042 Sanctificetur.

851 1087 1035 1158 Sacerdos.
1089 1085 1118 1158 0
1146 1086 1246 1158 Pater
1271 1082 1373 1174 bone,
1399 1094 1433 1156 et
1460 1093 1589 1156 amator
1613 1081 1789 1168 bonorum,
1814 1104 1859 1154 ne
1884 1104 1948 1154 nos
1975 1083 2110 1157 inducas

747 1207 1031 1288 intentationem,
1058 1223 1167 1296 neque
1193 1200 1379 1274 dominetur
1409 1203 1444 1271 in
1478 1199 1575 1273 nobis
1607 1198 1674 1270 ulla
1706 1200 1875 1294 iniquitas:
1909 1199 1980 1270 Sed
2005 1198 2112 1272 libera

748 1343 812 1394 nos
844 1319 887 1394 ah
916 1318 1075 1416 operibus
1110 1307 1223 1406 malis3
1257 1319 1543 1412 cogitationesque
1579 1315 1791 1406 indecentes,
1823 1326 1858 1387 et
1890 1317 2113 1402 tentationem,

750 1459 837 1532 quae
857 1459 904 1508 ex
923 1438 1111 1532 privatione
1133 1436 1333 1507 visitationis
1354 1444 1433 1507 tuae
1454 1435 1611 1519 nascitur,
1631 1431 1772 1529 depelle.
1808 1431 1919 1504 Motus
1942 1434 2042 1503 etiarn
2059 1432 2113 1524 qui

749 1551 893 1642 anobis,
913 1563 947 1624 et
965 1553 999 1622 iu
1014 1550 1111 1624 nobis
1130 1553 1326 1636 excitantur,
1353 1560 1387 1621 et
1402 1548 1645 1646 proclivitatem
1666 1572 1753 1645 quae
1769 1571 1832 1621 nos
1845 1547 1888 1620 ad
1910 1546 2113 1643 peccandum

748 1670 846 1765 rapit,
858 1689 993 1756 coerce,
1005 1665 1240 1762 perChristum
1252 1675 1341 1738 tuum
1355 1676 1505 1740 sanctum
1514 1688 1589 1738 cum
1602 1676 1711 1760 quote
1724 1663 1941 1756 decetgloria
1954 1665 2113 1736 ethonor.

852 1783 1012 1877 Populus.
1064 1783 1184 1854 Amen.

853 1899 1038 1971 Sacerdos.
1091 1898 1175 1970 Pax.

852 2015 1013 2110 Populus.
1065 2013 1210 2087 Etcum
1237 2017 1353 2111 spiritu
1379 2025 1446 2088 tuo.

851 2132 1040 2204 Diaconos.
1092 2130 1192 2203 Ante.
1225 2211 1230 2224 ‚

852 2247 1013 2340 Populus.
1067 2245 1191 2320 Coram
1218 2255 1251 2318 te
1277 2246 1429 2320 Domine.

851 2361 1035 2434 Sacerdos.
1089 2361 1174 2436 Cum
1206 2362 1299 2434 cellis
1336 2366 1490 2458 corporis
1522 2372 1650 2434 mentes
1686 2384 1820 2457 quoque
1851 2372 1985 2435 nostras
2012 2359 2112 2433 incli-

747 2501 877 2570 namus,
903 2480 1109 2572 majestatem
1137 2477 1267 2573 quidem
1293 2487 1400 2566 tuam,
1435 2480 1628 2552 servitutem
1661 2501 1746 2552 vero
1779 2477 1910 2574 qualem
1935 2480 2111 2573 unicuique

748 2605 897 2668 nostrum
924 2599 1082 2668 convenit
1107 2592 1280 2684 exhihere,
1307 2594 1366 2666 tibi
1391 2595 1606 2668 confitentes:
1633 2617 1856 2690 rogamusque
1883 2605 1934 2683 te,
1961 2591 2051 2666 bone
2079 2603 2112 2664 et

749 2723 879 2784 amator
905 2708 1081 2798 hominum,
1107 2719 1142 2782 ut
1168 2713 1330 2807 propitius
1356 2709 1482 2801 lactus,
1509 2735 1529 2784 a
1556 2709 1767 2808 passionibus
1794 2713 1907 2783 noxiis
1932 2731 1996 2784 nos
2021 2691 2111 2780 lilre-

748 2849 822 2898 res:
849 2835 957 2898 motus
993 2829 1091 2897 etiam
1125 2829 1235 2898 carnis
1270 2827 1312 2898 ad
1348 2830 1480 2923 peccati
1506 2848 1652 2899 amorem
1678 2829 1894 2919 instigantes,
1922 2825 2110 2899 obscoenas

748 2945 938 3038 passiones,
965 2939 1100 3015 dissidia
1127 2941 1342 3014 adversarum
1357 2945 1560 3039 passionum,
1588 2945 1698 3016 omnia
1719 2941 1819 3032 bella,
1846 2952 1912 3014 tam
1930 2964 1977 3014 ex
2003 2939 2110 3028 nobis,

749 3080 846 3154 mam
873 3061 907 3130 in
931 3058 1041 3146 nobis,
1068 3061 1180 3130 varias
1208 3061 1443 3132 sententiarum
1469 3061 1724 3154 opinionumque
1756 3056 1998 3130 haereticarum
2023 3079 2110 3129 con-

748 3177 963 3265 certationes,
989 3173 1177 3246 facilitatem
1205 3174 1474 3270 adloquendum
1501 3175 1638 3262 inutilia,
1667 3173 1901 3248 altercationes
1921 3173 2110 3245 contentio-

750 3313 820 3378 sas,
848 3289 889 3362 ab
918 3288 1070 3363 omnibus
1097 3289 1243 3364 moribus
1270 3294 1446 3384 extingue,
1482 3295 1573 3363 etin
1600 3289 1753 3364 omnihus
1778 3289 1958 3362 familiares
1985 3299 2019 3362 et
2044 3287 2110 3361 do-

748 3410 905 3480 mesticos
940 3405 995 3478 lac
1027 3428 1089 3481 nos
1124 3406 1183 3478 tibi
1218 3417 1252 3478 et
1280 3430 1342 3504 per
1375 3409 1566 3503 patientiam
1598 3406 1777 3480 voluntatis
1812 3415 1889 3479 tuae
1922 3403 2108 3478 consolare.

747 3524 800 3595 Da
826 3522 923 3595 nobis
950 3524 1049 3593 etiam
1075 3545 1179 3609 nunc,
1205 3526 1360 3596 virtutem
1387 3525 1571 3619 sapientiae
1598 3535 1632 3596 et
1657 3521 1814 3596 auxilium
1840 3523 2051 3618 prudentiae,
2076 3528 2111 3591 ut

748 3660 849 3736 supra
877 3659 996 3711 sensus
1022 3638 1211 3710 materiales
1238 3638 1361 3711 elevati
1379 3642 1493 3726 sirnus,
1518 3661 1628 3734 neque
1651 3637 1873 3735 cormptelae,
1899 3658 2008 3731 neque
2025 3657 2110 3732 pas-

740 3752 895 3836 sionibus
928 3752 1075 3828 obnoxii.
1133 3753 1177 3826 tn
1209 3756 1293 3827 sicut
1324 3753 1388 3828 hoc
1422 3764 1540 3828 natura
1575 3750 1605 3790 ¹¹
1632 3765 1684 3827 est
1722 3756 1914 3850 mysterium
1946 3749 2112 3844 Unigeniti

747 3873 821 3960 tui„
847 3873 893 3943 ita
929 3893 990 3967 per
1023 3869 1102 3942 illud
1133 3873 1350 3968 suscipiamus
1385 3870 1526 3961 donum,
1561 3871 1604 3942 ad
1635 3874 1866 3945 remissionem
1897 3877 2109 3963 peccatorum

747 3997 948 4074 nostrorum,
975 3996 1010 4058 et
1036 3986 1078 4057 ad
1104 3985 1247 4078 gloriam
1273 3989 1415 4060 nominis
1442 3989 1500 4078 tui,
1526 3997 1560 4060 et
1586 3985 1684 4080 illius,
1711 3999 1745 4060 et
1770 3987 1912 4082 Spiritus
1939 3988 2053 4058 sancti.

851 4101 1013 4195 Populus.
1066 4101 1185 4174 Amen.

851 4218 1037 4290 Sacerdos.
1089 4218 1173 4290 Pax.

852 4333 1013 4428 Populus.
1065 4332 1110 4406 Et
1136 4357 1209 4407 cum
1237 4337 1353 4432 spiritu
1378 4345 1446 4409 tuo.

852 4449 1036 4524 Sacerdos.
1089 4451 1149 4524 Sit.

852 4566 1040 4639 Diaconos.
1093 4567 1177 4642 cum
1203 4571 1332 4640 timore.

746 4735 747 4738 ,
853 4682 1037 4756 Sacerdos.
1091 4683 1216 4756 Sancta
1243 4683 1377 4756 sanctis.

852 4799 1014 4893 Populus.
1066 4798 1159 4874 Unus
1186 4799 1286 4871 Pater
1312 4807 1455 4872 sanctus.

852 4913 1036 4989 Sacerdos.
1088 4915 1361 5011 Quandoquidem
1387 4915 1625 5012 incorruptioni
1652 4912 1814 5013 spirituali
1845 4917 2114 4988 communicavi-

750 5051 835 5126 mus,
862 5043 896 5105 et
921 5053 984 5129 per
1007 5035 1162 5110 virtutem
1188 5035 1319 5106 animae
1344 5031 1526 5106 confirmati
1558 5029 1696 5122 fumus,
1732 5031 1791 5106 ribi
1826 5032 1923 5104 etiem
1948 5031 2113 5123 benefice,
