4814 6060
673 693 704 771 S.
737 691 952 770 DIOSGORI
986 691 1219 788 allsaell,
1247 707 1297 769 tc.
1588 689 1665 768 495

185 957 188 962 ,
289 882 414 970 nostri,
449 889 470 964 †
502 884 533 952 in
566 902 689 975 corpus
717 877 804 974 quod
837 879 1083 953 commendavit
1108 881 1270 955 Dominus
1304 891 1338 953 ct
1363 883 1456 954 Deus
1489 889 1605 960 noster
1631 883 1665 953 in

291 997 473 1070 coenaculo
497 995 671 1090 Apostolis
699 997 767 1068 suis
795 998 932 1085 sanctis,
959 1002 980 1077 †
1006 999 1039 1067 in
1066 1017 1189 1090 corpus
1217 997 1305 1091 quod
1332 996 1526 1070 transfixum
1553 1004 1606 1069 est
1631 997 1665 1067 in

290 1111 480 1204 Golgotbae
512 1115 642 1186 vertice
673 1133 735 1207 pro
767 1114 837 1182 vita
872 1110 995 1182 mundi:
1030 1113 1063 1181 in
1096 1132 1219 1206 corpus
1260 1112 1349 1206 quod
1385 1121 1494 1184 ortum
1532 1119 1584 1182 est
1619 1133 1665 1184 ex
1773 1187 1781 1195 ,

288 1227 431 1319 Virgine
458 1230 628 1301 Genitrice
662 1227 727 1298 Dei
763 1225 886 1314 Maria3
919 1249 1042 1322 corpus
1068 1227 1203 1299 Domini
1231 1239 1264 1299 et
1297 1230 1362 1300 Dei
1388 1231 1504 1314 nostri,
1531 1230 1564 1298 in
1599 1249 1664 1321 quo

288 1347 430 1415 virtutes
454 1343 647 1416 mirabiliter
674 1342 929 1416 demonstravit:
958 1341 1046 1436 quud
1064 1342 1153 1414 dedit
1169 1341 1267 1416 nobis
1286 1343 1327 1416 ad
1346 1347 1571 1439 expiationem
1598 1343 1665 1416 de-

287 1457 453 1548 lictorum,
480 1462 710 1532 remissionem
737 1467 954 1553 peccatorum
981 1467 1015 1530 et
1041 1460 1144 1530 vitam
1170 1467 1351 1532 aeternam.

395 1575 556 1668 Pupulus.
608 1575 728 1646 Amen.

393 1688 577 1760 Sacerdos.
630 1688 788 1760 Similiter
823 1696 858 1759 et
891 1687 1030 1784 calicem
1067 1698 1263 1762 transmutet
1306 1691 1340 1760 in
1380 1693 1576 1782 sanguinem
1609 1692 1665 1784 qui

290 1803 426 1878 stillavit
452 1827 553 1900 super
579 1807 740 1875 verticem
769 1803 958 1896 Golgotbae
994 1803 1036 1875 ad
1068 1805 1178 1876 mundi
1211 1807 1437 1901 expiationem
1463 1807 1491 1892 ι
1517 1809 1550 1876 in
1578 1825 1664 1876 san-

173 2009 177 2016 ·
290 1921 424 2012 guinem
459 1917 547 1990 illum
581 1919 807 1990 vivificantem
844 1920 872 2005 ι
905 1929 939 1990 ει
971 1922 1234 2014 propitiatorium
1276 1923 1420 1994 omnium
1461 1919 1688 2006 macularum¹

290 2044 490 2124 nostrarum,
518 2036 545 2122 †
572 2037 604 2107 in
632 2037 829 2126 sangrrinem
856 2033 945 2106 illum
974 2038 1029 2128 qui
1055 2038 1176 2131 pignus
1203 2040 1295 2108 vitae
1322 2034 1419 2108 nobis
1446 2045 1498 2108 est
1524 2035 1565 2106 ad
1593 2058 1664 2108 ex-

289 2153 467 2247 piationem
496 2151 702 2238 delictorum,
728 2151 960 2222 remissionem
986 2160 1212 2246 peccatorum,
1240 2162 1273 2224 et
1300 2154 1405 2225 vitam
1431 2162 1611 2224 aeternam.

392 2266 556 2359 Populus.
608 2266 728 2338 Amen.
830 2341 835 2356 ‚
1413 2327 1447 2360 ,1

394 2380 578 2484 Sacerdos.
631 2379 705 2454 Hoc
736 2376 751 2415 ⁴
778 2391 830 2454 est
857 2403 979 2476 corpus
1007 2391 1041 2454 et
1068 2385 1204 2475 sanguis
1224 2381 1347 2456 Christi
1372 2383 1438 2454 Dei
1463 2384 1586 2471 nostri;
1612 2380 1666 2456 bic

291 2507 342 2570 est
374 2496 599 2585 indivisibilis,
635 2509 669 2568 et
703 2495 931 2586 immutabilis3
957 2498 1011 2569 bie
1047 2500 1179 2593 estqui
1212 2520 1280 2570 non
1312 2495 1482 2590 subjectus
1509 2501 1665 2593 tempori,

290 2615 385 2685 visus
412 2623 523 2684 tamen
551 2623 619 2685 est:
645 2614 719 2707 ipse
748 2610 962 2685 absconditus
989 2611 1031 2686 ab
1060 2611 1232 2702 omnibuS,
1260 2617 1315 2709 qui
1342 2612 1568 2688 manifestatus
1597 2625 1664 2705 est;

289 2731 362 2823 ipse
398 2731 453 2822 qui
485 2728 526 2800 ad
558 2728 731 2800 dexterum
765 2727 875 2799 Patris
903 2727 1015 2818 sedet,
1056 2732 1112 2824 qui
1137 2752 1212 2802 cum
1237 2731 1338 2802 Patre
1365 2739 1399 2801 et
1424 2730 1547 2826 Spiritu
1576 2731 1664 2803 dona

289 2843 445 2936 largitur:
482 2849 536 2939 qui
568 2847 717 2940 peccatis
752 2847 877 2916 nostris
896 2847 1039 2916 ueniam
1065 2844 1234 2934 concedit,
1267 2848 1389 2939 quique
1416 2846 1517 2920 solvit
1544 2843 1663 2917 delicta

288 2970 421 3031 nostre:
449 2963 504 3054 qui
532 2958 640 3031 aufert
667 2982 708 3030 ea
735 2981 821 3053 quae
848 2961 1041 3054 insipienter
1068 2961 1207 3052 egimus,
1237 2962 1293 3054 qui
1319 2961 1454 3034 mundat
1479 2961 1663 3032 conscien-

290 3077 352 3147 tias
389 3083 538 3147 nostras:
574 3077 628 3170 qui
654 3074 814 3147 illuminat
854 3074 1096 3179 simplicitatem
1133 3085 1300 3149 nostram:
1338 3080 1392 3171 qui
1431 3075 1559 3172 perficit
1600 3094 1664 3147 nos

289 3190 373 3263 lilios
400 3194 503 3287 patris
531 3193 601 3262 sui:
629 3193 684 3285 qui
709 3193 849 3262 vocavit
875 3211 937 3261 nos
964 3189 1086 3262 fratres
1112 3192 1333 3285 pergratiam
1352 3211 1464 3263 suam:
1493 3193 1547 3283 qui
1575 3189 1665 3260 dedit

289 3305 387 3379 nobis
423 3309 583 3400 mysteria
616 3303 700 3376 baec
735 3304 777 3378 ad
812 3308 1038 3400 expiationem
1073 3317 1240 3378 nostrum:
1276 3307 1331 3400 qui
1365 3303 1474 3378 aufert
1508 3331 1528 3378 a
1563 3304 1663 3377 nobis

289 3421 408 3518 plagas
434 3420 577 3510 luroris3
604 3425 659 3516 qui
687 3420 729 3492 ad
756 3424 858 3493 vitam
886 3431 1106 3496 revocaturus
1133 3433 1186 3493 est
1219 3443 1364 3517 corpora
1390 3427 1525 3509 nostru,
1552 3423 1661 3492 mise-

289 3534 533 3631 ricordiamque
560 3545 594 3608 ει
620 3535 828 3610 clementiam
855 3558 949 3608 suam
976 3540 1103 3610 exoriri
1130 3536 1232 3610 faciel
1258 3557 1360 3632 super
1386 3558 1522 3609 omnes:
1549 3537 1603 3606 cui
1630 3541 1683 3606 ει

288 3654 380 3724 Patri
408 3654 493 3744 ejus,
520 3661 553 3724 et
579 3652 716 3749 Spiritui
743 3655 816 3745 ejus
843 3663 960 3725 sancto
988 3655 1114 3746 gratim
1141 3673 1281 3747 agamus
1307 3674 1394 3724 nunc
1421 3661 1455 3723 ει
1481 3673 1624 3746 semper.

394 3768 556 3861 Populea.
609 3769 729 3842 Amen.

387 3883 563 3955 Sacerdos
589 3883 781 3957 inclinetur.
833 3883 1002 3955 Memento
1028 3884 1182 3972 Domine,
1209 3889 1438 3982 pergratiam
1466 3895 1499 3956 et
1526 3885 1663 3956 miseri·
1727 3921 1745 3934 .

290 3997 438 4070 cordiam
465 4007 552 4070 tuam
579 4000 730 4087 murltam,
757 4000 890 4071 Potmm
915 3998 1309 4092 nostrorumbeatorum,
1336 4005 1391 4096 qui
1407 4019 1505 4072 'nunc
1531 4002 1662 4086 vivunt,

289 4125 390 4209 utque
423 4115 587 4209 praeclari
623 4103 799 4190 bntistites
839 4114 938 4187 nobis
972 4113 1070 4186 bodie
1108 4128 1282 4212 praesunt:
1317 4115 1533 4190 Patriarcbae
1572 4115 1664 4187 sedis

288 4227 510 4324 Apostolicae
536 4231 670 4303 Domini
702 4229 743 4302 N.
779 4239 813 4302 et
839 4227 1075 4326 Metropolitae
1101 4236 1206 4306 nostri
1231 4232 1435 4320 venerandi,
1461 4231 1595 4304 Domini
1622 4228 1664 4300 N.

288 4346 557 4440 reliquorumque
584 4345 850 4419 Patriarcberum
878 4343 1162 4436 Ortbodoxorum,
1189 4352 1244 4443 qui
1270 4347 1370 4421 bodie
1397 4352 1430 4420 in
1456 4349 1546 4418 vivis
1574 4355 1664 4434 sunt,

290 4471 324 4532 ει
355 4484 417 4555 pro
452 4459 607 4535 Ecclesia
642 4473 697 4536 tua
733 4473 847 4536 sancta
881 4461 1061 4534 decertant.
1114 4463 1283 4539 Memento
1316 4466 1481 4553 Domine,
1513 4463 1664 4533 universi

289 4576 499 4672 Presbyterii
526 4580 557 4648 in
584 4576 737 4669 Christo,
764 4579 930 4671 totiusque
964 4576 1088 4652 ordinis
1115 4577 1343 4655 Sacerdotabs
1374 4579 1604 4654 Ecclesiastici
1631 4587 1666 4648 et

289 4691 503 4784 Evangelici,
531 4696 584 4788 qui
612 4704 705 4766 recte
738 4692 934 4766 confitentur
967 4703 1018 4764 te:
1050 4691 1193 4768 benedic
1223 4696 1367 4771 Domine
1399 4719 1462 4792 per
1494 4697 1664 4769 orationes

291 4829 407 4882 earum
435 4807 659 4910 acceptabiles
695 4829 843 4881 coronae
869 4811 961 4894 anni,
997 4830 1059 4902 per
1091 4808 1215 4885 imbres
1248 4823 1455 4910 opportunos
1488 4815 1665 4884 matutinos

291 4933 325 4993 ει
351 4926 533 4996 serotinos:
560 4923 703 4998 benedic
722 4941 829 4997 'omne
844 4945 952 5016 genus
978 4921 1112 5016 frugum
1138 4938 1172 4998 et
1198 4926 1373 5018 fructuum,
1401 4927 1488 5024 quod
1515 4925 1556 4997 ad
1583 4948 1665 4998 sus-

289 5038 463 5111 tentandas
500 5052 670 5112 creaturas
705 5051 779 5114 tuas
807 5039 1011 5134 produxisti,
1044 5062 1111 5114 non
1138 5065 1306 5118 revocans
1340 5048 1373 5116 in
1406 5046 1665 5130 memoriam,o
