4712 6032
485 699 1381 820 sssoonttrnrnnnounut
1537 731 1611 810 231

349 909 533 984 Sacerdos.
565 865 670 985 'Pam

350 1025 512 1124 Populus.
564 1026 609 1100 Et
635 1051 719 1100 cnm.

351 1140 536 1210 Sacerdos.
588 1137 841 1224 Misericordiae
866 1138 932 1209 Dei
958 1139 1040 1226 sint,
1067 1137 1136 1211 etc.¹

349 1252 511 1345 Populos.
563 1251 608 1326 Et
633 1275 716 1325 cum.

349 1367 537 1440 Diaconos.
589 1368 713 1440 lterum
738 1378 837 1464 atque
862 1371 991 1441 iterum.

283 1705 465 1782 'Soccrdoa
486 1713 620 1802 froopit
647 1709 802 1781 Oblotom
828 1717 862 1782 et
886 1713 1008 1804 sipont.
1063 1711 1184 1784 Oratio
1211 1720 1291 1784 ante
1317 1713 1418 1788 Pater
1443 1727 1568 1790 noster.

349 1947 577 2022 Indesinenter
594 1951 720 2041 gratim
736 1953 866 2042 agimus
887 1950 962 2039 tibi,
987 1951 1080 2024 Deus
1093 1952 1195 2024 Pater
1211 1954 1431 2048 omnipotens,
1458 1956 1610 2031 abscon-

251 2065 316 2138 dito
353 2074 386 2136 et
417 2064 611 2154 invisibilis,
643 2075 782 2160 propter
814 2069 922 2138 omnia
953 2064 1115 2138 beneficio
1147 2077 1203 2139 tua
1236 2089 1319 2162 erga
1351 2091 1433 2142 nos:
1467 2076 1522 2166 qui
1546 2095 1610 2147 nos

246 2179 393 2254 infirmos
421 2190 455 2252 et
480 2191 677 2276 peccatores
704 2181 824 2273 dignos
850 2181 971 2271 iecisti,
998 2180 1187 2254 celebrandi
1213 2187 1427 2258 ministerium
1445 2187 1510 2261 hoe
1528 2211 1610 2285 my-

247 2299 362 2369 sticrnn
390 2301 512 2369 nomini
539 2307 595 2368 tuo
622 2307 749 2368 sancto.
804 2293 1025 2392 complaceas
1061 2297 1119 2369 tibi
1150 2300 1184 2368 in
1215 2298 1311 2371 nobis
1347 2322 1430 2392 ergo
1456 2302 1611 2391 Domine,

248 2421 281 2482 et
299 2419 462 2507 perpetuo
483 2433 649 2484 conserva
665 2415 699 2483 in
713 2412 811 2486 nobis
825 2416 944 2509 pignus
959 2412 1024 2486 hoc
1039 2436 1193 2506 magnum
1212 2424 1246 2485 et
1261 2415 1423 2512 mirabile,
1443 2416 1609 2511 repellens

248 2550 268 2599 a
300 2527 456 2600 cordibus
490 2530 614 2602 nostris
654 2550 770 2601 omnes
808 2531 1029 2622 cogitationes
1063 2527 1271 2620 materiales,
1315 2544 1349 2605 et
1380 2533 1610 2608 meditationes
1734 2561 1739 2572 ·

248 2653 346 2737 atque
367 2645 620 2736 imaginationes
648 2643 772 2717 saeculi
798 2642 905 2736 liujus,
931 2654 967 2716 ut
992 2643 1184 2717 fiducialiter
1209 2649 1405 2722 invocemus
1427 2660 1460 2720 te
1476 2651 1610 2722 Patrem

228 2758 429 2833 coelestem
462 2763 739 2856 omnipotentem,
771 2781 970 2857 oremusque
998 2771 1035 2837 et
1067 2759 1222 2835 dicemus]
1275 2762 1375 2836 Pater
1406 2775 1521 2838 noster
1556 2768 1611 2861 qui

248 2895 286 2946 es
312 2877 345 2946 in
372 2875 485 2949 coelis.
655 2889 656 2892 ’

350 2991 510 3086 Populos.
563 2989 802 3064 Sanctificetur.

348 3108 531 3180 Sacerdos.
584 3107 729 3179 Petimus
764 3131 784 3180 a
817 3116 851 3179 te
882 3115 978 3202 pater
1005 3107 1304 3181 misericordiarum
1331 3119 1365 3181 et
1388 3109 1483 3184 Dens
1509 3114 1610 3186 totius

248 3224 510 3312 consolationis,
531 3246 575 3295 ne
600 3223 736 3296 inducas
764 3245 885 3298 servos
911 3234 987 3296 tuos
1013 3227 1046 3296 in
1072 3227 1302 3312 tentationem,
1330 3225 1390 3298 sed
1416 3225 1519 3299 libera
1545 3249 1610 3302 nos

249 3364 269 3413 a
296 3341 395 3430 malo,
421 3353 455 3413 et
481 3338 638 3437 operibus
665 3342 750 3431 ejus,
778 3350 812 3413 et
842 3339 993 3412 omnibus
1021 3361 1105 3436 quae
1132 3338 1295 3432 ejusmodi
1310 3349 1397 3428 sumt,
1424 3344 1500 3435 quia
1520 3351 1609 3416 tuum

249 3467 300 3528 est
324 3479 464 3550 regnum
491 3468 525 3530 et
549 3460 656 3531 virtus
684 3467 718 3530 et
742 3455 898 3542 laudatio,
926 3465 959 3528 et
985 3459 1143 3550 unigeniti
1169 3455 1244 3527 Filii
1270 3457 1329 3545 tui,
1357 3463 1391 3527 et
1405 3454 1546 3552 Spiritus
1563 3462 1609 3531 tui

250 3577 365 3646 sancti.

349 3688 510 3782 Populus.
563 3691 681 3762 Amen.
802 3779 807 3788 Ι

351 3804 535 3878 Sacerdos.
587 3807 672 3880 Pax.

350 3919 511 4014 Populos.
564 3920 707 3994 Etcum
736 3923 850 4016 spiritu
876 3929 944 4020 tuo.

348 4037 536 4108 Diaconos.
588 4039 679 4110 Ante
706 4039 959 4132 susceptionem.

351 4151 511 4246 Populus.
565 4151 688 4228 Coram
715 4163 758 4227 te.

350 4266 533 4340 Sacerdos.
587 4269 708 4342 Pastor
734 4269 822 4342 bone
849 4269 964 4360 gregis
991 4265 1172 4353 rationalis,
1199 4268 1352 4342 visitator
1378 4268 1461 4341 Sion
1487 4267 1608 4342 coela-

251 4386 310 4455 stis
336 4393 370 4455 et
396 4384 576 4458 illustrator
601 4384 843 4481 perfectorum,
877 4385 979 4457 visita
1010 4383 1071 4454 hos
1106 4403 1227 4457 servos
1253 4395 1329 4458 tuos
1355 4387 1412 4479 qui
1438 4403 1552 4458 eoram
1578 4397 1612 4458 te

248 4499 393 4571 inclinati
419 4510 506 4589 sunt,
534 4511 568 4572 et
593 4500 712 4573 munda
739 4499 842 4572 corda
865 4523 979 4573 eorum
1001 4498 1044 4598 ad
1061 4502 1305 4595 susceptionem
1322 4499 1612 4574 sacramentorum

248 4623 378 4684 tuorum
406 4625 604 4705 sanctorum,
633 4627 668 4687 et
693 4616 736 4688 ad
761 4614 892 4687 laudem
917 4617 1058 4689 nominis
1085 4616 1131 4686 tui
1157 4613 1399 4707 gloriosissimi,
1425 4625 1459 4689 et
1484 4619 1609 4712 unige-

249 4730 307 4801 niti
332 4729 407 4802 Fiut
433 4735 491 4821 tui,
517 4741 552 4805 et
577 4731 718 4828 Spiritus
744 4735 791 4804 tui
817 4735 934 4821 sancti,
960 4753 1056 4820 nunc,
1083 4741 1145 4803 eto.

351 4845 511 4940 Populus.
564 4833 684 4920 A'men.

352 4960 534 5037 Sacerdos.
587 4965 670 5036 Pax.

351 5078 512 5172 Populea.
563 5079 706 5154 Etcum
735 5081 851 5177 spiritu
878 5091 944 5156 tuo.

349 5193 532 5269 Sacerdos.
584 5195 837 5270 Misericordiae
862 5196 927 5271 Dei
953 5199 1026 5272 sint.
