4712 6032
582 1244 662 1334 lo
706 1241 1088 1335 ttionemn
1128 1242 1399 1334 toulon

730 1458 1251 1578 oostttltto

400 1853 509 1931 Louna
532 1865 669 1928 oratione
690 1879 752 1927 non
780 1881 857 1944 opus
881 1871 927 1925 est
951 1863 986 1925 ad
1010 1863 1097 1926 istius
1120 1863 1272 1947 liturgiae
1295 1865 1456 1927 novitatem
1479 1865 1676 1945 probandam,

303 1987 369 2032 cunr
392 1969 465 2030 satis
488 1969 554 2047 ipsa
577 1983 611 2029 se
636 1965 753 2046 prodat.
798 1965 890 2028 Stilus
913 1966 991 2027 enim
1014 1968 1190 2048 synonymis
1225 1975 1255 2029 et
1278 1966 1417 2048 epithetis
1448 1967 1566 2030 inllatus
1598 1969 1676 2033 ultra

302 2067 430 2145 modum,
454 2073 542 2128 natae
565 2063 735 2128 infelicibus
758 2065 887 2128 saeculis
910 2065 1102 2145 eloquentiae
1116 2067 1210 2147 magis
1223 2067 1374 2143 convenit,
1399 2085 1486 2146 quam
1502 2068 1675 2147 primaevae

300 2165 549 2246 Apostolicorum
573 2171 741 2244 temporum
776 2163 968 2245 simplicitati,
991 2182 1079 2245 quam
1102 2164 1232 2247 genuina
1255 2161 1362 2244 lgnatii
1390 2165 1532 2246 Martyris
1562 2168 1674 2247 scripta

302 2270 542 2345 repraesentant.
588 2261 639 2324 llla
664 2262 743 2342 apud
767 2261 862 2344 Syros
884 2263 1004 2344 vulgari
1031 2279 1085 2324 sua
1109 2263 1211 2344 lingua
1234 2261 1305 2324 olim
1328 2263 1463 2324 extitisse
1486 2263 1595 2326 docent
1618 2283 1674 2326 nos

300 2363 392 2425 multa
421 2380 461 2424 ex
489 2361 548 2423 illis
580 2361 764 2438 testimonla,
794 2379 871 2441 quae
900 2363 930 2422 in
960 2359 1045 2423 libris
1077 2360 1274 2439 l’beologieis
1305 2368 1486 2439 occurrunt,
1515 2362 1570 2425 sed
1600 2380 1676 2442 prae

301 2462 430 2524 caeteris
455 2468 600 2541 excerpta
624 2461 753 2541 exejus
776 2461 916 2542 genuinis
946 2459 1090 2541 Epistolis
1119 2477 1179 2521 non
1209 2476 1326 2539 pauca,
1361 2478 1439 2539 qnae
1471 2458 1674 2523 Conciliorum

302 2559 474 2623 Canonibus
506 2559 645 2641 adjuncta
674 2560 869 2639 reperiuntur
897 2560 928 2620 in
956 2567 1073 2622 vetusta
1104 2555 1249 2620 'versione
1277 2558 1417 2638 Syriaca,
1449 2577 1537 2639 quam
1569 2559 1676 2622 Codex
1736 2573 1740 2584 '

301 2659 456 2722 Medieeus
487 2659 733 2720 membranaceus
765 2665 983 2737 repraesentat.
1042 2657 1166 2720 Addidit
1199 2658 1368 2738 interpres,
1402 2657 1470 2719 illas
1506 2660 1674 2721 sententias

301 2757 394 2840 vulgo
425 2759 503 2819 inter
533 2755 673 2821 Canones
703 2774 762 2818 non
791 2755 917 2831 referri,
952 2775 1057 2819 verum
1093 2776 1133 2818 ex
1161 2760 1282 2819 nomine
1310 2755 1382 2818 tanti
1412 2757 1486 2832 viri,
1517 2757 1672 2839 aequalem

304 2857 522 2938 quodammodo
545 2855 659 2919 babere
683 2858 884 2921 autoritatem.
935 2857 1055 2919 Factam
1079 2873 1148 2917 esse
1171 2874 1210 2918 ex
1233 2855 1364 2936 optimis
1384 2853 1546 2918 codicibus
1577 2858 1675 2918 inter-

301 2957 502 3036 pretationem
524 2954 605 3016 illam
628 2956 817 3036 agnovimus,
847 2964 878 3017 et
905 2955 942 3016 ab
966 2962 1073 3016 autore
1097 2955 1278 3036 quicumque
1307 2953 1398 3016 luerit
1427 2973 1488 3018 non
1519 2957 1675 3036 imperito:

303 3061 363 3115 tum
386 3054 459 3116 illud
483 3055 571 3116 etiam
595 3054 1002 3135 anitnadversionedignum
1032 3053 1272 3132 observavimus,
1296 3053 1417 3116 codices
1440 3054 1540 3130 illum,
1563 3056 1675 3118 similes

301 3153 474 3214 Florentino
497 3151 541 3213 illi
563 3152 762 3214 celeberrimo
786 3171 846 3234 quo
859 3151 981 3214 Latinus
1009 3155 1160 3233 interpres
1182 3171 1255 3214 usus
1279 3151 1386 3229 lucrat,
1410 3161 1547 3215 secutum
1570 3153 1675 3232 fuisse,

301 3269 357 3313 nec
380 3251 464 3328 alias,
489 3251 545 3312 nisi
569 3269 659 3312 veras
682 3251 833 3332 Epistulas
858 3249 1032 3332 agnovisse.
1077 3251 1118 3312 At
1141 3251 1221 3312 nulla
1246 3259 1367 3331 praeter
1389 3249 1585 3314 Jacobiticam
1606 3255 1676 3314 An-

301 3350 469 3412 tiochenam
492 3349 670 3426 Ecclesiam,
694 3350 796 3412 babuit
818 3351 875 3412 huc
906 3368 1003 3430 usque
1032 3349 1195 3431 liturgiam
1219 3349 1336 3431 lgnatio
1359 3349 1544 3412 attributam:
1576 3369 1674 3431 neque

302 3449 339 3510 de
362 3451 419 3511 ista
442 3449 602 3529 quidquam
627 3449 705 3512 aliud
728 3451 865 3532 cogitare
895 3467 1065 3530 possumus,
1089 3449 1146 3510 nisi
1169 3449 1251 3529 quod
1274 3449 1311 3510 ab
1334 3450 1434 3529 aliquo
1458 3450 1582 3530 scripta,
1607 3468 1673 3511 cum

301 3547 485 3628 singularem
509 3547 623 3610 titulum
646 3566 706 3610 non
729 3548 911 3628 praeferret,
946 3556 1089 3628 essetque
1112 3547 1321 3611 Antiochenac
1351 3549 1509 3612 Ecclesiae
1536 3549 1673 3628 propria,

300 3646 408 3729 lgnatii
429 3664 549 3722 nomen,
574 3655 713 3729 tanquam
742 3647 821 3709 illius
852 3649 978 3730 insignis
1013 3647 1157 3728 Episcopi
1181 3649 1342 3728 acceperit.
1393 3649 1491 3711 Potuit
1520 3648 1607 3709 etiarn
1637 3648 1673 3709 ab

302 3747 400 3828 aliquo
424 3746 540 3826 Ignatio
564 3749 676 3828 scripta
700 3746 804 3823 luisse,
827 3750 878 3828 qni
902 3748 981 3810 illam
1011 3747 1114 3809 sedem
1138 3749 1282 3825 tenuerit,
1314 3747 1427 3828 aliquot
1450 3747 1528 3809 onim
1550 3748 1591 3808 ita
1615 3761 1673 3826 ap-

301 3845 403 3926 pellati
427 3852 506 3922 sunt,
530 3833 608 3907 inter
632 3845 836 3909 Jacobitarum
859 3847 1058 3925 Patriarchas,
1081 3855 1111 3909 et
1134 3847 1324 3908 librariorum
1348 3847 1435 3927 culpa
1451 3846 1489 3907 ad
1509 3845 1673 3926 Martyrem

299 3943 420 4019 referri,
443 3963 520 4024 qnae
545 3946 617 4007 novi
640 3945 765 4007 bominis
788 3944 876 4008 leret.
929 3947 988 4008 Sed
1012 3946 1083 4026 quid
1107 3946 1144 4009 de
1168 3946 1334 4008 istiusmodi
1356 3946 1456 4008 titulis
1485 3947 1673 4008 statuendum

300 4043 347 4121 sit,
371 4051 514 4124 quantum
537 4063 614 4124 opus
638 4053 716 4120 erat,
739 4045 848 4108 dictum
872 4054 919 4108 est
944 4046 1023 4110 alibi.

385 4143 418 4203 ln
442 4143 496 4204 ista
519 4143 638 4223 quidem
661 4143 795 4228 Litnrgia
828 4144 1105 4226 llonophysitarum
1134 4145 1300 4207 haereseos
1328 4163 1366 4206 ne
1395 4144 1577 4226 levissimum
1604 4143 1674 4224 qui-

302 4239 368 4302 dem
400 4242 561 4324 vestigium
590 4241 842 4322 deprehenditur,
872 4263 949 4325 quae
973 4245 1112 4325 majoris,
1145 4261 1233 4323 quam
1263 4245 1465 4305 existimamus
1493 4237 1698 4322 antiquitatis

298 4347 382 4417 nota,
404 4341 572 4404 verisimilis
595 4341 692 4404 videri
715 4342 861 4422 aliquibus
875 4351 992 4423 posset.
1029 4342 1202 4404 Meminisse
1223 4349 1321 4404 tamen
1344 4349 1475 4423 oportet,
1500 4343 1579 4422 quod
1603 4342 1672 4403 alibi

304 4435 497 4500 observatum
519 4447 576 4516 est,
600 4457 670 4502 raro
694 4441 772 4502 inter
794 4439 947 4504 Jacobitas
971 4441 1078 4524 Syros,
1101 4439 1262 4523 Liturgicis
1285 4441 1446 4520 precibus,
1478 4459 1513 4502 ea
1537 4458 1615 4521 quae
1638 4439 1676 4501 ad

301 4553 375 4596 suae
405 4537 443 4599 de
473 4538 687 4601 lucamationis
726 4542 871 4621 mysterio
900 4540 1055 4603 doctrinae
1085 4541 1339 4603 confirmationem
1378 4542 1545 4621 pertinent,
1582 4541 1676 4601 inseri

301 4634 412 4696 solere.
458 4635 536 4699 Solis
558 4636 719 4720 Aegyptiis
742 4640 895 4720 proprium
920 4639 992 4702 illud
1015 4639 1080 4718 fuit,
1104 4641 1155 4720 qui
1173 4638 1364 4702 Confessioni
1388 4639 1426 4701 dc
1448 4640 1576 4701 veritate
1601 4655 1670 4698 cor·

300 4735 384 4812 poris
409 4743 439 4796 et
462 4737 617 4816 sanguinis
641 4735 750 4799 Christi
774 4738 802 4798 in
828 4737 1024 4818 Eucharistia,
1049 4740 1173 4802 alteram
1203 4740 1241 4801 de
1270 4757 1328 4800 una
1359 4739 1389 4800 in
1413 4737 1533 4800 Christo
1565 4744 1672 4798 natura
1754 4813 1756 4818 Ι

302 4833 533 4913 conjunxerunt.
578 4835 682 4915 ltaque
706 4837 786 4916 quod
809 4838 881 4900 nibil
909 4838 946 4898 ad
974 4857 1038 4900 eam
1069 4840 1224 4919 pertinens
1254 4840 1284 4900 in
1311 4838 1369 4899 ista
1399 4837 1507 4920 lgnatii
1537 4834 1673 4916 liturgia

300 4934 481 5011 reperiatur,
506 4933 542 4996 ad
566 4933 643 4996 illius
667 4937 872 5016 antiquitatem
890 4937 1077 5018 probandam
1093 4937 1201 5000 nullius
1225 4936 1367 5000 momenti
1390 4943 1447 5016 est,
1471 4953 1538 4999 cum
1562 4951 1676 4996 recen·
1788 4929 1794 4938 '
1829 4919 1832 4930 ’
