<?xml version="1.0" encoding="UTF-8"?>
<!DOCTYPE html PUBLIC "-//W3C//DTD XHTML 1.0 Transitional//EN"
    "http://www.w3.org/TR/xhtml1/DTD/xhtml1-transitional.dtd">
<html xmlns="http://www.w3.org/1999/xhtml" xml:lang="en" lang="en">
 <head>
  <title>
</title>
<meta http-equiv="Content-Type" content="text/html;charset=utf-8" />
  <meta name='ocr-system' content='tesseract 3.04.00' />
  <meta name='ocr-capabilities' content='ocr_page ocr_carea ocr_par ocr_line ocrx_word'/>
</head>
<body>
  <div class='ocr_page' id='page_1' title='image "./liturgiarumorie04renagoog_0066.png"; bbox 0 0 4804 6026; ppageno 0'>
   <div class='ocr_carea' id='block_1_1' title="bbox 835 1011 1350 1130">
    <p class='ocr_par' dir='ltr' id='par_1_1' title="bbox 835 1011 1350 1130">
     <span class='ocr_line' id='line_1_1' title="bbox 835 1011 1350 1130; baseline -0.004 0"><span class='ocrx_word' id='word_1_1' title='bbox 835 1011 1350 1130; x_wconf 77' lang='lat' dir='ltr'><strong>llTUllGlA</strong></span> 
     </span>
    </p>
   </div>
   <div class='ocr_carea' id='block_1_2' title="bbox 612 1231 1559 1330">
    <p class='ocr_par' dir='ltr' id='par_1_2' title="bbox 612 1231 1559 1330">
     <span class='ocr_line' id='line_1_2' title="bbox 612 1231 1559 1330; baseline 0 -2"><span class='ocrx_word' id='word_1_2' title='bbox 612 1250 642 1328; x_wconf 88' lang='lat' dir='ltr'><strong>s.</strong></span> <span class='ocrx_word' id='word_1_3' title='bbox 674 1249 845 1328; x_wconf 82' lang='lat' dir='ltr'><strong>Jrconr</strong></span> <span class='ocrx_word' id='word_1_4' title='bbox 879 1231 1109 1330; x_wconf 83' lang='lat' dir='ltr'><strong>rros&#39;vorr</strong></span> <span class='ocrx_word' id='word_1_5' title='bbox 1140 1251 1342 1329; x_wconf 83' lang='lat' dir='ltr'><strong>rnnrnrs</strong></span> <span class='ocrx_word' id='word_1_6' title='bbox 1377 1249 1559 1329; x_wconf 86' lang='lat' dir='ltr'><strong>oonrnr.</strong></span> 
     </span>
    </p>
   </div>
   <div class='ocr_carea' id='block_1_3' title="bbox 398 1463 1777 5280">
    <p class='ocr_par' dir='ltr' id='par_1_3' title="bbox 510 1463 1402 1581">
     <span class='ocr_line' id='line_1_3' title="bbox 510 1463 1402 1581; baseline -0.006 -17"><span class='ocrx_word' id='word_1_7' title='bbox 510 1463 686 1564; x_wconf 65' lang='lat' dir='ltr'><strong>Prienam</strong></span> <span class='ocrx_word' id='word_1_8' title='bbox 711 1489 838 1559; x_wconf 77' lang='lat' dir='ltr'><strong>dicitur</strong></span> <span class='ocrx_word' id='word_1_9' title='bbox 866 1487 988 1560; x_wconf 80' lang='lat' dir='ltr'><strong>Oratio</strong></span> <span class='ocrx_word' id='word_1_10' title='bbox 1014 1495 1095 1560; x_wconf 82' lang='lat' dir='ltr'><strong>cole</strong></span> <span class='ocrx_word' id='word_1_11' title='bbox 1123 1489 1271 1560; x_wconf 82' lang='lat' dir='ltr'><strong>naculum</strong></span> <span class='ocrx_word' id='word_1_12' title='bbox 1293 1490 1402 1581; x_wconf 79' lang='lat' dir='ltr'><strong>pocta.</strong></span> 
     </span>
    </p>

    <p class='ocr_par' dir='ltr' id='par_1_4' title="bbox 402 1599 1777 2281">
     <span class='ocr_line' id='line_1_4' title="bbox 507 1599 1777 1700; baseline 0.001 -24"><span class='ocrx_word' id='word_1_13' title='bbox 507 1605 651 1678; x_wconf 84' lang='lat' dir='ltr'><strong>Domine</strong></span> <span class='ocrx_word' id='word_1_14' title='bbox 675 1605 769 1676; x_wconf 88' lang='lat' dir='ltr'><strong>Deus</strong></span> <span class='ocrx_word' id='word_1_15' title='bbox 795 1613 920 1692; x_wconf 87' lang='lat' dir='ltr'><strong>noster,</strong></span> <span class='ocrx_word' id='word_1_16' title='bbox 947 1626 1012 1678; x_wconf 90' lang='lat' dir='ltr'><strong>nos</strong></span> <span class='ocrx_word' id='word_1_17' title='bbox 1040 1607 1192 1700; x_wconf 88' lang='lat' dir='ltr'><strong>quamvis</strong></span> <span class='ocrx_word' id='word_1_18' title='bbox 1219 1603 1391 1697; x_wconf 85' lang='lat' dir='ltr'><strong>indignos,</strong></span> <span class='ocrx_word' id='word_1_19' title='bbox 1423 1600 1530 1677; x_wconf 86' lang='lat' dir='ltr'><strong>salute</strong></span> <span class='ocrx_word' id='word_1_20' title='bbox 1556 1599 1619 1674; x_wconf 90' lang='lat' dir='ltr'><strong>hac</strong></span> <span class='ocrx_word' id='word_1_21' title='bbox 1654 1603 1777 1696; x_wconf 81' lang='lat' dir='ltr'><strong>dignos</strong></span> 
     </span>
     <span class='ocr_line' id='line_1_5' title="bbox 405 1718 1777 1816; baseline -0.002 -22"><span class='ocrx_word' id='word_1_22' title='bbox 405 1721 506 1810; x_wconf 87' lang='lat' dir='ltr'><strong>effice,</strong></span> <span class='ocrx_word' id='word_1_23' title='bbox 535 1729 664 1794; x_wconf 89' lang='lat' dir='ltr'><strong>amator</strong></span> <span class='ocrx_word' id='word_1_24' title='bbox 690 1719 872 1792; x_wconf 90' lang='lat' dir='ltr'><strong>hominurn:</strong></span> <span class='ocrx_word' id='word_1_25' title='bbox 898 1727 935 1790; x_wconf 93' lang='lat' dir='ltr'><strong>ut</strong></span> <span class='ocrx_word' id='word_1_26' title='bbox 960 1718 1002 1792; x_wconf 88' lang='lat' dir='ltr'><strong>ab</strong></span> <span class='ocrx_word' id='word_1_27' title='bbox 1031 1723 1119 1792; x_wconf 91' lang='lat' dir='ltr'><strong>omni</strong></span> <span class='ocrx_word' id='word_1_28' title='bbox 1148 1720 1237 1808; x_wconf 94' lang='lat' dir='ltr'><strong>dolo,</strong></span> <span class='ocrx_word' id='word_1_29' title='bbox 1265 1723 1421 1816; x_wconf 83' lang='lat' dir='ltr'><strong>omnique</strong></span> <span class='ocrx_word' id='word_1_30' title='bbox 1437 1722 1669 1815; x_wconf 74' lang='lat' dir='ltr'><strong>acceptatione</strong></span> <span class='ocrx_word' id='word_1_31' title='bbox 1690 1743 1777 1815; x_wconf 91' lang='lat' dir='ltr'><strong>per-</strong></span> 
     </span>
     <span class='ocr_line' id='line_1_6' title="bbox 405 1834 1777 1926; baseline -0.001 -17"><span class='ocrx_word' id='word_1_32' title='bbox 405 1859 563 1910; x_wconf 88' lang='lat' dir='ltr'><strong>sonarum</strong></span> <span class='ocrx_word' id='word_1_33' title='bbox 588 1836 745 1926; x_wconf 91' lang='lat' dir='ltr'><strong>mundati,</strong></span> <span class='ocrx_word' id='word_1_34' title='bbox 771 1834 950 1908; x_wconf 87' lang='lat' dir='ltr'><strong>salutemus</strong></span> <span class='ocrx_word' id='word_1_35' title='bbox 976 1839 1122 1910; x_wconf 88' lang='lat' dir='ltr'><strong>invicem</strong></span> <span class='ocrx_word' id='word_1_36' title='bbox 1139 1839 1172 1907; x_wconf 93' lang='lat' dir='ltr'><strong>in</strong></span> <span class='ocrx_word' id='word_1_37' title='bbox 1200 1836 1315 1909; x_wconf 90' lang='lat' dir='ltr'><strong>osculo</strong></span> <span class='ocrx_word' id='word_1_38' title='bbox 1338 1845 1455 1910; x_wconf 90' lang='lat' dir='ltr'><strong>sancto</strong></span> <span class='ocrx_word' id='word_1_39' title='bbox 1483 1845 1517 1908; x_wconf 86' lang='lat' dir='ltr'><strong>et</strong></span> <span class='ocrx_word' id='word_1_40' title='bbox 1542 1835 1668 1926; x_wconf 90' lang='lat' dir='ltr'><strong>divino,</strong></span> <span class='ocrx_word' id='word_1_41' title='bbox 1685 1857 1777 1908; x_wconf 88' lang='lat' dir='ltr'><strong>oon-</strong></span> 
     </span>
     <span class='ocr_line' id='line_1_7' title="bbox 403 1951 1777 2047; baseline -0.001 -21"><span class='ocrx_word' id='word_1_42' title='bbox 403 1955 508 2026; x_wconf 76' lang='lat' dir='ltr'>stricti</span> <span class='ocrx_word' id='word_1_43' title='bbox 533 1951 668 2026; x_wconf 89' lang='lat' dir='ltr'><strong>vinculo</strong></span> <span class='ocrx_word' id='word_1_44' title='bbox 694 1953 841 2024; x_wconf 91' lang='lat' dir='ltr'><strong>caritatis</strong></span> <span class='ocrx_word' id='word_1_45' title='bbox 869 1961 903 2023; x_wconf 89' lang='lat' dir='ltr'><strong>et</strong></span> <span class='ocrx_word' id='word_1_46' title='bbox 928 1955 1033 2047; x_wconf 81' lang='lat' dir='ltr'><strong>pacis.</strong></span> <span class='ocrx_word' id='word_1_47' title='bbox 1079 1953 1146 2025; x_wconf 92' lang='lat' dir='ltr'><strong>Per</strong></span> <span class='ocrx_word' id='word_1_48' title='bbox 1172 1952 1351 2025; x_wconf 91' lang='lat' dir='ltr'><strong>Dominum</strong></span> <span class='ocrx_word' id='word_1_49' title='bbox 1372 1953 1482 2025; x_wconf 91' lang='lat' dir='ltr'><strong>Deum</strong></span> <span class='ocrx_word' id='word_1_50' title='bbox 1508 1961 1542 2024; x_wconf 91' lang='lat' dir='ltr'><strong>et</strong></span> <span class='ocrx_word' id='word_1_51' title='bbox 1567 1952 1777 2027; x_wconf 89' lang='lat' dir='ltr'><strong>salvatorem</strong></span> 
     </span>
     <span class='ocr_line' id='line_1_8' title="bbox 402 2065 1775 2164; baseline 0.001 -24"><span class='ocrx_word' id='word_1_52' title='bbox 402 2079 553 2142; x_wconf 88' lang='lat' dir='ltr'><strong>nostmm</strong></span> <span class='ocrx_word' id='word_1_53' title='bbox 579 2067 694 2140; x_wconf 86' lang='lat' dir='ltr'><strong>lesum</strong></span> <span class='ocrx_word' id='word_1_54' title='bbox 721 2065 886 2140; x_wconf 77' lang='lat' dir='ltr'><strong>Chr-istim</strong></span> <span class='ocrx_word' id='word_1_55' title='bbox 912 2067 1014 2140; x_wconf 89' lang='lat' dir='ltr'><strong>lilium</strong></span> <span class='ocrx_word' id='word_1_56' title='bbox 1040 2080 1129 2141; x_wconf 87' lang='lat' dir='ltr'><strong>trrurrr</strong></span> <span class='ocrx_word' id='word_1_57' title='bbox 1155 2071 1376 2162; x_wconf 85' lang='lat' dir='ltr'><strong>unigenitum,</strong></span> <span class='ocrx_word' id='word_1_58' title='bbox 1416 2089 1478 2164; x_wconf 90' lang='lat' dir='ltr'><strong>per</strong></span> <span class='ocrx_word' id='word_1_59' title='bbox 1511 2089 1609 2163; x_wconf 84' lang='lat' dir='ltr'><strong>quem</strong></span> <span class='ocrx_word' id='word_1_60' title='bbox 1641 2077 1775 2141; x_wconf 87' lang='lat' dir='ltr'><strong>etcum</strong></span> 
     </span>
     <span class='ocr_line' id='line_1_9' title="bbox 403 2181 1530 2281; baseline -0.004 -22"><span class='ocrx_word' id='word_1_61' title='bbox 403 2208 468 2281; x_wconf 89' lang='lat' dir='ltr'><strong>quo</strong></span> <span class='ocrx_word' id='word_1_62' title='bbox 494 2195 528 2258; x_wconf 89' lang='lat' dir='ltr'><strong>te</strong></span> <span class='ocrx_word' id='word_1_63' title='bbox 555 2184 653 2257; x_wconf 89' lang='lat' dir='ltr'><strong>decet</strong></span> <span class='ocrx_word' id='word_1_64' title='bbox 678 2181 799 2276; x_wconf 86' lang='lat' dir='ltr'><strong>gloria,</strong></span> <span class='ocrx_word' id='word_1_65' title='bbox 825 2183 934 2258; x_wconf 93' lang='lat' dir='ltr'><strong>honor</strong></span> <span class='ocrx_word' id='word_1_66' title='bbox 961 2196 995 2257; x_wconf 88' lang='lat' dir='ltr'><strong>et</strong></span> <span class='ocrx_word' id='word_1_67' title='bbox 1020 2195 1182 2280; x_wconf 88' lang='lat' dir='ltr'><strong>potestas,</strong></span> <span class='ocrx_word' id='word_1_68' title='bbox 1210 2209 1284 2258; x_wconf 93' lang='lat' dir='ltr'><strong>cum</strong></span> <span class='ocrx_word' id='word_1_69' title='bbox 1311 2185 1436 2281; x_wconf 76' lang='lat' dir='ltr'><strong>Spiritu</strong></span> <span class='ocrx_word' id='word_1_70' title='bbox 1462 2194 1530 2257; x_wconf 85' lang='lat' dir='ltr'><strong>tuo.</strong></span> 
     </span>
    </p>

    <p class='ocr_par' dir='ltr' id='par_1_5' title="bbox 506 2297 814 2393">
     <span class='ocr_line' id='line_1_10' title="bbox 506 2297 814 2393; baseline 0.003 -23"><span class='ocrx_word' id='word_1_71' title='bbox 506 2297 668 2393; x_wconf 79' lang='lat' dir='ltr'><strong>Populos.</strong></span> <span class='ocrx_word' id='word_1_72' title='bbox 694 2297 814 2373; x_wconf 82' lang='lat' dir='ltr'><strong>Arnen.</strong></span> 
     </span>
    </p>

    <p class='ocr_par' dir='ltr' id='par_1_6' title="bbox 400 2413 1775 4236">
     <span class='ocr_line' id='line_1_11' title="bbox 504 2413 1774 2509; baseline 0.001 -21"><span class='ocrx_word' id='word_1_73' title='bbox 504 2417 691 2488; x_wconf 77' lang='lat' dir='ltr'><strong>Diaconos.</strong></span> <span class='ocrx_word' id='word_1_74' title='bbox 718 2413 852 2488; x_wconf 85' lang='lat' dir='ltr'><strong>Stemus</strong></span> <span class='ocrx_word' id='word_1_75' title='bbox 878 2416 1037 2489; x_wconf 89' lang='lat' dir='ltr'><strong>decenter</strong></span> <span class='ocrx_word' id='word_1_76' title='bbox 1062 2426 1097 2488; x_wconf 89' lang='lat' dir='ltr'><strong>et</strong></span> <span class='ocrx_word' id='word_1_77' title='bbox 1123 2437 1270 2505; x_wconf 91' lang='lat' dir='ltr'><strong>oremus,</strong></span> <span class='ocrx_word' id='word_1_78' title='bbox 1296 2420 1424 2509; x_wconf 84' lang='lat' dir='ltr'><strong>gratias</strong></span> <span class='ocrx_word' id='word_1_79' title='bbox 1451 2438 1609 2508; x_wconf 86' lang='lat' dir='ltr'><strong>agamus,</strong></span> <span class='ocrx_word' id='word_1_80' title='bbox 1643 2416 1774 2490; x_wconf 87' lang='lat' dir='ltr'><strong>adore-</strong></span> 
     </span>
     <span class='ocr_line' id='line_1_12' title="bbox 401 2531 1775 2629; baseline 0.002 -25"><span class='ocrx_word' id='word_1_81' title='bbox 401 2553 474 2605; x_wconf 86' lang='lat' dir='ltr'><strong>mus</strong></span> <span class='ocrx_word' id='word_1_82' title='bbox 501 2541 535 2604; x_wconf 90' lang='lat' dir='ltr'><strong>et</strong></span> <span class='ocrx_word' id='word_1_83' title='bbox 559 2531 731 2604; x_wconf 85' lang='lat' dir='ltr'><strong>laudemus</strong></span> <span class='ocrx_word' id='word_1_84' title='bbox 758 2553 879 2624; x_wconf 79' lang='lat' dir='ltr'><strong>agnum</strong></span> <span class='ocrx_word' id='word_1_85' title='bbox 905 2535 1021 2604; x_wconf 91' lang='lat' dir='ltr'><strong>vivum</strong></span> <span class='ocrx_word' id='word_1_86' title='bbox 1046 2532 1111 2604; x_wconf 90' lang='lat' dir='ltr'><strong>Dei</strong></span> <span class='ocrx_word' id='word_1_87' title='bbox 1138 2536 1194 2629; x_wconf 83' lang='lat' dir='ltr'><strong>qui</strong></span> <span class='ocrx_word' id='word_1_88' title='bbox 1221 2531 1357 2606; x_wconf 87' lang='lat' dir='ltr'><strong>ollertur</strong></span> <span class='ocrx_word' id='word_1_89' title='bbox 1382 2554 1485 2628; x_wconf 87' lang='lat' dir='ltr'><strong>super</strong></span> <span class='ocrx_word' id='word_1_90' title='bbox 1512 2533 1626 2605; x_wconf 86' lang='lat' dir='ltr'><strong>altaro.</strong></span> <span class='ocrx_word' id='word_1_91' title='bbox 1666 2531 1775 2607; x_wconf 92' lang='lat' dir='ltr'><strong>Divi-</strong></span> 
     </span>
     <span class='ocr_line' id='line_1_13' title="bbox 401 2647 1771 2745; baseline 0.002 -25"><span class='ocrx_word' id='word_1_92' title='bbox 401 2651 488 2721; x_wconf 87' lang='lat' dir='ltr'><strong>nitas</strong></span> <span class='ocrx_word' id='word_1_93' title='bbox 515 2669 594 2722; x_wconf 89' lang='lat' dir='ltr'><strong>sesc</strong></span> <span class='ocrx_word' id='word_1_94' title='bbox 627 2647 757 2721; x_wconf 87' lang='lat' dir='ltr'><strong>demisit</strong></span> <span class='ocrx_word' id='word_1_95' title='bbox 789 2647 831 2720; x_wconf 93' lang='lat' dir='ltr'><strong>ad</strong></span> <span class='ocrx_word' id='word_1_96' title='bbox 864 2657 1062 2744; x_wconf 85' lang='lat' dir='ltr'><strong>peccatores</strong></span> <span class='ocrx_word' id='word_1_97' title='bbox 1096 2649 1182 2724; x_wconf 89' lang='lat' dir='ltr'><strong>lilios</strong></span> <span class='ocrx_word' id='word_1_98' title='bbox 1207 2649 1336 2737; x_wconf 83' lang='lat' dir='ltr'><strong>Adam,</strong></span> <span class='ocrx_word' id='word_1_99' title='bbox 1373 2647 1584 2745; x_wconf 82' lang='lat' dir='ltr'><strong>salvavitque</strong></span> <span class='ocrx_word' id='word_1_100' title='bbox 1617 2648 1693 2722; x_wconf 89' lang='lat' dir='ltr'><strong>illos</strong></span> <span class='ocrx_word' id='word_1_101' title='bbox 1729 2650 1771 2723; x_wconf 82' lang='lat' dir='ltr'><strong>alr</strong></span> 
     </span>
     <span class='ocr_line' id='line_1_14' title="bbox 403 2764 1773 2862; baseline 0.001 -25"><span class='ocrx_word' id='word_1_102' title='bbox 403 2787 521 2837; x_wconf 88' lang='lat' dir='ltr'><strong>errore</strong></span> <span class='ocrx_word' id='word_1_103' title='bbox 548 2774 582 2836; x_wconf 91' lang='lat' dir='ltr'><strong>et</strong></span> <span class='ocrx_word' id='word_1_104' title='bbox 608 2786 628 2835; x_wconf 93' lang='lat' dir='ltr'><strong>a</strong></span> <span class='ocrx_word' id='word_1_105' title='bbox 655 2767 815 2837; x_wconf 90' lang='lat' dir='ltr'><strong>servitute</strong></span> <span class='ocrx_word' id='word_1_106' title='bbox 841 2767 981 2860; x_wconf 89' lang='lat' dir='ltr'><strong>peccati.</strong></span> <span class='ocrx_word' id='word_1_107' title='bbox 1008 2765 1130 2862; x_wconf 88' lang='lat' dir='ltr'><strong>Spiritu</strong></span> <span class='ocrx_word' id='word_1_108' title='bbox 1157 2775 1274 2839; x_wconf 87' lang='lat' dir='ltr'><strong>sancto</strong></span> <span class='ocrx_word' id='word_1_109' title='bbox 1302 2768 1455 2838; x_wconf 87' lang='lat' dir='ltr'><strong>succensi</strong></span> <span class='ocrx_word' id='word_1_110' title='bbox 1481 2776 1556 2838; x_wconf 89' lang='lat' dir='ltr'><strong>sunt</strong></span> <span class='ocrx_word' id='word_1_111' title='bbox 1572 2764 1773 2861; x_wconf 77' lang='lat' dir='ltr'><strong>Prophetae,</strong></span> 
     </span>
     <span class='ocr_line' id='line_1_15' title="bbox 402 2879 1772 2978; baseline 0.002 -25"><span class='ocrx_word' id='word_1_112' title='bbox 402 2889 436 2954; x_wconf 88' lang='lat' dir='ltr'><strong>et</strong></span> <span class='ocrx_word' id='word_1_113' title='bbox 461 2880 503 2952; x_wconf 90' lang='lat' dir='ltr'><strong>de</strong></span> <span class='ocrx_word' id='word_1_114' title='bbox 529 2883 752 2976; x_wconf 85' lang='lat' dir='ltr'><strong>primogenito</strong></span> <span class='ocrx_word' id='word_1_115' title='bbox 778 2879 880 2952; x_wconf 91' lang='lat' dir='ltr'><strong>locuti</strong></span> <span class='ocrx_word' id='word_1_116' title='bbox 908 2889 998 2954; x_wconf 90' lang='lat' dir='ltr'><strong>sunt:</strong></span> <span class='ocrx_word' id='word_1_117' title='bbox 1025 2886 1250 2978; x_wconf 88' lang='lat' dir='ltr'><strong>unusquisque</strong></span> <span class='ocrx_word' id='word_1_118' title='bbox 1276 2881 1408 2955; x_wconf 90' lang='lat' dir='ltr'><strong>illorum</strong></span> <span class='ocrx_word' id='word_1_119' title='bbox 1442 2881 1618 2978; x_wconf 85' lang='lat' dir='ltr'><strong>descripsit</strong></span> <span class='ocrx_word' id='word_1_120' title='bbox 1642 2881 1772 2956; x_wconf 81' lang='lat' dir='ltr'><strong>llccle-</strong></span> 
     </span>
     <span class='ocr_line' id='line_1_16' title="bbox 401 2995 1772 3095; baseline 0.001 -25"><span class='ocrx_word' id='word_1_121' title='bbox 401 3001 473 3070; x_wconf 88' lang='lat' dir='ltr'><strong>siae</strong></span> <span class='ocrx_word' id='word_1_122' title='bbox 507 3000 668 3092; x_wconf 77' lang='lat' dir='ltr'><strong>mysteria</strong></span> <span class='ocrx_word' id='word_1_123' title='bbox 699 2995 863 3071; x_wconf 88' lang='lat' dir='ltr'><strong>adventus</strong></span> <span class='ocrx_word' id='word_1_124' title='bbox 890 2999 971 3089; x_wconf 87' lang='lat' dir='ltr'><strong>ejus.</strong></span> <span class='ocrx_word' id='word_1_125' title='bbox 997 2998 1126 3093; x_wconf 89' lang='lat' dir='ltr'><strong>Aperte</strong></span> <span class='ocrx_word' id='word_1_126' title='bbox 1153 3002 1285 3095; x_wconf 88' lang='lat' dir='ltr'><strong>scripsit</strong></span> <span class='ocrx_word' id='word_1_127' title='bbox 1310 2999 1427 3072; x_wconf 88' lang='lat' dir='ltr'><strong>llloses</strong></span> <span class='ocrx_word' id='word_1_128' title='bbox 1455 2998 1543 3094; x_wconf 87' lang='lat' dir='ltr'><strong>qnod</strong></span> <span class='ocrx_word' id='word_1_129' title='bbox 1569 3001 1642 3094; x_wconf 92' lang='lat' dir='ltr'><strong>ipse</strong></span> <span class='ocrx_word' id='word_1_130' title='bbox 1667 3019 1772 3071; x_wconf 87' lang='lat' dir='ltr'><strong>croa-</strong></span> 
     </span>
     <span class='ocr_line' id='line_1_17' title="bbox 402 3111 1775 3208; baseline 0 -22"><span class='ocrx_word' id='word_1_131' title='bbox 402 3124 493 3186; x_wconf 89' lang='lat' dir='ltr'><strong>turas</strong></span> <span class='ocrx_word' id='word_1_132' title='bbox 521 3111 682 3202; x_wconf 75' lang='lat' dir='ltr'><strong>condidit,</strong></span> <span class='ocrx_word' id='word_1_133' title='bbox 722 3122 756 3185; x_wconf 85' lang='lat' dir='ltr'><strong>et</strong></span> <span class='ocrx_word' id='word_1_134' title='bbox 786 3116 862 3208; x_wconf 90' lang='lat' dir='ltr'><strong>ipsc</strong></span> <span class='ocrx_word' id='word_1_135' title='bbox 888 3116 1001 3185; x_wconf 88' lang='lat' dir='ltr'><strong>statuit</strong></span> <span class='ocrx_word' id='word_1_136' title='bbox 1033 3115 1075 3186; x_wconf 93' lang='lat' dir='ltr'><strong>ad</strong></span> <span class='ocrx_word' id='word_1_137' title='bbox 1101 3117 1316 3188; x_wconf 88' lang='lat' dir='ltr'><strong>ministerium</strong></span> <span class='ocrx_word' id='word_1_138' title='bbox 1343 3137 1438 3188; x_wconf 91' lang='lat' dir='ltr'><strong>suum</strong></span> <span class='ocrx_word' id='word_1_139' title='bbox 1464 3114 1598 3187; x_wconf 89' lang='lat' dir='ltr'><strong>ordines</strong></span> <span class='ocrx_word' id='word_1_140' title='bbox 1625 3117 1711 3206; x_wconf 81' lang='lat' dir='ltr'><strong>ignis</strong></span> <span class='ocrx_word' id='word_1_141' title='bbox 1738 3125 1775 3188; x_wconf 91' lang='lat' dir='ltr'><strong>et</strong></span> 
     </span>
     <span class='ocr_line' id='line_1_18' title="bbox 403 3226 1773 3327; baseline 0.001 -24"><span class='ocrx_word' id='word_1_142' title='bbox 403 3231 550 3326; x_wconf 89' lang='lat' dir='ltr'><strong>spiritus.</strong></span> <span class='ocrx_word' id='word_1_143' title='bbox 585 3226 690 3322; x_wconf 84' lang='lat' dir='ltr'><strong>Signa</strong></span> <span class='ocrx_word' id='word_1_144' title='bbox 715 3229 861 3300; x_wconf 84' lang='lat' dir='ltr'><strong>Domine</strong></span> <span class='ocrx_word' id='word_1_145' title='bbox 891 3250 991 3302; x_wconf 85' lang='lat' dir='ltr'><strong>cruce</strong></span> <span class='ocrx_word' id='word_1_146' title='bbox 1018 3233 1091 3323; x_wconf 91' lang='lat' dir='ltr'><strong>ejus</strong></span> <span class='ocrx_word' id='word_1_147' title='bbox 1122 3230 1327 3320; x_wconf 85' lang='lat' dir='ltr'><strong>Ecclesiam,</strong></span> <span class='ocrx_word' id='word_1_148' title='bbox 1362 3253 1459 3327; x_wconf 88' lang='lat' dir='ltr'><strong>quam</strong></span> <span class='ocrx_word' id='word_1_149' title='bbox 1490 3230 1707 3326; x_wconf 80' lang='lat' dir='ltr'><strong>desponsavit</strong></span> <span class='ocrx_word' id='word_1_150' title='bbox 1738 3236 1773 3304; x_wconf 93' lang='lat' dir='ltr'><strong>in</strong></span> 
     </span>
     <span class='ocr_line' id='line_1_19' title="bbox 402 3344 1772 3441; baseline 0.002 -23"><span class='ocrx_word' id='word_1_151' title='bbox 402 3367 549 3441; x_wconf 89' lang='lat' dir='ltr'><strong>persono</strong></span> <span class='ocrx_word' id='word_1_152' title='bbox 577 3367 656 3436; x_wconf 91' lang='lat' dir='ltr'><strong>sua,</strong></span> <span class='ocrx_word' id='word_1_153' title='bbox 689 3355 724 3417; x_wconf 86' lang='lat' dir='ltr'><strong>ot</strong></span> <span class='ocrx_word' id='word_1_154' title='bbox 759 3344 856 3417; x_wconf 88' lang='lat' dir='ltr'><strong>eleva</strong></span> <span class='ocrx_word' id='word_1_155' title='bbox 891 3353 989 3441; x_wconf 87' lang='lat' dir='ltr'><strong>atquo</strong></span> <span class='ocrx_word' id='word_1_156' title='bbox 1022 3352 1186 3420; x_wconf 89' lang='lat' dir='ltr'><strong>constitue</strong></span> <span class='ocrx_word' id='word_1_157' title='bbox 1221 3369 1297 3420; x_wconf 89' lang='lat' dir='ltr'><strong>cam</strong></span> <span class='ocrx_word' id='word_1_158' title='bbox 1323 3350 1358 3418; x_wconf 94' lang='lat' dir='ltr'><strong>in</strong></span> <span class='ocrx_word' id='word_1_159' title='bbox 1383 3345 1502 3436; x_wconf 90' lang='lat' dir='ltr'><strong>coelo,</strong></span> <span class='ocrx_word' id='word_1_160' title='bbox 1528 3346 1571 3418; x_wconf 91' lang='lat' dir='ltr'><strong>ad</strong></span> <span class='ocrx_word' id='word_1_161' title='bbox 1597 3346 1772 3421; x_wconf 88' lang='lat' dir='ltr'><strong>dexteram</strong></span> 
     </span>
     <span class='ocr_line' id='line_1_20' title="bbox 403 3461 1774 3560; baseline 0 -22"><span class='ocrx_word' id='word_1_162' title='bbox 403 3468 558 3560; x_wconf 88' lang='lat' dir='ltr'><strong>ejusqui</strong></span> <span class='ocrx_word' id='word_1_163' title='bbox 592 3469 681 3538; x_wconf 91' lang='lat' dir='ltr'><strong>misit</strong></span> <span class='ocrx_word' id='word_1_164' title='bbox 705 3465 803 3537; x_wconf 88' lang='lat' dir='ltr'><strong>illum.</strong></span> <span class='ocrx_word' id='word_1_165' title='bbox 864 3465 970 3538; x_wconf 91' lang='lat' dir='ltr'><strong>Beata</strong></span> <span class='ocrx_word' id='word_1_166' title='bbox 1003 3483 1041 3537; x_wconf 88' lang='lat' dir='ltr'><strong>es</strong></span> <span class='ocrx_word' id='word_1_167' title='bbox 1066 3462 1242 3536; x_wconf 85' lang='lat' dir='ltr'><strong>Ecclesiae</strong></span> <span class='ocrx_word' id='word_1_168' title='bbox 1275 3461 1400 3552; x_wconf 90' lang='lat' dir='ltr'><strong>tidelis,</strong></span> <span class='ocrx_word' id='word_1_169' title='bbox 1433 3462 1529 3535; x_wconf 90' lang='lat' dir='ltr'><strong>donis</strong></span> <span class='ocrx_word' id='word_1_170' title='bbox 1564 3483 1652 3557; x_wconf 84' lang='lat' dir='ltr'><strong>quac</strong></span> <span class='ocrx_word' id='word_1_171' title='bbox 1683 3463 1774 3538; x_wconf 89' lang='lat' dir='ltr'><strong>dedit</strong></span> 
     </span>
     <span class='ocr_line' id='line_1_21' title="bbox 400 3565 1772 3677; baseline -0.001 -21"><span class='ocrx_word' id='word_1_172' title='bbox 400 3583 458 3656; x_wconf 88' lang='lat' dir='ltr'><strong>tibi</strong></span> <span class='ocrx_word' id='word_1_173' title='bbox 483 3582 646 3655; x_wconf 88' lang='lat' dir='ltr'><strong>Dominus</strong></span> <span class='ocrx_word' id='word_1_174' title='bbox 680 3591 770 3672; x_wconf 91' lang='lat' dir='ltr'><strong>tuus,</strong></span> <span class='ocrx_word' id='word_1_175' title='bbox 802 3603 947 3677; x_wconf 91' lang='lat' dir='ltr'><strong>corpore</strong></span> <span class='ocrx_word' id='word_1_176' title='bbox 980 3591 1013 3654; x_wconf 87' lang='lat' dir='ltr'><strong>et</strong></span> <span class='ocrx_word' id='word_1_177' title='bbox 1039 3581 1202 3672; x_wconf 83' lang='lat' dir='ltr'><strong>sanguine</strong></span> <span class='ocrx_word' id='word_1_178' title='bbox 1228 3601 1290 3652; x_wconf 91' lang='lat' dir='ltr'><strong>sno</strong></span> <span class='ocrx_word' id='word_1_179' title='bbox 1318 3587 1452 3665; x_wconf 89' lang='lat' dir='ltr'><strong>sancto,</strong></span> <span class='ocrx_word' id='word_1_180' title='bbox 1489 3589 1523 3650; x_wconf 89' lang='lat' dir='ltr'><strong>et</strong></span> <span class='ocrx_word' id='word_1_181' title='bbox 1561 3565 1662 3650; x_wconf 83' lang='lat' dir='ltr'><strong>cruce</strong></span> <span class='ocrx_word' id='word_1_182' title='bbox 1697 3583 1772 3672; x_wconf 88' lang='lat' dir='ltr'><strong>ejus</strong></span> 
     </span>
     <span class='ocr_line' id='line_1_22' title="bbox 403 3693 1771 3795; baseline -0.003 -24"><span class='ocrx_word' id='word_1_183' title='bbox 403 3721 488 3795; x_wconf 87' lang='lat' dir='ltr'><strong>quae</strong></span> <span class='ocrx_word' id='word_1_184' title='bbox 514 3709 549 3770; x_wconf 90' lang='lat' dir='ltr'><strong>te</strong></span> <span class='ocrx_word' id='word_1_185' title='bbox 575 3698 725 3773; x_wconf 88' lang='lat' dir='ltr'><strong>custodit.</strong></span> <span class='ocrx_word' id='word_1_186' title='bbox 751 3696 901 3790; x_wconf 84' lang='lat' dir='ltr'><strong>Virginis</strong></span> <span class='ocrx_word' id='word_1_187' title='bbox 928 3719 1033 3795; x_wconf 88' lang='lat' dir='ltr'><strong>purae</strong></span> <span class='ocrx_word' id='word_1_188' title='bbox 1059 3697 1187 3770; x_wconf 85' lang='lat' dir='ltr'><strong>Mariae</strong></span> <span class='ocrx_word' id='word_1_189' title='bbox 1213 3698 1406 3768; x_wconf 89' lang='lat' dir='ltr'><strong>memoriam</strong></span> <span class='ocrx_word' id='word_1_190' title='bbox 1427 3715 1567 3787; x_wconf 88' lang='lat' dir='ltr'><strong>agamus</strong></span> <span class='ocrx_word' id='word_1_191' title='bbox 1594 3693 1681 3788; x_wconf 91' lang='lat' dir='ltr'><strong>apud</strong></span> <span class='ocrx_word' id='word_1_192' title='bbox 1707 3716 1771 3767; x_wconf 91' lang='lat' dir='ltr'><strong>nos</strong></span> 
     </span>
     <span class='ocr_line' id='line_1_23' title="bbox 402 3809 1770 3911; baseline 0 -27"><span class='ocrx_word' id='word_1_193' title='bbox 402 3816 435 3884; x_wconf 93' lang='lat' dir='ltr'><strong>in</strong></span> <span class='ocrx_word' id='word_1_194' title='bbox 453 3809 621 3888; x_wconf 75' lang='lat' dir='ltr'><strong>oblatione</strong></span> <span class='ocrx_word' id='word_1_195' title='bbox 638 3823 765 3904; x_wconf 90' lang='lat' dir='ltr'><strong>nostra,</strong></span> <span class='ocrx_word' id='word_1_196' title='bbox 792 3814 1046 3911; x_wconf 86' lang='lat' dir='ltr'><strong>Prophetarum,</strong></span> <span class='ocrx_word' id='word_1_197' title='bbox 1070 3813 1324 3909; x_wconf 89' lang='lat' dir='ltr'><strong>Apostolorum,</strong></span> <span class='ocrx_word' id='word_1_198' title='bbox 1349 3811 1548 3908; x_wconf 71' lang='lat' dir='ltr'><strong>Martyrum,</strong></span> <span class='ocrx_word' id='word_1_199' title='bbox 1574 3809 1707 3882; x_wconf 89' lang='lat' dir='ltr'><strong>Piorum</strong></span> <span class='ocrx_word' id='word_1_200' title='bbox 1736 3822 1770 3885; x_wconf 89' lang='lat' dir='ltr'><strong>et</strong></span> 
     </span>
     <span class='ocr_line' id='line_1_24' title="bbox 400 3925 1773 4018; baseline 0.001 -19"><span class='ocrx_word' id='word_1_201' title='bbox 400 3926 577 4016; x_wconf 77' lang='lat' dir='ltr'><strong>iustorum.</strong></span> <span class='ocrx_word' id='word_1_202' title='bbox 629 3930 722 4004; x_wconf 89' lang='lat' dir='ltr'><strong>Vasa</strong></span> <span class='ocrx_word' id='word_1_203' title='bbox 757 3941 873 4004; x_wconf 91' lang='lat' dir='ltr'><strong>sancta</strong></span> <span class='ocrx_word' id='word_1_204' title='bbox 900 3928 1080 4004; x_wconf 86' lang='lat' dir='ltr'><strong>otleruntur</strong></span> <span class='ocrx_word' id='word_1_205' title='bbox 1114 3928 1205 4001; x_wconf 92' lang='lat' dir='ltr'><strong>Patri</strong></span> <span class='ocrx_word' id='word_1_206' title='bbox 1237 3938 1370 4018; x_wconf 89' lang='lat' dir='ltr'><strong>nostro,</strong></span> <span class='ocrx_word' id='word_1_207' title='bbox 1405 3939 1442 4000; x_wconf 90' lang='lat' dir='ltr'><strong>ut</strong></span> <span class='ocrx_word' id='word_1_208' title='bbox 1475 3925 1643 4001; x_wconf 87' lang='lat' dir='ltr'><strong>osculetur</strong></span> <span class='ocrx_word' id='word_1_209' title='bbox 1669 3947 1711 3998; x_wconf 87' lang='lat' dir='ltr'><strong>ea</strong></span> <span class='ocrx_word' id='word_1_210' title='bbox 1738 3938 1773 4000; x_wconf 88' lang='lat' dir='ltr'><strong>et</strong></span> 
     </span>
     <span class='ocr_line' id='line_1_25' title="bbox 402 4040 1770 4140; baseline 0 -24"><span class='ocrx_word' id='word_1_211' title='bbox 402 4042 504 4117; x_wconf 89' lang='lat' dir='ltr'><strong>Pater</strong></span> <span class='ocrx_word' id='word_1_212' title='bbox 528 4049 703 4119; x_wconf 90' lang='lat' dir='ltr'><strong>nosterin</strong></span> <span class='ocrx_word' id='word_1_213' title='bbox 736 4045 887 4140; x_wconf 82' lang='lat' dir='ltr'><strong>Liturgia</strong></span> <span class='ocrx_word' id='word_1_214' title='bbox 920 4069 981 4120; x_wconf 91' lang='lat' dir='ltr'><strong>sua</strong></span> <span class='ocrx_word' id='word_1_215' title='bbox 1013 4044 1245 4120; x_wconf 89' lang='lat' dir='ltr'><strong>recordabitur</strong></span> <span class='ocrx_word' id='word_1_216' title='bbox 1276 4048 1421 4118; x_wconf 91' lang='lat' dir='ltr'><strong>omnium</strong></span> <span class='ocrx_word' id='word_1_217' title='bbox 1453 4047 1508 4140; x_wconf 91' lang='lat' dir='ltr'><strong>qui</strong></span> <span class='ocrx_word' id='word_1_218' title='bbox 1543 4040 1770 4116; x_wconf 85' lang='lat' dir='ltr'><strong>inClrristum</strong></span> 
     </span>
     <span class='ocr_line' id='line_1_26' title="bbox 401 4157 548 4236; baseline 0.041 -6"><span class='ocrx_word' id='word_1_219' title='bbox 401 4157 548 4236; x_wconf 81' lang='lat' dir='ltr'><strong>credunt</strong></span> 
     </span>
    </p>

    <p class='ocr_par' dir='ltr' id='par_1_7' title="bbox 400 4277 1771 4838">
     <span class='ocr_line' id='line_1_27' title="bbox 505 4277 1769 4372; baseline 0 -22"><span class='ocrx_word' id='word_1_220' title='bbox 505 4277 688 4362; x_wconf 81' lang='lat' dir='ltr'><strong>Sacerdos.</strong></span> <span class='ocrx_word' id='word_1_221' title='bbox 726 4280 790 4366; x_wconf 83' lang='lat' dir='ltr'><strong>Qui</strong></span> <span class='ocrx_word' id='word_1_222' title='bbox 816 4278 908 4353; x_wconf 90' lang='lat' dir='ltr'><strong>solus</strong></span> <span class='ocrx_word' id='word_1_223' title='bbox 935 4279 1096 4353; x_wconf 90' lang='lat' dir='ltr'><strong>Dominus</strong></span> <span class='ocrx_word' id='word_1_224' title='bbox 1123 4281 1315 4352; x_wconf 85' lang='lat' dir='ltr'><strong>misericors</strong></span> <span class='ocrx_word' id='word_1_225' title='bbox 1342 4299 1393 4368; x_wconf 86' lang='lat' dir='ltr'><strong>es,</strong></span> <span class='ocrx_word' id='word_1_226' title='bbox 1426 4280 1460 4347; x_wconf 94' lang='lat' dir='ltr'><strong>in</strong></span> <span class='ocrx_word' id='word_1_227' title='bbox 1487 4298 1548 4350; x_wconf 85' lang='lat' dir='ltr'><strong>cos</strong></span> <span class='ocrx_word' id='word_1_228' title='bbox 1576 4279 1629 4372; x_wconf 85' lang='lat' dir='ltr'><strong>qui</strong></span> <span class='ocrx_word' id='word_1_229' title='bbox 1657 4301 1769 4351; x_wconf 90' lang='lat' dir='ltr'><strong>coram</strong></span> 
     </span>
     <span class='ocr_line' id='line_1_28' title="bbox 402 4391 1771 4488; baseline 0.002 -24"><span class='ocrx_word' id='word_1_230' title='bbox 402 4392 498 4465; x_wconf 89' lang='lat' dir='ltr'><strong>altari</strong></span> <span class='ocrx_word' id='word_1_231' title='bbox 523 4405 579 4468; x_wconf 92' lang='lat' dir='ltr'><strong>tuo</strong></span> <span class='ocrx_word' id='word_1_232' title='bbox 608 4394 694 4468; x_wconf 91' lang='lat' dir='ltr'><strong>colla</strong></span> <span class='ocrx_word' id='word_1_233' title='bbox 720 4394 878 4468; x_wconf 88' lang='lat' dir='ltr'><strong>inclinant</strong></span> <span class='ocrx_word' id='word_1_234' title='bbox 904 4398 995 4468; x_wconf 90' lang='lat' dir='ltr'><strong>mitte</strong></span> <span class='ocrx_word' id='word_1_235' title='bbox 1020 4393 1271 4467; x_wconf 89' lang='lat' dir='ltr'><strong>benedictiones</strong></span> <span class='ocrx_word' id='word_1_236' title='bbox 1298 4405 1385 4483; x_wconf 85' lang='lat' dir='ltr'><strong>tuas,</strong></span> <span class='ocrx_word' id='word_1_237' title='bbox 1411 4403 1446 4464; x_wconf 88' lang='lat' dir='ltr'><strong>tu</strong></span> <span class='ocrx_word' id='word_1_238' title='bbox 1461 4397 1516 4488; x_wconf 87' lang='lat' dir='ltr'><strong>qui</strong></span> <span class='ocrx_word' id='word_1_239' title='bbox 1542 4394 1575 4465; x_wconf 91' lang='lat' dir='ltr'><strong>in</strong></span> <span class='ocrx_word' id='word_1_240' title='bbox 1603 4391 1676 4466; x_wconf 91' lang='lat' dir='ltr'><strong>altis</strong></span> <span class='ocrx_word' id='word_1_241' title='bbox 1702 4392 1771 4468; x_wconf 92' lang='lat' dir='ltr'><strong>ha-</strong></span> 
     </span>
     <span class='ocr_line' id='line_1_29' title="bbox 400 4507 1770 4607; baseline 0.003 -27"><span class='ocrx_word' id='word_1_242' title='bbox 400 4507 498 4598; x_wconf 89' lang='lat' dir='ltr'><strong>bitas,</strong></span> <span class='ocrx_word' id='word_1_243' title='bbox 526 4522 559 4583; x_wconf 89' lang='lat' dir='ltr'><strong>et</strong></span> <span class='ocrx_word' id='word_1_244' title='bbox 585 4509 718 4583; x_wconf 92' lang='lat' dir='ltr'><strong>humilia</strong></span> <span class='ocrx_word' id='word_1_245' title='bbox 744 4513 898 4607; x_wconf 89' lang='lat' dir='ltr'><strong>respicis,</strong></span> <span class='ocrx_word' id='word_1_246' title='bbox 922 4511 1130 4607; x_wconf 86' lang='lat' dir='ltr'><strong>benedicque</strong></span> <span class='ocrx_word' id='word_1_247' title='bbox 1157 4531 1218 4583; x_wconf 90' lang='lat' dir='ltr'><strong>eos</strong></span> <span class='ocrx_word' id='word_1_248' title='bbox 1243 4513 1482 4606; x_wconf 82' lang='lat' dir='ltr'><strong>pergratiam,</strong></span> <span class='ocrx_word' id='word_1_249' title='bbox 1509 4511 1770 4584; x_wconf 87' lang='lat' dir='ltr'><strong>misericordiam</strong></span> 
     </span>
     <span class='ocr_line' id='line_1_30' title="bbox 400 4625 1768 4728; baseline 0.001 -30"><span class='ocrx_word' id='word_1_250' title='bbox 400 4636 434 4698; x_wconf 92' lang='lat' dir='ltr'><strong>et</strong></span> <span class='ocrx_word' id='word_1_251' title='bbox 460 4648 606 4700; x_wconf 88' lang='lat' dir='ltr'><strong>amoram</strong></span> <span class='ocrx_word' id='word_1_252' title='bbox 634 4649 717 4720; x_wconf 85' lang='lat' dir='ltr'><strong>erga</strong></span> <span class='ocrx_word' id='word_1_253' title='bbox 744 4626 892 4701; x_wconf 87' lang='lat' dir='ltr'><strong>homines</strong></span> <span class='ocrx_word' id='word_1_254' title='bbox 921 4628 1043 4728; x_wconf 71' lang='lat' dir='ltr'><strong>Christi</strong></span> <span class='ocrx_word' id='word_1_255' title='bbox 1068 4629 1228 4720; x_wconf 80' lang='lat' dir='ltr'><strong>unigeniti</strong></span> <span class='ocrx_word' id='word_1_256' title='bbox 1250 4625 1325 4698; x_wconf 87' lang='lat' dir='ltr'><strong>Filii</strong></span> <span class='ocrx_word' id='word_1_257' title='bbox 1351 4627 1398 4697; x_wconf 89' lang='lat' dir='ltr'><strong>tui</strong></span> <span class='ocrx_word' id='word_1_258' title='bbox 1422 4647 1484 4721; x_wconf 87' lang='lat' dir='ltr'><strong>per</strong></span> <span class='ocrx_word' id='word_1_259' title='bbox 1511 4648 1608 4721; x_wconf 88' lang='lat' dir='ltr'><strong>quem</strong></span> <span class='ocrx_word' id='word_1_260' title='bbox 1634 4637 1668 4698; x_wconf 88' lang='lat' dir='ltr'><strong>et</strong></span> <span class='ocrx_word' id='word_1_261' title='bbox 1693 4650 1768 4700; x_wconf 90' lang='lat' dir='ltr'><strong>curn</strong></span> 
     </span>
     <span class='ocr_line' id='line_1_31' title="bbox 400 4725 1306 4838; baseline 0.006 -23"><span class='ocrx_word' id='word_1_262' title='bbox 400 4766 465 4838; x_wconf 89' lang='lat' dir='ltr'><strong>qno</strong></span> <span class='ocrx_word' id='word_1_263' title='bbox 493 4755 526 4816; x_wconf 89' lang='lat' dir='ltr'><strong>to</strong></span> <span class='ocrx_word' id='word_1_264' title='bbox 553 4743 650 4816; x_wconf 89' lang='lat' dir='ltr'><strong>decet</strong></span> <span class='ocrx_word' id='word_1_265' title='bbox 676 4743 796 4838; x_wconf 87' lang='lat' dir='ltr'><strong>gloria,</strong></span> <span class='ocrx_word' id='word_1_266' title='bbox 824 4755 887 4818; x_wconf 88' lang='lat' dir='ltr'><strong>etc.</strong></span> <span class='ocrx_word' id='word_1_267' title='bbox 1299 4725 1306 4738; x_wconf 42' lang='lat'>⁸</span> 
     </span>
    </p>

    <p class='ocr_par' dir='ltr' id='par_1_8' title="bbox 503 4858 1592 4953">
     <span class='ocr_line' id='line_1_32' title="bbox 503 4858 1592 4953; baseline 0.007 -23"><span class='ocrx_word' id='word_1_268' title='bbox 503 4858 665 4953; x_wconf 70' lang='lat' dir='ltr'><strong>Populos.</strong></span> <span class='ocrx_word' id='word_1_269' title='bbox 691 4862 812 4933; x_wconf 86' lang='lat' dir='ltr'><strong>Amen.</strong></span> <span class='ocrx_word' id='word_1_270' title='bbox 1588 4928 1592 4938; x_wconf 35' lang='grc' dir='ltr'><strong>ι</strong></span> 
     </span>
    </p>

    <p class='ocr_par' dir='ltr' id='par_1_9' title="bbox 398 4973 1768 5186">
     <span class='ocr_line' id='line_1_33' title="bbox 502 4973 1768 5074; baseline 0.002 -29"><span class='ocrx_word' id='word_1_271' title='bbox 502 4974 687 5050; x_wconf 79' lang='lat' dir='ltr'><strong>Sacerdos.</strong></span> <span class='ocrx_word' id='word_1_272' title='bbox 713 4976 806 5052; x_wconf 87' lang='lat' dir='ltr'><strong>Deus</strong></span> <span class='ocrx_word' id='word_1_273' title='bbox 834 4975 934 5051; x_wconf 89' lang='lat' dir='ltr'><strong>Pater</strong></span> <span class='ocrx_word' id='word_1_274' title='bbox 961 4979 1016 5073; x_wconf 77' lang='lat' dir='ltr'><strong>qui</strong></span> <span class='ocrx_word' id='word_1_275' title='bbox 1041 4987 1179 5074; x_wconf 89' lang='lat' dir='ltr'><strong>propter</strong></span> <span class='ocrx_word' id='word_1_276' title='bbox 1211 4997 1358 5048; x_wconf 90' lang='lat' dir='ltr'><strong>amorem</strong></span> <span class='ocrx_word' id='word_1_277' title='bbox 1391 4985 1480 5047; x_wconf 92' lang='lat' dir='ltr'><strong>tuum</strong></span> <span class='ocrx_word' id='word_1_278' title='bbox 1508 4996 1590 5067; x_wconf 85' lang='lat' dir='ltr'><strong>erga</strong></span> <span class='ocrx_word' id='word_1_279' title='bbox 1617 4973 1768 5048; x_wconf 89' lang='lat' dir='ltr'><strong>homines</strong></span> 
     </span>
     <span class='ocr_line' id='line_1_34' title="bbox 398 5089 1768 5186; baseline 0.003 -26"><span class='ocrx_word' id='word_1_280' title='bbox 398 5111 554 5184; x_wconf 79' lang='lat' dir='ltr'><strong>magnum</strong></span> <span class='ocrx_word' id='word_1_281' title='bbox 588 5105 622 5166; x_wconf 89' lang='lat' dir='ltr'><strong>et</strong></span> <span class='ocrx_word' id='word_1_282' title='bbox 651 5092 868 5186; x_wconf 79' lang='lat' dir='ltr'><strong>ineffabilem,</strong></span> <span class='ocrx_word' id='word_1_283' title='bbox 909 5095 1027 5168; x_wconf 89' lang='lat' dir='ltr'><strong>misisti</strong></span> <span class='ocrx_word' id='word_1_284' title='bbox 1067 5091 1168 5166; x_wconf 85' lang='lat' dir='ltr'><strong>tilium</strong></span> <span class='ocrx_word' id='word_1_285' title='bbox 1206 5103 1295 5167; x_wconf 89' lang='lat' dir='ltr'><strong>tunm</strong></span> <span class='ocrx_word' id='word_1_286' title='bbox 1327 5096 1361 5164; x_wconf 92' lang='lat' dir='ltr'><strong>in</strong></span> <span class='ocrx_word' id='word_1_287' title='bbox 1395 5089 1565 5178; x_wconf 90' lang='lat' dir='ltr'><strong>mundum,</strong></span> <span class='ocrx_word' id='word_1_288' title='bbox 1601 5101 1637 5164; x_wconf 90' lang='lat' dir='ltr'><strong>ut</strong></span> <span class='ocrx_word' id='word_1_289' title='bbox 1666 5113 1768 5164; x_wconf 92' lang='lat' dir='ltr'><strong>ovem</strong></span> 
     </span>
    </p>

    <p class='ocr_par' dir='ltr' id='par_1_10' title="bbox 1513 5209 1561 5280">
     <span class='ocr_line' id='line_1_35' title="bbox 1513 5209 1561 5280; baseline 0 -38"><span class='ocrx_word' id='word_1_290' title='bbox 1513 5209 1561 5280; x_wconf 56' lang='grc' dir='ltr'><strong>τῆ</strong></span> 
     </span>
    </p>
   </div>
   <div class='ocr_carea' id='block_1_4' title="bbox 0 0 2406 6025">
    <p class='ocr_par' dir='ltr' id='par_1_11' title="bbox 0 0 2406 6025">
     <span class='ocr_line' id='line_1_36' title="bbox 0 0 2406 6025; baseline 0 0"><span class='ocrx_word' id='word_1_291' title='bbox 0 0 2406 6025; x_wconf 95' lang='lat' dir='ltr'><strong> </strong></span> 
     </span>
    </p>
   </div>
  </div>
 </body>
</html>
