4712 6032
670 567 748 644 206
1174 563 1536 641 Ltuunstn

670 751 741 826 Sed
766 754 800 823 in
825 751 1042 844 benignitate,
1069 753 1200 843 gratim
1227 757 1261 819 et
1285 747 1537 840 longanimitate
1563 758 1635 834 tua,
1664 749 1806 820 animum
1833 749 2044 836 confirmans,

669 867 828 964 Spiritum
855 875 945 938 tuum
972 878 1121 940 sunctum
1147 874 1240 961 peto,
1266 873 1302 935 ut
1317 866 1437 952 ¹mittas
1464 886 1540 936 eum
1566 884 1670 958 super
1695 884 1765 951 me,
1794 873 1828 934 et
1854 885 1956 959 super
1981 861 2043 935 bas

670 982 858 1055 oblationes
885 985 1090 1076 propositas,
1116 978 1339 1077 populumque
1366 987 1456 1050 tumn
1481 975 1622 1078 fidelem.

774 1095 960 1169 Sacerdos.
1012 1095 1146 1168 Exaudi
1175 1117 1242 1179 me,
1267 1094 1422 1166 Domine.

774 1210 936 1304 Populus.
989 1211 1095 1307 llyrie
1122 1209 1266 1296 eleison,
1293 1207 1400 1304 llyrie
1427 1207 1571 1297 eleison,
1598 1207 1704 1302 llyrie
1731 1207 1870 1280 eleison.

776 1325 961 1398 Sacerdos.
1013 1324 1081 1396 Per
1110 1321 1125 1358 ⁴
1151 1323 1303 1418 illapsum
1330 1332 1452 1410 autem,
1480 1332 1514 1394 et
1530 1309 1817 1396 obumbrationem
1834 1345 1940 1414 suam,
1968 1323 2043 1396 effi·

670 1445 735 1514 ciat
761 1463 882 1537 panem
909 1441 1040 1535 quidem
1067 1443 1165 1513 istum
1191 1445 1212 1521 †
1239 1459 1361 1532 corpus
1388 1440 1504 1509 vivum
1531 1447 1566 1509 et
1592 1441 1694 1510 vitam
1720 1446 1895 1533 praestans
1909 1442 2043 1510 anima-

670 1553 734 1627 bus
760 1559 906 1646 nostris,
942 1562 1112 1649 †corpus
1139 1551 1303 1640 salutare,
1336 1559 1357 1635 †
1389 1573 1512 1646 corpus
1546 1553 1714 1626 coeleste:
1750 1574 1874 1647 corpus
1908 1553 2044 1626 salvans

672 1675 799 1744 animas
833 1681 867 1743 et
902 1693 1047 1764 corpora
1082 1677 1216 1756 nostra,
1250 1689 1374 1762 corpus
1399 1668 1535 1740 Domini
1560 1669 1625 1740 Dei
1660 1679 1694 1740 et
1720 1667 1907 1742 Salvatoris
1940 1672 2045 1742 nostri

671 1789 753 1859 lesu
780 1785 921 1873 Christi,
948 1786 992 1857 ad
1018 1787 1249 1886 remissionem
1275 1793 1509 1878 peccatorum,
1546 1793 1579 1854 et
1613 1788 1717 1856 vitam
1744 1794 1930 1872 aeternam,
1966 1784 2045 1856 illud

671 1900 936 1997 suscipientibus.

776 2016 937 2108 Populea.
991 2015 1111 2087 Amen.

776 2129 961 2202 Sacerdos.
1014 2128 1058 2200 m
1081 2132 1212 2202 mistum
1240 2127 1330 2222 quod
1356 2130 1390 2197 in
1415 2125 1480 2199 boc
1505 2127 1611 2198 calice
1639 2137 1691 2198 est
1716 2129 1834 2202 efficiat
1857 2136 1878 2212 †
1904 2132 2046 2221 sangari-

671 2269 749 2318 nem
775 2249 891 2317 vivum
918 2253 952 2314 et
978 2246 1080 2314 vitam
1106 2251 1282 2337 praestans
1310 2239 1481 2314 animabus
1508 2253 1656 2314 nostrum
1685 2247 1839 2333 omnium,
1863 2249 2044 2336 †sangui-

671 2382 749 2432 nem
776 2359 968 2446 salutarem,
994 2365 1015 2441 †
1042 2360 1238 2449 sanguinem
1263 2355 1458 2446 coelestem,
1485 2360 1682 2449 sanguinem
1709 2357 1895 2430 salvantem
1919 2362 2043 2432 animas

672 2485 808 2548 nostras
836 2484 869 2545 et
894 2494 1056 2568 corpora,
1083 2475 1278 2564 sanguinem
1306 2473 1440 2543 Domini
1467 2473 1531 2544 Dei
1559 2483 1593 2544 et
1618 2471 1806 2546 Salvatoris
1832 2479 1938 2546 nostri
1963 2475 2045 2549 lesu

674 2591 813 2679 Christi,
848 2588 891 2660 ad
927 2591 1157 2662 remissionem
1190 2597 1405 2683 peccatorum
1439 2596 1473 2659 et
1503 2590 1609 2659 vitam
1644 2599 1813 2661 aeternam
1851 2611 1892 2662 ea
1932 2595 2044 2662 susei-

671 2706 848 2803 pientibus.

778 2819 941 2912 Populus.
994 2819 1114 2890 Amen.

777 2935 962 3007 Sacerdos.
1021 2933 1213 3006 Secundum
1254 2943 1363 3006 autem
1404 2932 1613 3006 traditionem
1653 2943 1688 3004 et
1728 2935 2044 3010 commendationem

676 3051 822 3122 divinam
848 3072 983 3137 eorum,
1016 3053 1071 3143 qui
1098 3059 1307 3145 spectatores
1333 3049 1464 3122 iuerunt
1490 3052 1725 3153 mysteriorum
1753 3060 1900 3142 tuorum,
1929 3061 1962 3122 et
1986 3055 2044 3124 in-

673 3175 840 3260 terpretes
867 3163 1063 3236 mirabilium
1093 3174 1242 3252 tuorum,
1275 3164 1518 3237 Eucharistiam
1552 3163 1636 3236 banc
1670 3164 1837 3237 offerimus
1868 3187 1980 3238 coram
2012 3177 2044 3239 te

673 3281 827 3368 Domine,
856 3290 890 3352 et
915 3303 976 3376 per
1003 3302 1076 3351 eam
1105 3301 1403 3353 commemoramus
1430 3283 1601 3352 caritatem
1628 3291 1717 3352 tuam
1743 3302 1827 3373 erga
1853 3303 1933 3372 nos,
1966 3285 2044 3356 uni-

672 3415 877 3490 versamque
905 3395 1185 3490 dispensationem
1211 3397 1371 3487 unigeniti
1398 3398 1444 3466 tui
1471 3398 1503 3465 in
1536 3394 1600 3467 boc
1635 3393 1776 3484 mundo,
1811 3407 1847 3468 ut
1880 3407 1914 3469 tu
1947 3402 2043 3470 etiam

673 3510 866 3583 recorderis
892 3533 954 3606 per
981 3533 1073 3600 eam,
1106 3510 1355 3582 misericordiae
1381 3508 1440 3580 tibi
1467 3513 1667 3602 congenitae
1693 3520 1728 3583 et
1753 3511 1929 3602 naturalis,
1962 3536 2046 3608 quae

671 3624 755 3698 hora
783 3647 989 3720 quacumque
1016 3647 1117 3721 super
1143 3636 1314 3697 creaturas
1342 3633 1415 3697 tuas
1443 3624 1648 3714 dillunditur,
1684 3636 1717 3697 et
1751 3649 1814 3700 nos
1846 3630 1969 3726 eripias
2002 3627 2043 3700 ab

673 3745 723 3813 ira
750 3744 870 3835 iniquis
896 3751 1085 3827 reservata,
1113 3751 1146 3811 et
1173 3763 1192 3810 a
1219 3740 1389 3836 suppliciis
1416 3745 1623 3835 operantium
1649 3745 1836 3837 nequitiam,
1864 3752 1898 3814 et
1925 3767 2045 3815 aeru-

673 3855 739 3928 deli
770 3858 1017 3951 impugnatione
1050 3855 1265 3943 daemonum,
1302 3859 1356 3950 qui
1391 3866 1585 3953 oppugnant
1619 3861 1747 3931 animes
1778 3869 1931 3949 nostras,
1971 3883 2045 3932 cum

672 3970 747 4043 bino
774 3971 957 4043 exibimus:
985 3993 1114 4066 nosque
1132 3971 1253 4063 dignos
1273 3969 1395 4044 efficias
1416 3993 1523 4064 regno
1550 3985 1617 4062 tuo,
1644 3983 1678 4046 et
1698 3973 1893 4048 habitaculis
1920 3996 2044 4064 eorum,

675 4089 729 4180 qui
757 4095 981 4158 servaverunt
1007 4095 1188 4181 praecepta
1215 4097 1288 4174 tua,
1322 4099 1357 4160 et
1382 4087 1567 4162 reseremus
1595 4087 1653 4160 tibi
1679 4090 1821 4182 gloriam
1848 4099 1883 4162 et
1914 4095 2045 4183 gratia-

673 4223 746 4272 rum
772 4203 956 4292 actionem,
983 4210 1046 4273 eto.

778 4316 939 4409 Populus.
991 4318 1111 4390 Amen.

778 4431 955 4504 Sacerdos
981 4432 1173 4503 inclinatae.
1227 4430 1350 4506 Verbis
1378 4436 1440 4506 tuis
1466 4456 1536 4508 non
1561 4435 1793 4528 mendacibus,
1824 4438 2048 4531 doctrinisque

676 4549 904 4619 veracissimis
939 4551 1003 4620 tuis
1039 4548 1153 4620 dixisti
1179 4546 1340 4637 Domine,
1374 4553 1552 4622 maximum
1583 4573 1662 4624 esse
1693 4551 1850 4644 gaudium
1882 4555 1916 4624 in
1949 4551 2046 4626 coelo

676 4671 711 4733 et
736 4665 770 4733 in
796 4673 886 4734 terra
914 4685 1015 4759 super
1041 4686 1108 4737 uno
1135 4673 1316 4759 peccatore
1342 4668 1578 4760 poenitentiam
1605 4679 1737 4758 agente.
1777 4667 1923 4742 Laetare
1948 4672 2048 4761 igitur

675 4797 762 4850 nuno
789 4778 954 4866 Domine,
980 4781 1015 4850 in
1042 4783 1268 4852 conversione
1295 4801 1470 4854 servorum
1506 4792 1653 4872 tuorum,
1689 4786 1744 4878 qui
1779 4805 1895 4856 coram
1927 4792 1961 4854 te
1995 4781 2048 4854 bic

678 4896 883 4981 consistunt3
911 4893 1055 4988 adjunge
1081 4900 1180 4969 etiam
1217 4897 1455 4969 exultationem
1489 4897 1532 4968 de
1564 4897 1679 4986 nobis,
1712 4899 1885 4973 animabus
1919 4901 2048 4995 piorum

679 5017 713 5078 et
750 5011 939 5100 justorum,
979 5010 1134 5103 Petrum,
1172 5010 1458 5102 Patriarebarum,
1497 5011 1755 5109 Prophetarum,
1795 5015 2049 5112 Apostolorum,
