4728 6028
689 577 740 653 IN
781 579 1071 656 clausulas
1108 577 1380 660 stainans.
1642 581 1715 656 107

353 761 431 823 made
451 761 571 840 sopierat
590 761 721 838 dolores,
742 763 867 824 tristitia
889 770 919 824 et
937 764 1074 842 peanitas,
1096 770 1272 844 perpetuam
1300 762 1470 826 felicitatem
1493 764 1551 828 illis
1570 765 1718 846 postulari
1744 807 1749 818 ·

354 877 441 922 nemo
471 876 532 921 non
559 859 712 942 intelligit,
743 878 820 940 quae
847 863 903 923 suh
932 860 1040 924 talibus
1070 863 1254 942 metaphoris
1283 862 1476 944 significetur.
1519 863 1599 926 Nihil
1624 882 1717 947 porro

354 957 412 1021 huc
441 977 537 1040 usque
565 960 652 1022 nobis
675 960 806 1022 occumit
828 960 859 1021 in
882 959 1104 1041 Theologomm
1126 960 1249 1041 scriptis
1272 969 1323 1024 aut
1344 961 1374 1022 in
1398 961 1542 1040 Homiliis,
1565 963 1644 1025 unde
1665 962 1717 1026 vel

354 1057 537 1120 levissimum
564 1058 703 1122 indicium
733 1061 799 1140 capi
828 1060 938 1141 possit,
967 1067 1088 1122 autores
1114 1059 1230 1122 illarum
1253 1060 1435 1136 orationum,
1459 1077 1536 1142 quae
1557 1081 1598 1124 ex
1621 1063 1716 1125 sacris

354 1155 448 1219 literis
470 1157 680 1239 utplurimum
703 1166 863 1222 contextae
886 1164 970 1235 suat,
1000 1158 1160 1239 quidquam
1184 1158 1263 1222 aliud
1286 1160 1456 1241 cogitasse,
1486 1170 1607 1241 praeter
1637 1161 1716 1224 illam

354 1255 536 1334 felicitatem,
558 1256 595 1319 ad
618 1275 706 1339 quarn
728 1256 844 1319 facilius
867 1257 1122 1338 consequendam,
1144 1259 1306 1322 viventium
1328 1257 1479 1340 suffragiis
1502 1269 1532 1322 et
1554 1261 1711 1324 Ecclesiae

355 1373 432 1418 voce
454 1354 642 1436 adjuventur.

442 1454 529 1529 Quod
552 1455 578 1517 si
600 1454 744 1529 nonnulli,
774 1462 806 1517 ut
827 1455 928 1518 Moses
955 1453 1120 1536 Barcepba,
1144 1455 1182 1518 ad
1204 1454 1360 1538 vulgarem
1383 1455 1567 1520 Graecorum
1589 1467 1715 1522 senten·
1753 1469 1824 1530 Quae
1842 1470 1918 1537 objici
1931 1479 2036 1540 pomum

356 1557 424 1617 tiam
448 1554 588 1617 videntur
611 1570 772 1635 parumper
794 1553 974 1632 declinasse,
997 1573 1063 1616 cum
1085 1554 1271 1617 Paradisum
1296 1557 1328 1616 in
1349 1555 1434 1618 Edem
1456 1554 1495 1616 ub
1517 1558 1603 1619 initio
1621 1560 1716 1636 plan-
1728 1557 1761 1610 <¹0
1773 1574 1900 1611 consensu
1914 1555 2034 1610 onena-

356 1662 458 1729 tatam,
481 1654 579 1716 locam
601 1672 667 1714 csse
690 1652 760 1715 dicit
782 1653 835 1715 abi
847 1656 1001 1732 justorum
1033 1655 1154 1715 amimae
1175 1654 1359 1733 recipiantur
1379 1655 1419 1716 ab
1442 1656 1572 1717 odoram
1595 1655 1716 1734 Christi,
1728 1643 1788 1696 ΗΜ
1805 1661 1862 1696 ⁰⁰¹³
1880 1644 1990 1698 &tem-

357 1761 444 1833 atque
469 1753 514 1814 ibi
539 1753 716 1814 collocatam
744 1752 841 1831 [aisse
870 1751 942 1814 boni
966 1751 1112 1814 Latronis
1138 1753 1290 1825 animam;
1317 1763 1388 1828 post
1414 1754 1615 1816 universatem
1641 1775 1715 1819 cera
1744 1731 2033 1784 ⁸⁰⁸·⁸⁰'⁰·³⁶P“'⁰‘²

355 1850 613 1913 Resurrectionem
634 1851 743 1912 nullius
764 1869 837 1911 ausus
855 1849 1001 1928 satarum,
1023 1849 1164 1912 Doctoris
1196 1851 1275 1913 inter
1296 1869 1369 1913 suos
1392 1850 1521 1913 celebris
1544 1853 1715 1933 opinionem
1725 1834 1743 1884 Ρ
1745 1853 1751 1868 ’
1766 1817 1790 1868 ¹⁰
1801 1835 1823 1868 ⁶¹
1840 1817 1880 1868 ’θ’

357 1951 564 2030 agnoscimus,
588 1957 618 2011 ct
645 1949 753 2030 privati
781 1949 881 2028 potius
908 1948 1069 2028 judicium,
1097 1967 1185 2029 quarn
1214 1948 1371 2012 Ecclesiae
1400 1949 1584 2013 Jacobiticae
1615 1951 1713 2030 fidem,

356 2050 440 2129 cnjus
464 2049 671 2130 expositiones
693 2049 794 2110 variae
817 2043 938 2128 publica
972 2049 1128 2110 autoritate
1151 2049 1299 2128 scriptae,
1329 2049 1425 2112 similo
1454 2049 1526 2111 nihil
1553 2051 1716 2113 continent.

356 2147 414 2211 Sed
435 2166 536 2229 neque
558 2147 748 2210 confirmatur
768 2145 1034 2208 indeGraecornm
1056 2165 1136 2210 nova
1159 2147 1335 2230 Theologia,
1358 2149 1417 2210 imo
1430 2150 1532 2229 potius
1553 2151 1713 2211 evertitur:

356 2265 422 2310 uam
445 2249 470 2309 si
495 2249 598 2310 tertius
621 2247 707 2309 locus
730 2245 900 2324 admittitur,
923 2248 954 2308 in
983 2264 1043 2327 quo
1066 2249 1257 2328 requiescant
1274 2248 1425 2327 justorum
1448 2248 1572 2324 animae,
1595 2248 1660 2310 illas
1682 2251 1714 2311 in

356 2347 455 2427 quiete
478 2365 572 2429 agere
595 2354 635 2424 et,
659 2347 684 2408 si
707 2363 767 2407 non
790 2344 885 2407 modis
908 2347 1043 2408 omnibus
1078 2345 1183 2426 plena,
1212 2353 1296 2408 certa
1324 2352 1442 2424 umen,
1473 2349 1646 2427 timorisque
1676 2347 1715 2410 de

356 2464 409 2508 sua
432 2445 529 2509 salute
552 2464 648 2508 vacua
676 2444 817 2507 felicitate
846 2444 971 2525 perfrui,
1002 2446 1108 2528 negari
1136 2464 1197 2508 non
1222 2453 1332 2525 potest
1376 2445 1517 2523 Accedit,
1549 2446 1628 2526 quod
1658 2448 1716 2527 ipsi

356 2563 432 2627 quae
455 2548 485 2608 in
507 2545 619 2607 Latinis
642 2543 789 2622 damnant,
813 2547 1007 2624 committunt,
1030 2563 1097 2606 cum
1111 2546 1218 2607 tertius
1234 2544 1284 2607 ille
1307 2545 1403 2624 tricus,
1427 2547 1477 2626 qui
1499 2563 1556 2608 nco
1578 2545 1714 2608 internus

356 2645 405 2723 sit,
427 2663 484 2706 neo
507 2644 634 2719 coelum,
657 2643 710 2706 sed
733 2643 891 2705 Paradisus
921 2647 1090 2723 terrestris,
1122 2645 1153 2706 in
1181 2661 1240 2724 quo
1271 2645 1366 2706 sancti
1394 2644 1431 2706 ad
1459 2645 1590 2706 ultimum
1616 2664 1713 2726 usquc

356 2745 495 2827 judicium
518 2743 636 2825 plenam
658 2742 870 2805 beatitudinem
894 2751 1066 2825 expectent,
1088 2743 1197 2806 nullam
1224 2742 1315 2806 habet
1336 2745 1366 2806 in
1388 2744 1545 2825 scripturis
1567 2745 1714 2806 autorita-

356 2850 425 2923 tem,
449 2862 516 2906 oum
538 2844 616 2926 ignis
639 2844 831 2923 purgatorius
853 2843 883 2903 in
912 2861 948 2906 ea
974 2842 1128 2924 landetur,
1148 2843 1234 2923 juxta
1258 2843 1375 2906 Petrum
1397 2844 1554 2906 multorum
1578 2845 1715 2908 Graeco-

281 3017 287 3027 .
356 2961 420 3005 rurn
448 2950 479 3005 et
506 2943 679 3004 Latinorum
701 2942 887 3006 sententiam.
933 2940 964 3004 Si
987 2943 1108 3006 diversa
1135 2943 1260 3005 aliorum
1289 2943 1327 3005 de
1355 2942 1413 3006 illis
1443 2945 1517 3024 ipsis
1547 2947 1715 3024 scripturae

357 3043 431 3105 locis
449 3042 562 3124 judicia
591 3041 726 3103 luerunt:
757 3047 787 3102 at
815 3040 853 3103 de
883 3059 917 3103 re
945 3041 1010 3121 ipsa
1040 3059 1206 3106 consensus
1236 3042 1355 3104 illorum
1384 3052 1489 3124 aperte
1519 3051 1617 3123 patet,
1648 3061 1715 3105 cnm

357 3143 527 3223 opinionem
549 3142 586 3203 dc
609 3140 735 3203 utilitate
758 3139 925 3203 orationum
956 3149 987 3202 et
1015 3141 1228 3203 sacrificiorum
1250 3159 1308 3222 pro
1331 3140 1478 3204 defunctis
1501 3141 1655 3220 fidelibus,
1685 3150 1717 3204 et

357 3241 541 3321 disciplinam
563 3240 698 3303 eamdem
719 3238 830 3320 ubique
852 3240 1051 3318 servaverint,
1075 3241 1194 3302 omissis
1215 3241 1307 3301 variis
1329 3240 1563 3320 quaestionibus,
1587 3243 1716 3304 cariosis

352 3343 454 3420 potius
476 3359 565 3420 quam
588 3341 630 3402 ad
648 3339 780 3418 fideliam
791 3339 1030 3417 aedificationem
1051 3339 1181 3414 mitibus,
1204 3347 1234 3400 ct
1254 3357 1295 3399 ea
1316 3339 1423 3419 quibam
1440 3341 1614 3421 pleramque
1634 3343 1716 3404 atita

354 3441 528 3519 fitpietatis
550 3440 697 3501 accessio.
725 3436 785 3499 Eas
808 3433 827 3499 a'
848 3436 1043 3518 popularibus
1066 3437 1259 3500 concionibus
1282 3437 1397 3500 secludi
1418 3439 1500 3520 jubet
1513 3439 1715 3502 Tridentinum
1763 3453 2033 3510 diacalamus.

357 3537 535 3600 Concilium:
559 3540 673 3600 incerta
696 3538 795 3610 etiam,
818 3536 867 3600 vel
890 3555 968 3618 quae
989 3538 1093 3618 specie
1115 3537 1182 3600 lalsi
1203 3536 1351 3614 laborant,
1374 3539 1513 3621 evulgari
1535 3558 1570 3602 ac
1593 3541 1715 3602 tractari

355 3638 502 3717 prohihet.
542 3636 621 3700 Nihil
645 3644 744 3698 tamen
766 3635 952 3719 frequentius
976 3654 993 3697 a
1016 3637 1191 3718 quibusdam
1214 3636 1381 3699 hominibus
1403 3637 1581 3700 inculcatum
1604 3638 1715 3701 Orien-

355 3737 462 3799 talibus
485 3736 548 3816 iuit,
572 3755 659 3819 quam
682 3737 757 3799 haec
780 3738 888 3813 omnia,
911 3735 1029 3817 quibus,
1052 3738 1079 3799 si
1102 3737 1292 3799 Tridentinus
1315 3737 1419 3800 Patres
1442 3735 1618 3814 audiissent,
1641 3737 1715 3800 ahs-

355 3837 452 3898 tinerc
480 3836 630 3899 debebant
657 3839 736 3898 inter
761 3836 924 3918 populares
947 3854 1038 3916 suos,
1067 3836 1292 3918 multomagis,
1322 3835 1360 3898 dc
1382 3835 1441 3898 fide
1463 3843 1624 3898 tractantes
1648 3855 1715 3900 cum

354 3935 521 4000 bominibus
544 3935 684 4014 indoctis,
708 3955 783 4018 quos
808 3935 988 3999 Catholicam
1019 3943 1050 3998 et
1072 3935 1277 3999 Orthodoxam
1299 3933 1386 3997 iidem
1409 3934 1520 3997 dooere
1542 3935 1613 3997 satis
1637 3944 1712 4001 erat.

439 4036 534 4098 Unum
557 4036 699 4098 addemus
722 4045 752 4098 et
774 4034 892 4116 quidam
914 4036 1001 4116 huJ'us
1029 4037 1153 4116 generis
1175 4041 1399 4116 argumentum,
1426 4033 1506 4115 quod
1536 4036 1654 4097 maximi
1675 4036 1713 4098 ad
1756 4053 2033 4124 Agnoscunroriema-

354 4133 433 4198 illam
455 4137 661 4216 quaestionem
683 4135 890 4216 explicandam
913 4137 1051 4198 momenti
1073 4143 1130 4202 cst.
1175 4135 1292 4197 Habent
1321 4135 1482 4214 antiquitus
1505 4134 1613 4198 Graeci
1638 4142 1764 4198 ver-les
1782 4149 1808 4194 a
1825 4141 1928 4195 laudam
1943 4141 2033 4196 uido-

354 4235 469 4297 sionem
480 4234 676 4318 Dialogorum
687 4233 827 4318 Gregorii
842 4236 949 4315 Papae,
973 4254 1060 4318 quam
1082 4255 1139 4317 per
1161 4236 1250 4298 multa
1273 4233 1393 4296 saecula
1416 4253 1483 4296 cum
1506 4234 1771 4298 aedificationet⁰³
1790 4226 1906 4299 Gregorii
1921 4229 2015 4297 Papae.

354 4333 495 4417 legerunt
517 4343 546 4396 et
569 4335 784 4415 probaverunt,
808 4336 865 4397 etsi
893 4335 985 4397 multa
1013 4337 1051 4398 de
1073 4335 1251 4417 Purgatorio
1273 4336 1302 4395 in
1325 4333 1383 4394 illis
1406 4335 1621 4399 contineantur.
1665 4335 1714 4398 Ex

356 4433 472 4497 Graeca
494 4434 655 4509 versione,
677 4432 808 4496 Arabica
830 4433 909 4497 iacta
925 4443 982 4512 est,
1005 4452 1083 4498 anno
1098 4434 1280 4497 Graecorum
1292 4429 1399 4496 leCl.
1415 4431 1442 4494 J.
1457 4432 1489 4496 C.
1500 4431 1712 4500 DCCLXXIX.

356 4535 439 4615 cujus
462 4533 617 4615 exemplar
640 4541 708 4596 ante
731 4551 825 4596 annos
855 4536 1080 4616 septingentos,
1109 4535 1253 4615 scriptum
1285 4533 1316 4593 in
1343 4531 1540 4610 membranis,
1571 4540 1654 4595 extet
1684 4535 1714 4594 in

355 4633 538 4696 Bibliotheca
563 4633 744 4697 Colhertina.
789 4632 831 4696 lta
855 4651 953 4715 neque
984 4633 1102 4709 Graeci,
1125 4651 1225 4716 neque
1254 4631 1372 4694 Arabes
1401 4631 1560 4694 Christiani
1586 4633 1714 4714 ignora-

354 4741 462 4795 verunt
484 4734 554 4815 quid
577 4733 669 4814 vulgo
693 4733 855 4796 doceretur
875 4735 905 4795 in
926 4734 1058 4796 Romana
1081 4732 1228 4810 Ecclesia,
1251 4748 1350 4812 neque
1373 4739 1471 4793 tamen
1495 4739 1563 4792 ante
1586 4731 1714 4793 Floren-

355 4833 445 4896 tinam
468 4832 621 4914 Synodum
644 4835 851 4895 controversia
874 4832 912 4896 de
934 4834 1113 4914 Purgatorio
1143 4832 1202 4894 ulla
1224 4831 1304 4926 luit.¹
1332 4831 1430 4893 Antea
1459 4831 1551 4911 igitur
1578 4829 1714 4911 perlecta

356 4940 421 4995 erat
448 4931 486 4994 de
515 4932 648 4995 doctrina
680 4933 855 5010 consensio,
886 4950 964 5013 quae
993 4932 1128 4996 similiter
1154 4933 1302 5012 utrimque
1331 4931 1510 4993 observatae
1540 4928 1713 5011 disciplinae

355 5031 567 5112 respondebat.
612 5029 743 5094 Turbata
765 5032 814 5095 illa
837 5040 892 5111 est,
917 5049 984 5093 oum
1015 5030 1160 5095 adversas
1182 5029 1325 5112 quosdam
1348 5029 1539 5111 Theologos,
1569 5029 1619 5110 qui
1647 5026 1714 5090 lor-

393 5169 512 5215 ramma
1459 5145 1506 5220 17
