4784 6040
464 641 469 649 ’
536 683 757 762 onnoouu
792 675 1386 780 unnnontorouruun1s‚o0.
1570 686 1646 760 noe

277 883 310 944 et
334 875 369 944 in
393 871 545 945 omnibus
570 870 786 965 glorificetur,
814 884 848 945 et
869 871 1021 946 laudetur
1045 895 1166 946 nomen
1193 881 1300 964 tuum,
1327 875 1488 969 simulque
1515 873 1650 948 Domini

276 991 380 1062 nostri
407 989 491 1061 Jesu
518 986 660 1076 Christi,
688 999 721 1062 et
747 987 890 1086 Spiritus
917 977 962 1062 tui
989 991 1105 1061 sancti.

378 1107 541 1200 Populos.
596 1107 702 1195 siout,
729 1116 791 1178 etc.

380 1220 564 1294 Sacerdos.
618 1222 701 1293 Pax.

381 1339 542 1432 Populus.
594 1337 737 1410 Etcum
766 1341 880 1434 spiritu
906 1349 974 1412 tuo.

381 1456 558 1526 Sacerdos
580 1458 715 1550 frangit
741 1462 776 1525 et
800 1458 923 1550 sipont.

380 1572 561 1643 Diaconos
588 1571 674 1642 dicit
701 1569 920 1666 Cutboltoum.

519 1845 695 1917 Sacerdos
721 1846 807 1916 dicit
834 1845 1031 1916 Orationem
1057 1853 1138 1918 onte
1164 1846 1264 1919 Peter
1290 1857 1415 1920 noster.

383 2037 575 2108 Doctrinum
602 2034 783 2124 vivificem,
812 2046 846 2106 et
879 2034 1100 2128 Evangelium
1132 2035 1299 2125 laetitiae,
1333 2036 1422 2132 quod
1448 2038 1560 2112 docuit
1584 2061 1647 2112 nos

279 2156 467 2246 unigenitus
493 2149 596 2223 Filius
624 2161 709 2237 tuus,
736 2152 809 2246 ipse
836 2150 994 2246 splendor
1020 2173 1123 2224 verus
1151 2171 1198 2222 en
1221 2162 1256 2223 te
1281 2151 1403 2224 lumine
1434 2175 1540 2243 vero;
1574 2156 1647 2249 ipse

280 2273 384 2342 virtus
413 2280 446 2341 et
472 2269 635 2361 sapientie
661 2276 734 2352 tuo,
766 2289 860 2338 mens
888 2276 1025 2340 oetenm
1054 2278 1086 2340 et
1112 2266 1255 2356 infinite4
1288 2267 1460 2342 brachium
1485 2281 1518 2341 et
1544 2267 1646 2340 iorti-

280 2387 358 2459 tudo
386 2395 460 2474 tue,
491 2381 594 2455 robur
620 2392 654 2454 et
679 2386 827 2479 potentio
854 2393 920 2472 tua,
946 2405 1039 2456 more
1065 2385 1260 2456 immensum
1286 2405 1396 2479 neque
1429 2407 1647 2459 commensu-

280 2501 385 2576 robile
412 2512 513 2588 tuum,
541 2497 686 2594 abyssus
713 2496 1018 2594 imperscrutabilis,
1045 2497 1162 2595 opifex
1187 2501 1342 2589 omnium
1370 2523 1391 2574 a
1417 2524 1483 2596 quo
1504 2503 1647 2573 univer-

282 2641 394 2691 sorum
422 2639 524 2689 causo
553 2625 621 2687 est:
648 2617 842 2711 principium
870 2619 1014 2688 omnium
1041 2614 1101 2688 sed
1128 2613 1255 2710 ubsque
1274 2618 1453 2713 principio:
1481 2619 1557 2710 quia
1575 2620 1649 2713 ipse

279 2735 493 2830 principium,
527 2740 561 2802 et
587 2753 688 2803 cause
717 2735 861 2802 omnium
889 2753 945 2820 es,
981 2755 1082 2827 super
1108 2729 1238 2804 tubulas
1265 2732 1377 2805 cordis
1403 2737 1508 2806 nostri
1535 2736 1649 2804 susci·
1743 2707 1748 2728 ⁸

280 2853 404 2946 pimus,
437 2856 614 2940 menteque
648 2857 681 2917 et
713 2848 917 2939 cogitatione
950 2846 993 2920 od
1026 2858 1060 2920 te
1093 2845 1321 2940 confugimus,
1355 2856 1389 2919 et
1421 2847 1648 2947 adorationem

280 2969 410 3053 mentis,
444 2962 502 3035 tibi
536 2963 637 3032 Peter
669 2985 753 3034 vere
787 2962 861 3033 Filii
894 2966 969 3034 veri
1002 2964 1185 3035 offerimus:
1223 2972 1256 3036 et
1289 2986 1362 3034 curn
1397 2963 1515 3040 fidnoio
1552 2987 1650 3059 quom

281 3081 370 3153 dedit
396 3080 493 3154 nobis
519 3078 623 3151 Filius
650 3081 704 3172 qui
732 3079 826 3150 dotus
853 3088 905 3149 est
939 3078 1055 3169 nohis,
1087 3078 1245 3152 eudemus
1279 3081 1441 3152 invocare
1474 3091 1508 3152 te
1539 3079 1648 3152 Deum

280 3198 413 3282 Putrem
441 3196 633 3282 coelestem,
661 3205 814 3286 orontes,
841 3195 1041 3284 clamantes,
1068 3205 1102 3266 et
1129 3195 1296 3268 dieentes:
1324 3195 1424 3267 Pater
1450 3206 1565 3268 noster
1594 3199 1650 3289 qui

282 3335 320 3384 es
345 3316 379 3384 in
406 3313 520 3385 coelis.

385 3428 545 3522 Populus.
599 3424 829 3500 Sanctificetur
855 3446 976 3498 nomen
1002 3435 1101 3498 tuum.

385 3543 568 3616 Sacerdos.
621 3542 790 3615 Adveniet
821 3543 964 3614 Domine
997 3555 1135 3634 regnum
1167 3551 1276 3629 tuum,
1311 3553 1344 3616 et
1376 3542 1495 3615 liberet
1530 3567 1592 3620 nos
1628 3571 1648 3619 a

282 3661 441 3752 maligno,
469 3663 545 3755 quia
571 3658 653 3732 bueo
681 3667 733 3730 est
763 3656 920 3746 voluntas
953 3666 1024 3729 tuo:
1058 3660 1218 3730 immunes
1251 3681 1314 3730 nos
1346 3667 1495 3754 praestet
1522 3685 1541 3733 a
1569 3670 1648 3734 ten-

282 3774 460 3849 tationibus
487 3775 662 3861 violentis,
696 3773 817 3868 detque
849 3771 945 3844 nobis
981 3783 1017 3843 ut
1041 3776 1196 3846 vivamus
1229 3774 1409 3848 secundum
1444 3775 1648 3850 voluntatem

283 3903 382 3979 tuum,
410 3889 618 3986 dimittasque
645 3890 741 3962 nobis
767 3911 828 3986 per
861 3888 1068 3961 clementium
1101 3899 1188 3960 tuum
1227 3902 1386 3985 peccato,
1414 3902 1447 3965 et
1473 3893 1649 3967 malefacto

282 4015 409 4098 nostru,
436 4015 470 4077 et
496 4005 662 4079 concedas
689 4004 786 4078 nobis
813 4015 848 4077 ut
872 4026 936 4077 nos
963 4007 1059 4077 etiam
1078 4003 1275 4078 dimittemus
1293 4006 1497 4082 debitoribus
1513 4014 1648 4099 nostris,

284 4125 527 4218 eripiamurque
553 4119 594 4192 ob
621 4121 747 4194 insidiis
774 4123 908 4208 inimici,
937 4124 1013 4216 quio
1040 4132 1073 4193 tu
1099 4143 1137 4193 es
1163 4121 1242 4194 Rex
1267 4121 1410 4215 Regum,
1437 4134 1471 4197 et
1485 4125 1647 4199 Dominus

285 4239 537 4324 Dominontium,
566 4247 600 4308 et
625 4235 682 4310 tibi
708 4237 848 4316 deotitur
878 4258 977 4311 omne
1009 4260 1110 4330 genu,
1136 4237 1331 4312 coelestium
1365 4249 1399 4310 et
1433 4245 1647 4329 terrestrium,

198 4411 203 4418 .
284 4363 382 4449 teque
410 4354 507 4426 decet
533 4356 640 4426 omnis
667 4353 788 4446 gloria,
814 4352 933 4444 bonor,
960 4364 994 4426 et
1026 4357 1210 4450 imperium,
1238 4377 1311 4428 oum
1338 4352 1436 4443 Filio,
1463 4365 1497 4427 et
1522 4355 1648 4452 Spiritu

283 4481 408 4544 sancto.

385 4585 546 4678 Populus.
599 4586 718 4659 Amen.
849 4593 854 4598 '

386 4699 571 4772 Sacerdos.
623 4703 706 4773 Pax.

384 4816 571 4888 Diaconos.
623 4818 722 4888 Ante.

386 4931 547 5024 Populum
600 4931 723 5006 Coram
749 4941 783 5004 te
809 4933 961 5005 Domine.
1408 5021 1412 5042 Ι

387 5046 570 5120 Sacerdos.
617 5049 814 5120 inclinemus
841 5047 928 5121 cotta
953 5058 1066 5122 nostro
1093 5058 1158 5120 tom
1186 5051 1365 5122 animorum
1392 5072 1489 5144 quom
1516 5033 1645 5144 corpo-¹

282 5185 366 5249 rum,
394 5174 676 5261 expectemusque
701 5163 961 5237 misericordium
993 5173 1180 5262 paternum
1212 5173 1248 5237 ut
1282 5187 1328 5238 ex
1353 5164 1446 5238 fonte
1471 5185 1646 5260 regnoque
