4804 6026
894 511 1312 653 irrotatur.
1682 578 1773 656 -.11

408 766 530 834 aunum
557 773 591 834 et
616 761 842 836 vivificantem
868 767 987 836 omnia.
1021 763 1086 850 Qui
1112 762 1264 858 procedit
1291 785 1336 833 ax
1361 742 1471 834 Patre.
1500 761 1564 849 Qui
1579 785 1653 836 cum
1679 765 1781 838 Patre

409 888 443 950 ct
473 879 558 952 Filio
592 877 749 951 adoratur
784 887 819 950 et
852 879 1072 972 glorificatur:
1109 881 1165 974 qui
1197 877 1327 952 locutus
1359 889 1411 952 est
1444 902 1506 976 per
1531 879 1717 976 Prophetas
1744 891 1779 954 et

407 995 603 1090 Apostolos.
655 994 700 1067 Et
725 997 758 1065 iu
785 1017 884 1067 unam
908 994 1096 1068 Ecclesiam
1122 1004 1294 1086 sanctam,
1328 995 1535 1069 catholicam
1562 1007 1596 1068 et
1620 998 1780 1092 Aposto-

407 1109 513 1182 iicam.
541 1110 745 1184 Ooufitemur
770 1133 869 1182 uuum
895 1111 1065 1208 Baptisma
1090 1114 1124 1183 iu
1149 1114 1381 1185 remissionem
1396 1121 1621 1208 peccatomm
1648 1121 1682 1185 et
1708 1137 1779 1185 ex-

408 1237 579 1322 pectamus
605 1231 883 1300 resurrectionem
911 1251 931 1299 a
956 1230 1114 1321 mortuis,
1146 1237 1180 1300 et
1204 1232 1309 1302 vitam
1335 1250 1458 1301 uovam
1483 1230 1616 1300 venturi
1642 1230 1778 1302 saeculi.

408 1343 527 1415 Amen.

511 1460 688 1532 Sacerdos
713 1460 808 1530 lecet
834 1466 1006 1532 extremos
1032 1462 1161 1554 diqitoo,
1185 1467 1219 1532 et
1246 1461 1349 1532 dicit:

510 1576 599 1650 Lavi
625 1597 742 1648 manus
768 1597 862 1648 meas
889 1598 988 1672 pure:
1016 1585 1050 1646 et
1076 1575 1277 1648 circumdedi
1304 1575 1410 1648 altare
1436 1586 1526 1648 tuum
1552 1578 1713 1650 Domine:
1739 1588 1776 1650 ut

409 1692 538 1764 audiam
571 1712 695 1764 vocem
726 1688 851 1782 laudis,
885 1703 919 1763 et
952 1714 1104 1763 enarrem
1137 1695 1294 1765 rmiversa
1326 1691 1489 1765 mirabilia
1516 1703 1586 1766 tua:
1626 1693 1780 1766 laetabor

409 1818 443 1879 et
468 1807 628 1881 exultabo
654 1810 688 1879 iu
714 1817 760 1896 te,
787 1807 987 1906 et'psallam
1013 1811 1137 1882 nomini
1164 1819 1220 1880 tuo
1249 1808 1416 1881 altissime.

511 1924 559 1995 Et
589 1924 721 1995 deiude.
776 1924 952 2017 Ingressus
988 1947 1060 1997 sum
1099 1928 1133 1996 iu
1169 1924 1299 1996 domum
1334 1935 1422 1997 tuam
1461 1935 1494 1998 et
1525 1947 1643 1998 coram
1681 1924 1780 1998 thro-

407 2064 452 2113 no
478 2052 535 2112 tuo
562 2050 678 2112 sancto
704 2039 845 2137 procidi,
871 2039 950 2112 Rex
977 2041 1151 2114 coelestis:
1180 2041 1303 2113 dimitte
1329 2041 1408 2114 mihi
1437 2045 1547 2114 omnia
1579 2064 1665 2138 quac
1690 2066 1780 2140 pec-

409 2160 486 2230 cavi
513 2157 581 2228 tibi.

511 2271 701 2344 Inclinatio
737 2295 854 2343 coram
889 2273 1013 2361 adteri,
1051 2279 1086 2345 et
1118 2298 1199 2346 moa:
1233 2275 1281 2345 ad
1311 2275 1523 2347 Sacerdotes
1556 2283 1590 2347 et
1620 2277 1780 2371 poputum

411 2411 592 2462 conversam
616 2392 750 2460 oetatem
771 2391 862 2482 petit
888 2394 922 2460 et
947 2411 985 2460 ae
1006 2389 1171 2483 precatae
1198 2392 1419 2481 commendet,
1448 2394 1585 2465 diceus:

514 2505 617 2580 Orate
642 2529 704 2602 pro
731 2527 786 2577 me
811 2515 951 2603 propter
976 2507 1163 2580 Dominum.

720 2818 768 2890 Et
794 2819 915 2910 incipit
940 2815 1165 2910 Acceptorum
1190 2820 1262 2888 eive
1289 2816 1469 2892 Cononem.
