4804 6026
635 602 644 620 ⁵
728 617 811 693 XVI
1150 619 1649 699 utssununuto

730 808 914 882 cohitamm
939 809 1012 882 illas
1037 809 1225 902 biturgIas,
1253 805 1392 884 Graecis
1418 807 1611 902 vulgaribus
1643 804 1808 880 verbatim
1842 829 1911 879 non
1940 831 2090 907 respon·

723 925 833 1016 disse,
861 925 950 1022 quod
974 925 1115 998 libenter
1141 929 1369 1018 agnoscimus:
1402 925 1500 1021 idque
1528 922 1570 996 de
1595 923 1715 997 Jacobi
1741 931 1774 994 et
1798 922 1904 994 Marci
1930 923 2089 1021 Liturgiis

730 1041 869 1116 GraecIs
895 1042 1085 1115 Ealsamoni
1113 1044 1221 1114 visum
1248 1051 1299 1113 est
1326 1039 1498 1130 sufficere,
1534 1039 1578 1113 ad
1612 1061 1671 1112 eas
1698 1038 1934 1135 explodendas.
1988 1043 2034 1115 At
2059 1047 2089 1118 si

730 1161 802 1252 quis
833 1159 910 1230 inde
942 1157 1059 1230 confici
1092 1161 1261 1230 existimat
1291 1156 1517 1230 Jacobitarum
1548 1154 1717 1248 Littugias
1752 1156 1912 1229 recedere
1940 1180 1960 1229 a
1987 1181 2087 1233 conr-

727 1276 816 1345 muni
841 1271 994 1346 Ecclesia
1021 1277 1110 1346 circa
1136 1273 1363 1346 Eucharistiae
1388 1271 1507 1362 fidem,
1539 1282 1573 1342 et
1602 1273 1674 1364 ejus
1700 1272 1947 1370 consecrandae
1981 1273 2088 1349 disci-

727 1389 869 1483 plinam,
903 1389 1159 1480 consuetudIne,
1198 1410 1406 1485 magnopere
1430 1386 1571 1459 fallitur:
1605 1387 1747 1460 ethaeo
1772 1387 1973 1462 calumniosa
1999 1412 2088 1463 con-

724 1505 853 1594 jectura
880 1493 952 1576 aliis
979 1528 1076 1600 quam
1104 1507 1270 1602 Anonymi
1304 1506 1499 1578 testimoniis
1528 1501 1724 1576 stabIIIeuda
1754 1503 1850 1577 leret
1900 1504 1986 1576 Nam
2012 1506 2087 1604 Sy-

726 1623 836 1692 riacas
861 1641 937 1692 eum
953 1621 1100 1711 vidIsse,
1120 1631 1256 1694 nonest
1276 1619 1479 1711 vensImile,
1500 1641 1575 1690 cum
1599 1641 1645 1690 ex
1663 1618 1795 1712 vulgari
1815 1618 1979 1694 auditione
1997 1622 2085 1696 Illum

726 1734 814 1829 loqui
835 1739 915 1808 satis
937 1736 1147 1829 intelligatur.
1179 1736 1260 1810 Inde
1279 1756 1364 1808 vero
1394 1737 1585 1808 existimare
1609 1739 1770 1831 quispiam
1794 1740 1916 1830 poterit
1936 1737 2086 1812 Graecas

727 1849 813 1944 apud
830 1851 1001 1924 Jacobitas
1018 1851 1096 1924 olim
1113 1856 1264 1924 extitisse
1278 1851 1460 1943 Librrgias,
1474 1861 1507 1922 et
1521 1850 1554 1922 id
1567 1849 1683 1946 procul
1696 1849 1794 1924 dubio
1806 1850 1875 1922 luit
1902 1851 1986 1924 Nam
2009 1864 2085 1926 ante

725 1965 964 2040 thhamedaua
978 1978 1129 2064 tempora
1151 1972 1314 2040 maximas
1335 1968 1368 2038 in
1384 1963 1515 2040 Graeca
1529 1965 1681 2040 Ecclesia
1699 1965 1812 2038 turbas
1830 1968 2085 2063 hIonophysitae

725 2085 970 2173 excitaverunt,
984 2094 1018 2155 et
1031 2082 1273 2156 Antiochenam
1291 2079 1477 2155 Ecclesiam
1495 2104 1562 2154 non
1582 2082 1685 2156 semel
1706 2093 1963 2178 occupaverunt,
1986 2094 2084 2181 atque

724 2201 811 2270 inter
833 2197 962 2270 Illorum
980 2199 1109 2272 Heroas
1124 2203 1323 2295 praecipuus
1336 2198 1496 2270 Severus.
1519 2197 1729 2293 Ispermulta
1747 2201 1890 2294 scripsit,
1905 2209 1939 2272 et
1956 2199 2085 2273 Graece

725 2314 866 2409 quidem,
881 2325 1040 2408 erantque
1054 2314 1254 2387 inEcclesiis
1271 2322 1304 2385 et
1315 2317 1349 2384 in
1359 2313 1540 2387 Coenobiis
1554 2323 1739 2388 sectatores
1755 2313 1842 2386 illius
1855 2317 2002 2388 maximo
2016 2340 2084 2388 nu-

723 2451 837 2519 mero,
863 2439 929 2501 tum
956 2429 1012 2502 illo
1040 2435 1236 2527 superstite,
1262 2439 1330 2502 tum
1356 2430 1568 2524 sequentibus
1594 2433 1748 2526 proxime
1774 2430 1925 2504 saeculis.
1967 2433 2015 2504 At
2040 2433 2086 2506 Illi

725 2544 856 2618 Graece
883 2569 979 2620 sacra
1004 2546 1190 2637 iaciebant,
1217 2545 1278 2618 sed
1303 2545 1471 2639 Liturgias
1486 2567 1594 2620 novas
1613 2549 1860 2643 composuisse,
1887 2569 1985 2621 nemo
2000 2552 2085 2622 inter

634 2713 640 2726 ,
721 2661 798 2734 illos
834 2666 889 2759 qui
921 2663 1163 2735 vehementiori
1204 2661 1280 2735 stilo
1314 2661 1478 2735 adversus
1515 2683 1576 2735 eos
1614 2672 1864 2758 pugnaverunt,
1903 2669 2084 2738 memoriae

721 2777 872 2873 prodidit.
924 2779 1109 2852 Utebantur
1135 2779 1262 2852 scihcet
1286 2776 1350 2849 illis
1376 2801 1462 2874 quae
1497 2781 1661 2851 communi
1692 2802 1755 2852 usu
1786 2789 1943 2875 receptae
1976 2793 2081 2874 erant,

721 2915 832 2988 neque
858 2895 899 2966 de
925 2896 989 2968 illis
1015 2897 1080 2968 ulla
1108 2906 1181 2968 erat
1206 2896 1453 2985 controversia,
1482 2893 1571 2990 quod
1598 2917 1643 2966 ex
1660 2895 1824 2989 Syromm
1842 2895 1997 2991 exemplo
2016 2897 2082 2968 de-

721 3021 930 3084 monstratur.
983 3013 1032 3084 Illi
1059 3016 1145 3084 enim
1171 3021 1206 3083 ιιι
1229 3013 1298 3103 jam
1333 3009 1453 3084 dictum
1487 3010 1548 3082 fuit
1579 3033 1653 3083 cum
1685 3012 1770 3082 iuter
1802 3032 1881 3083 suos
1916 3023 2084 3108 receptam

720 3124 839 3199 Jacobi
864 3129 1046 3222 LiturgIam
1072 3127 1251 3218 haberent,
1278 3149 1319 3199 ea
1352 3149 1485 3224 semper
1520 3127 1561 3198 ad
1594 3126 1678 3198 haec
1710 3149 1816 3221 usque
1847 3136 2000 3222 tempora
2032 3132 2085 3200 usi

721 3253 811 3333 sunt,
838 3266 977 3340 eamque
1002 3255 1038 3317 ut
1065 3245 1201 3317 aliarum
1227 3246 1417 3339 primarium
1443 3243 1616 3340 exemplar
1642 3252 1873 3316 servaverunt
1918 3243 1968 3315 lta
1995 3267 2085 3338 quo-

723 3380 786 3453 que
820 3362 982 3457 Aegyptii
1016 3360 1223 3451 Orthodoxi,
1263 3382 1337 3432 cum
1382 3361 1561 3434 secundum
1593 3359 1777 3452 liturgiam
1809 3357 2085 3450 Alexandrinam,

723 3499 808 3570 quae
840 3478 965 3551 ichrco
998 3479 1104 3552 hlarci
1131 3477 1295 3573 appellata
1330 3487 1400 3567 est,
1435 3498 1532 3550 sacra
1566 3475 1742 3586 iacerent,
1775 3497 1848 3547 earn
1883 3476 2085 3546 retinuerunt

719 3615 781 3686 per
808 3617 912 3666 annos
938 3594 1112 3691 plusquam
1138 3601 1327 3684 trecentos,
1361 3593 1468 3667 donec
1495 3615 1570 3664 eam
1595 3591 1807 3665 Patriarchae
1841 3590 2083 3665 Constantino-

719 3709 854 3804 politani
882 3709 1109 3783 aboleverunt
1135 3709 1209 3782 Nec
1234 3708 1310 3782 illos
1337 3708 1495 3782 movebat
1520 3707 1745 3780 Jacobitarum
1772 3710 1826 3802 qui
1849 3729 1890 3778 ea
1908 3706 2083 3779 utebantur

691 3826 927 3921 ,exemplum
953 3849 1062 3923 neque
1088 3829 1173 3898 enim
1206 3825 1247 3898 de
1279 3824 1508 3898 Eucharistiae
1538 3823 1603 3896 lide
1642 3833 1698 3895 aut
1729 3825 1802 3915 ejus
1835 3821 2084 3896 consecrandae

448 4771 541 4826 Fcnna
567 4776 707 4826 communis

397 4857 576 4928 LiturgIarum.

720 3941 890 4037 disciplina
917 3945 1147 4016 controversia
1172 3945 1258 4014 inter
1279 3940 1494 4016 Orthodoxos
1521 3950 1555 4011 et
1580 3937 1777 4012 Haereticos
1804 3949 1887 4014 erut
1939 3939 2083 4012 Jacobi-

718 4069 774 4128 tae
810 4081 940 4154 quoque
972 4058 1120 4132 nonnulli
1154 4056 1285 4131 Graece
1320 4081 1416 4132 sacra
1454 4055 1623 4146 fecerumt,
1657 4055 1714 4128 uhi
1750 4054 1912 4152 Copticae
1948 4054 2082 4147 linguae

717 4195 798 4245 usus
824 4197 891 4247 non
918 4186 1008 4269 erat,
1035 4197 1150 4248 omnes
1177 4175 1296 4247 eadem
1320 4174 1437 4246 lorma.
1491 4171 1606 4244 Serius
1632 4175 1733 4265 igitur
1758 4175 1890 4244 omnino
1906 4170 2083 4244 Jacobitae

719 4289 797 4386 Syri
835 4292 988 4364 videntur
1019 4300 1067 4364 tot
1092 4295 1297 4364 recentiores
1328 4289 1497 4382 Liturgies
1535 4286 1699 4378 edidisse,
1731 4309 1840 4382 neque
1876 4295 1952 4356 ante
1984 4307 2082 4378 quam

721 4405 852 4479 Graeca
869 4405 980 4501 lingua
996 4409 1125 4503 penitus
1148 4410 1182 4479 in
1205 4405 1313 4481 multis
1334 4408 1517 4502 provinciis
1537 4403 1774 4476 intercidisset:
1799 4423 1909 4496 usque
1926 4399 1960 4471 id
1981 4397 2082 4472 leoe-

719 4533 794 4594 rumt
830 4523 1009 4596 Innovandi
1043 4521 1171 4612 studio,
1211 4545 1285 4595 curn
1321 4543 1527 4596 communem
1568 4519 1656 4616 apud
1691 4517 1906 4591 Orthodoxos
1941 4515 2083 4590 formam

719 4660 835 4713 omnes
863 4644 1097 4735 exprimerent.

821 4755 974 4828 XXVIII.
1025 4753 1071 4826 Ut
1095 4753 1184 4826 Illam
1210 4757 1324 4850 paucis
1349 4761 1659 4850 repraesentemus,
1694 4749 1941 4824 observandum
1972 4751 2079 4845 primo

719 4883 771 4944 est
796 4851 980 4962 Liturgiam
1006 4871 1200 4966 Syriacam,
1232 4879 1268 4941 ut
1293 4871 1438 4965 rehquas
1470 4891 1586 4942 omnes
1623 4864 1810 4940 OrIenteles
1844 4874 1876 4937 et
1908 4863 2079 4936 Occiden-

718 4986 802 5058 tales
837 4985 964 5058 duabus
1004 4983 1152 5081 partibus
1187 4995 1361 5075 constare;
1397 5005 1534 5080 quarum
1577 4985 1684 5078 prima
1724 4982 1975 5080 praeparatoria
2016 4986 2080 5068 est,

718 5101 823 5174 altera
851 5119 936 5195 quae
964 5099 1094 5173 Canoni
1119 5109 1236 5176 nostro
1261 5099 1459 5198 respondet,
1483 5100 1620 5196 proprie
1653 5097 1848 5192 Anopboro
1881 5092 2078 5192 appellatur,
