4804 6026
633 601 664 679 S.
690 597 826 678 JhCOBI
851 595 1036 675 lrosrott
1061 597 1219 675 FRATRIS
1244 597 1389 675 DOMINI.
1645 598 1697 672 39

321 790 459 866 saeculo
485 791 716 880 migraverunt
742 785 922 881 spiritibus
956 781 1089 858 Christe
1122 788 1265 881 quietem
1288 794 1442 880 praesta,
1470 806 1545 856 com
1570 785 1634 880 piis
1661 793 1695 855 et

319 910 427 1001 justis.
490 902 586 977 Crux
624 915 680 976 tua
720 923 806 998 pons
848 905 891 974 sit
931 899 1016 992 illis,
1056 911 1090 973 et
1124 898 1308 995 baptismus
1348 909 1422 972 tuus
1461 909 1696 991 tegumentum.

323 1020 455 1118 Corpus
488 1031 579 1092 tuum
621 1029 655 1090 et
692 1021 828 1109 sanguis
866 1027 942 1088 tuus
977 1027 1131 1108 sanctus,
1166 1019 1224 1087 via
1258 1018 1324 1088 sint
1359 1036 1446 1110 quae
1481 1013 1622 1087 deducat
1654 1012 1698 1085 ad

320 1159 462 1232 regnum
487 1147 588 1208 tuum.
641 1133 792 1208 Gloriam
817 1143 1028 1229 perpetuam,
1055 1153 1129 1203 cum
1154 1127 1348 1202 adoratione
1375 1129 1572 1225 acceptabili
1599 1129 1698 1201 dccet

320 1277 383 1328 uos
421 1250 551 1325 referre
582 1273 629 1322 ex
660 1249 771 1322 medio
798 1251 993 1336 sanctuarii,
1020 1245 1130 1330 Patri,
1156 1245 1242 1318 Filio
1269 1256 1304 1318 et
1329 1243 1467 1340 Spiritui
1492 1257 1609 1318 sancto
1635 1249 1697 1318 vi·

321 1392 385 1458 vo,
419 1379 454 1440 ut
485 1371 560 1463 ipse
586 1368 679 1439 Deus
710 1387 814 1438 verus
842 1363 1021 1460 adimpleat
1043 1360 1217 1434 nobiscum
1243 1363 1397 1453 gratiam,
1420 1359 1698 1450 benedictionem,

320 1487 568 1557 miserationem
590 1493 623 1555 et
637 1483 846 1554 clementiam
873 1502 978 1567 suam,
1006 1500 1051 1550 ex
1076 1475 1141 1549 hoc
1167 1497 1375 1570 nuncusque
1403 1475 1445 1547 ad
1465 1475 1579 1548 finem:
1606 1498 1695 1550 nos·
1777 1463 1779 1468 ¹

326 1622 390 1696 que
418 1617 535 1672 omnes
563 1619 637 1669 cum
664 1601 816 1670 oratione
842 1597 1018 1670 Dominum
1046 1593 1274 1688 deprecemur.
1723 1581 1726 1592 '

573 1885 749 1957 Sacerdos
774 1891 855 1956 acte
882 1889 1072 1958 orationem
1097 1888 1313 1960 Dominicam
1338 1888 1431 1959 dicit.

425 2094 528 2165 Pater
540 2089 673 2164 Domini
699 2095 805 2165 nostri
821 2092 904 2164 Jesu
918 2090 1061 2183 Christi,
1088 2103 1185 2190 pater
1211 2093 1514 2167 misericordiarum
1547 2103 1581 2164 et
1606 2094 1700 2168 Deus

325 2213 424 2284 totius
452 2207 709 2298 consolationis,
736 2211 791 2302 qui
818 2208 918 2280 sedes
946 2229 1047 2304 super
1074 2208 1268 2298 Cherubim,
1302 2221 1336 2282 et
1363 2234 1383 2281 a
1409 2208 1588 2305 Seraphim
1620 2209 1700 2282 luu-

326 2324 433 2397 daris:
461 2345 575 2396 coram
601 2330 668 2419 quo
695 2328 880 2396 consistunt
910 2323 998 2395 mille
1030 2325 1239 2418 Angelorum
1271 2325 1459 2422 myriades,
1495 2323 1634 2397 excelsa
1667 2335 1702 2396 et

326 2441 485 2513 coelestia
514 2441 661 2531 agmina:
694 2443 748 2534 qui
782 2437 970 2512 oblationes
1006 2461 1052 2511 ex
1088 2440 1184 2512 donis
1220 2451 1254 2513 et
1285 2439 1503 2536 proventibus
1537 2439 1700 2512 fructuum

325 2556 381 2628 tibi
408 2554 530 2627 oblatis
557 2558 591 2625 in
618 2554 757 2626 odorem
783 2557 974 2642 suavitatis,
1002 2555 1155 2648 dignatus
1183 2576 1223 2628 es
1250 2557 1460 2629 sanctificare
1487 2553 1701 2651 etperficere

326 2694 386 2766 per
412 2673 554 2762 gratiam
581 2673 741 2761 unigeniti
766 2668 843 2741 Filii
875 2673 940 2760 tui,
973 2679 1007 2742 et
1042 2693 1104 2768 per
1135 2668 1288 2767 illapsum
1324 2670 1466 2768 Spiritus
1502 2675 1548 2741 tui
1583 2674 1700 2745 sancti.

327 2783 504 2856 Sanctifica
532 2787 631 2855 etiam
656 2785 799 2856 Domine
827 2787 953 2856 animas
971 2798 1123 2876 nostras,
1151 2809 1297 2883 corpora
1323 2797 1457 2875 nostra,
1498 2790 1701 2883 spiritusque

325 2911 480 2990 nostros,
506 2910 543 2970 ut
569 2898 672 2972 corde
698 2885 801 2996 puro,
829 2904 938 2972 enimn
972 2902 1099 2990 lucida,
1127 2914 1161 2975 et
1191 2900 1280 2974 fecie
1307 2902 1493 2993 inconfusa,
1521 2902 1701 2973 audeamus

326 3018 487 3087 invocare
519 3023 552 3086 te
578 3014 686 3086 Deum
722 3014 922 3106 coelestem,
954 3017 1088 3089 Patrem
1121 3021 1397 3114 omnipotentem,
1434 3040 1634 3113 oremusque
1668 3029 1702 3090 et

295 3121 298 3129 ⁴
329 3129 491 3203 dicamus:
518 3131 619 3202 Peter
645 3140 761 3203 noster
788 3133 843 3227 qui
871 3155 909 3206 es
936 3135 970 3203 in
996 3135 1110 3206 coelis.

429 3263 589 3358 Populus.
616 3263 858 3357 Sanctificetur,
886 3276 949 3338 etc.

430 3396 615 3468 Sacerdos.
643 3398 786 3470 Domine
812 3398 906 3470 Deus
933 3407 1069 3490 noster,
1095 3420 1139 3468 ne
1165 3397 1303 3470 inducas
1329 3420 1393 3472 nos
1419 3401 1453 3471 in
1475 3401 1720 3493 tentationem,—

329 3534 426 3606 quam
458 3515 582 3584 moute
615 3511 760 3585 destituti
791 3515 956 3586 sustinere
987 3533 1055 3584 non
1090 3517 1275 3610 possimus,
1315 3513 1377 3585 sed
1409 3512 1464 3585 lac
1495 3517 1595 3586 etiam
1626 3535 1702 3585 oum

330 3631 509 3699 tentatione
535 3637 752 3723 proventum,
779 3639 815 3701 ut
840 3631 1006 3725 possimus
1033 3632 1218 3717 sustinere,
1251 3637 1285 3699 et
1314 3627 1421 3701 libera
1456 3651 1520 3703 nos
1554 3624 1701 3701 amalo.

328 3742 393 3815 Per
419 3742 535 3817 Jesum
562 3740 728 3815 Christum
754 3744 931 3817 Dominum
957 3755 1126 3834 nostrum,
1153 3766 1215 3839 per
1242 3767 1356 3838 quem,
1385 3755 1448 3818 etc.

429 3876 592 3968 Populus.
619 3874 739 3948 Amen.

431 3990 616 4064 Sacerdos.
643 3993 727 4064 Pax.
832 3992 994 4086 Popaics.
1021 3990 1066 4078 Et
1091 4015 1176 4064 cum.
1596 4069 1598 4074 ,

432 4107 620 4179 Diacooua.
647 4107 806 4180 Inclinate
834 4111 943 4205 capita
969 4120 1085 4181 vestra
1121 4131 1237 4182 coram
1268 4107 1343 4178 Deo
1378 4106 1605 4196 misericordi,
1636 4128 1703 4178 co-

329 4245 399 4294 ram
426 4221 522 4294 altari
547 4224 789 4318 propitiatorio,
816 4233 851 4295 et
876 4245 989 4296 coram
1017 4246 1162 4318 corpore
1190 4234 1224 4295 et
1249 4225 1412 4316 sanguine
1428 4221 1616 4294 Salvatoris
1633 4243 1704 4293 no-

331 4341 412 4429 stri,
438 4341 473 4409 in
499 4360 565 4434 quo
593 4327 664 4411 vita
690 4341 800 4434 posita
827 4349 880 4413 est
905 4338 1160 4437 suscipientibus
1193 4339 1267 4427 illa,
1304 4347 1337 4410 et
1369 4341 1526 4433 suscipite
1560 4335 1705 4412 benedi-

329 4459 472 4526 ctionem
498 4476 520 4524 a
546 4454 701 4526 Domino.

429 4580 615 4652 Sacerdos.
643 4580 718 4655 Tibi
745 4582 902 4676 inclinant
928 4585 1020 4656 servi
1047 4585 1092 4654 tui
1119 4587 1228 4680 cupita
1255 4604 1333 4672 sua,
1359 4590 1578 4678 expectantes
1595 4584 1703 4652 miso-

327 4697 488 4770 ricordias
515 4697 638 4770 uberes
665 4720 685 4769 a
712 4708 755 4769 te.
795 4698 1051 4773 Benedictiones
1079 4703 1236 4796 copiosas
1263 4721 1351 4793 quae
1378 4721 1398 4769 a
1425 4705 1459 4768 tc
1486 4706 1574 4788 sunt,
1600 4697 1704 4786 mitte,

326 4810 490 4902 Domine,
517 4821 552 4885 et
578 4813 747 4885 sanctifica
775 4816 919 4904 animas,
954 4836 1118 4911 corpora,
1146 4818 1346 4912 spiritusque
1371 4822 1527 4901 nostros,
1553 4822 1589 4883 ut
1614 4809 1706 4903 digni

331 4927 433 5000 simus
472 4928 736 5014 communicandi
770 4933 906 5025 corpori
944 4942 978 5005 et
1008 4933 1163 5025 sanguini
1200 4929 1322 5005 Christi
1356 4927 1545 5002 Salvatoris
1580 4929 1705 5000 nostri:

331 5061 393 5136 per
418 5047 561 5136 gratim
588 5053 623 5118 et
647 5045 911 5119 misericordiam
939 5055 1138 5144 clamorem
1165 5046 1314 5139 ejusdem
1331 5045 1415 5119 lesu
1433 5041 1555 5116 Christi
1572 5042 1707 5114 Domini
