4804 6026
603 549 654 624 44
814 551 992 629 numen
1010 551 1040 628 s.
1059 548 1195 628 Jncun
1212 547 1398 626 nosmu
1417 549 1574 628 urrmu
1590 527 1736 628 uuum.

601 740 676 832 guis
702 740 860 831 unigeniti
887 737 943 810 filii
969 740 1033 826 tui,
1061 761 1123 834 per
1149 760 1246 854 quem
1267 745 1393 809 etcum
1413 746 1525 833 quote
1548 737 1662 828 decet,
1689 738 1799 830 gloria
1816 736 1970 810 ethonor

601 877 676 926 cum
701 854 827 950 Spiritu
852 866 909 927 tuu
937 863 1065 927 sancto.

703 1005 804 1076 Panis
832 1005 988 1078 coelestis
1016 1003 1168 1092 Christe,
1195 1009 1251 1099 qni
1276 1003 1462 1076 hmniliatns
1490 1001 1574 1074 adeo
1602 1025 1658 1096 es,
1685 1013 1720 1075 ut
1747 1025 1844 1077 esses
1869 1004 1967 1078 nobis

601 1121 694 1193 cibus
722 1123 777 1215 qui
802 1143 870 1193 non
896 1124 999 1216 perit:
1026 1142 1070 1191 ne
1095 1119 1202 1192 facias
1229 1131 1263 1192 ut
1289 1124 1322 1191 in
1349 1119 1494 1192 adventu
1520 1129 1577 1191 tuo
1599 1119 1746 1192 secundo
1769 1119 1970 1193 devoremur

601 1234 643 1306 ah
670 1238 750 1329 igne
776 1235 1031 1328 inextinguibili:
1059 1246 1093 1308 et
1118 1234 1303 1308 referemus
1330 1233 1388 1306 tibi
1413 1234 1562 1324 laudem,
1590 1247 1653 1307 etc.
1682 1235 1829 1308 Benedic
1856 1240 1970 1308 omni-

599 1351 662 1426 bus
689 1351 811 1442 nobis,
839 1375 1006 1426 conserva
1032 1374 1149 1425 omnes
1175 1374 1255 1425 nos:
1282 1373 1440 1425 succurre
1463 1347 1562 1424 nobis
1578 1351 1745 1424 omnihus:
1772 1355 1864 1424 viam
1878 1357 1969 1425 vitae
2068 1395 2076 1404 -

474 1512 489 1522 ,
600 1479 635 1541 et
666 1467 781 1542 salutis
815 1467 1005 1542 demonstra
1037 1465 1153 1540 nobis:
1188 1469 1487 1564 miserationesque
1524 1477 1600 1540 tuae
1635 1477 1670 1539 et
1704 1466 1879 1540 clementia
1914 1479 1970 1541 tua

600 1587 665 1658 sint
691 1605 793 1680 super
818 1605 881 1656 nos
909 1605 1035 1656 omnes.
1088 1583 1224 1656 Fratres
1252 1591 1561 1678 quoquumque,
1588 1586 1644 1677 qui
1669 1583 1772 1676 longe
1790 1595 1876 1672 sunt,
1902 1607 1969 1656 cu-

528 1702 554 1800 ’,
600 1701 705 1776 studi:
732 1721 793 1774 eas
822 1704 877 1795 qui
902 1704 937 1771 in
962 1705 1117 1795 proximo
1145 1711 1236 1788 sunt,
1263 1703 1389 1772 instrue
1406 1699 1556 1770 doctrina
1576 1698 1758 1789 sufficienti,
1786 1721 1970 1795 omnesque

598 1817 712 1892 fideles
738 1819 910 1912 utriusque
937 1837 1057 1904 sexus,
1086 1818 1141 1912 qui
1155 1818 1334 1913 participes
1349 1814 1481 1887 iuenmt
1497 1814 1592 1908 huJus
1607 1814 1855 1909 Eucharistiae,
1883 1840 1969 1914 quae

598 1932 705 2022 illata,
733 1931 864 2022 oblata,
892 1941 926 2004 et
952 1935 1124 2028 proposita
1151 1942 1220 2024 est,
1248 1954 1350 2028 super
1376 1932 1481 2003 altare
1507 1930 1572 2003 huc
1599 1941 1756 2004 sanctum.
1793 1932 1886 2006 Deus
1915 1935 1969 2028 qui

599 2053 746 2145 suscepit
771 2047 958 2122 oblationes
984 2051 1115 2144 piorum
1141 2051 1347 2142 antiquorum
1374 2046 1561 2141 Abraham,
1587 2048 1685 2121 Isaac
1702 2059 1736 2121 et
1754 2049 1875 2137 Jacob,
1893 2052 1968 2145 ipse

599 2169 759 2263 suscipiat
785 2163 971 2238 oblationes
998 2174 1150 2255 vestrae,
1176 2173 1258 2238 vota
1284 2173 1415 2252 vestra,
1449 2165 1609 2259 primitias
1645 2174 1679 2236 et
1713 2164 1860 2238 decimas
1897 2185 1968 2237 ve-

600 2293 705 2357 stras:
731 2291 880 2377 praestet
907 2302 1040 2375 quoque
1064 2283 1214 2375 requiem
1241 2289 1275 2351 et
1299 2283 1491 2352 memoriam
1509 2277 1632 2352 honam
1653 2279 1816 2354 defunctis
1833 2284 1970 2368 vestris,

600 2419 759 2494 spemque
785 2395 992 2469 benedictam
1010 2405 1053 2468 ‘et
1079 2394 1264 2468 custodiam
1290 2395 1482 2468 viventibus
1514 2392 1630 2469 vobis:
1663 2418 1726 2492 per
1757 2398 1969 2491 precationes

600 2517 715 2586 matris
741 2516 835 2586 vitae
861 2515 1032 2607 genitricis
1058 2512 1122 2584 Dei
1147 2509 1292 2599 Mariae,
1321 2522 1356 2583 et
1382 2515 1526 2584 omnium
1552 2521 1742 2624 sanctarum
1769 2512 1970 2586 insaecula.

601 2633 718 2704 Amen
