4728 6028
742 557 773 636 S.
799 558 932 636 XYSTI
964 557 1112 638 PAPAE
1137 557 1324 636 nonant.
1635 557 1709 632 137

453 746 614 839 Populos.
665 743 771 844 Kyme
797 744 925 819 eleison
951 751 1013 816 ter.

454 860 630 935 Sacerdos
656 863 792 935 elcanae
816 884 942 933 nocem.
993 860 1038 932 Dt
1061 865 1174 935 veniat
1207 864 1348 935 Domine
1381 862 1521 958 Spiritus
1548 869 1621 932 tuus
1648 863 1709 932 vi-

351 1003 414 1054 vus
441 989 476 1051 et
502 987 652 1070 sanctus,
679 989 713 1052 et
737 981 927 1073 requiescat
952 1000 1052 1074 super
1078 977 1277 1050 oblationem
1292 981 1399 1066 istam,
1425 999 1599 1052 servorum
1624 986 1706 1050 tuo-

349 1119 438 1168 rum:
474 1096 581 1190 sitque
616 1093 871 1191 suscipientibus
903 1117 977 1165 eam
1009 1093 1051 1165 ad
1086 1097 1305 1189 expiationem
1334 1092 1543 1182 delictorum,
1577 1093 1619 1166 ad
1643 1117 1707 1167 re-

350 1213 539 1284 missionem
566 1220 793 1306 pcccatorum:
821 1208 862 1280 ad
889 1213 1163 1284 resurrectionem
1198 1209 1404 1282 benedictum
1437 1233 1456 1282 a
1489 1213 1646 1299 mortuis,
1674 1221 1707 1282 et

350 1326 391 1398 ad
418 1331 521 1399 vitam
547 1349 671 1399 novam
700 1335 734 1398 et
761 1333 931 1399 aeternam
956 1329 990 1398 in
1015 1348 1121 1420 regno
1155 1325 1333 1399 coelorum.
1385 1325 1429 1397 Et
1458 1348 1577 1421 panem
1609 1325 1706 1416 hunc,

349 1443 501 1539 perficiat
525 1465 648 1538 corpus
675 1441 797 1515 Christi
822 1441 887 1515 Dei
912 1447 1025 1517 nostri.

451 1559 612 1652 Popalar.
664 1559 782 1632 Amen.
1710 1649 1713 1656 .

451 1672 634 1746 Sacerdos.
686 1673 730 1745 Dt
763 1673 899 1747 calicem
937 1673 1042 1766 hunc,
1076 1673 1225 1772 perficiat
1256 1674 1449 1766 sanguinem
1483 1669 1603 1746 Christi
1638 1670 1704 1744 Dei

348 1793 462 1864 nostri.

451 1907 612 2000 Papulas.
663 1904 783 1980 Amen.

450 2021 633 2094 Sacerdos.
685 2022 729 2095 Dt
754 2045 816 2097 nos
843 2026 926 2096 istos
953 2026 1007 2119 qui
1039 2023 1104 2097 illis
1136 2024 1403 2095 communicaturi
1429 2043 1557 2110 sumus,
1583 2020 1704 2093 iaciant

349 2141 528 2236 participes
548 2139 703 2213 coelestis
722 2139 900 2236 voluptatis
927 2139 1013 2236 apud
1038 2149 1083 2231 tc,
1102 2141 1255 2229 Domine,
1282 2149 1315 2210 et
1333 2133 1515 2212 referemus
1542 2138 1611 2228 tihi,
1639 2149 1702 2210 etc.

450 2254 637 2327 Diaconos.
691 2254 832 2330 Oremus
859 2266 892 2328 ct
918 2241 1145 2354 deprecentur,
1172 2265 1233 2327 etc.

451 2369 625 2442 Sacerdos
650 2371 840 2444 inclinatae.
893 2373 990 2464 Dsto,
1015 2372 1175 2462 Domine,
1201 2369 1390 2468 pastoribus
1415 2367 1590 2442 Ecclesiae
1615 2377 1702 2456 tuae,

348 2485 458 2582 lingua
484 2497 614 2584 potens,
642 2509 727 2582 quae
753 2492 841 2561 vinci
867 2511 934 2561 non
959 2491 1110 2585 possita
1136 2487 1292 2561 doctrinis
1318 2490 1485 2583 pessimae
1510 2484 1701 2558 haereseos.

450 2603 600 2675 Danaas
624 2626 748 2676 aecem.
799 2603 844 2677 Et
869 2627 929 2678 ora
954 2603 1216 2695 haereticorum,
1242 2604 1358 2701 quitum
1383 2602 1611 2700 blasphemant
1636 2599 1701 2671 ad-

349 2742 466 2793 versus
493 2742 556 2793 nos
584 2719 731 2813 obstrue,
758 2719 898 2818 illosque
924 2725 1151 2796 conticescere
1177 2721 1241 2810 fac,
1268 2722 1429 2793 Domine:
1459 2729 1496 2790 ct
1519 2716 1701 2790 referemus

348 2835 417 2928 riht,
444 2846 506 2908 erc.
1071 2815 1074 2829 '

448 2952 634 3026 Diaconos.
686 2953 807 3026 lteram
846 2965 880 3026 et
919 2957 1036 3026 iterum
1078 2975 1373 3028 commemoramus
1419 2971 1534 3024 omnes
1579 2947 1700 3020 fratres

347 3077 488 3141 nostroe.

447 3184 622 3257 Sacerdos
653 3185 845 3258 inclinatas.
904 3184 1005 3278 Esto,
1042 3185 1203 3277 Domine,
1238 3193 1465 3258 remunerator
1497 3203 1612 3254 eorum
1645 3185 1700 3277 qui

346 3299 433 3376 hona
462 3310 651 3396 operantur,
679 3313 712 3374 et
736 3300 895 3375 liberator
921 3324 1035 3374 eorum
1062 3307 1116 3398 qui
1143 3307 1175 3374 in
1202 3299 1425 3375 afflictionibus
1454 3299 1647 3371 detinentur.

448 3417 598 3489 Eteonon
623 3440 747 3489 nocero.
801 3417 962 3489 Gemitum
988 3419 1193 3508 afflictorum
1221 3417 1399 3490 clamorem
1424 3435 1616 3512 pauperum,
1641 3412 1699 3484 ia-

348 3556 478 3630 crymas
505 3555 762 3629 oppressorum,
798 3544 831 3606 et
864 3532 997 3624 dolores
1024 3556 1137 3606 eorum
1165 3537 1219 3630 qui
1245 3528 1509 3630 persecutionem
1535 3535 1698 3625 patiuntur

347 3671 388 3722 ne
415 3650 591 3745 despicias,
617 3671 726 3745 neque
752 3648 865 3739 sileas,
892 3650 1049 3722 Domine:
1075 3661 1110 3721 ut
1135 3649 1318 3724 referamus
1346 3650 1415 3743 tibi,
1442 3658 1504 3720 etc.

445 3765 633 3837 Dianoeas.
686 3767 806 3837 Iterum
838 3788 1132 3840 commemoramus
1168 3789 1283 3840 ornnes
1307 3766 1422 3860 Reges
1448 3764 1576 3854 fideles,
1603 3773 1665 3834 etc.

446 3881 621 3954 Sacerdos
647 3882 837 3954 inclinatam.
887 3881 984 3972 Esto,
1010 3883 1164 3974 Domine,
1189 3905 1300 3957 murus
1327 3881 1421 3956 fortis
1448 3889 1535 3957 omni
1562 3881 1698 3973 civitati,

346 4002 472 4092 regioni
500 4008 533 4070 et
558 4019 684 4091 regno,
720 4020 835 4071 eorum
867 4003 921 4095 qui
954 3999 1132 4072 secundum
1156 3999 1253 4071 fidem
1279 4011 1403 4072 rectam
1430 4007 1464 4074 in
1490 4013 1523 4076 te
1550 3997 1697 4090 credunt,
1833 4011 1837 4018 '

347 4125 378 4187 et
403 4115 445 4186 ad
471 4125 504 4187 te
531 4113 733 4207 confugiunt.

445 4231 594 4304 Eteaaaa
624 4253 748 4302 nocem.
800 4229 844 4302 Et
876 4253 936 4306 eos
969 4234 1023 4326 qui
1056 4242 1228 4304 numerant
1260 4241 1368 4306 turres
1403 4237 1485 4310 Sion
1521 4241 1697 4335 spiritualis

346 4355 418 4420 tuae
444 4369 505 4444 per
532 4349 710 4436 circuitum,
737 4357 826 4420 terre
854 4357 887 4420 ct
911 4348 1035 4444 dissipa
1060 4347 1222 4440 Domine,
1255 4360 1291 4421 ut
1322 4351 1505 4442 referamus
1532 4355 1590 4428 tibi
1615 4357 1697 4450 glo-

344 4465 435 4554 riam,
461 4472 524 4535 etc.
764 4456 770 4471 ’

443 4580 630 4652 Diacoaar.
681 4579 804 4652 Iterum
829 4583 1016 4672 etiterum,
1042 4591 1104 4653 etc.

442 4696 617 4768 Sacerdos
658 4698 847 4768 inclinatas.
913 4695 1015 4788 Esto,
1051 4697 1211 4790 Domine,
1252 4698 1458 4774 confortator
1494 4713 1527 4777 et
1566 4705 1694 4798 adjutor

345 4834 475 4904 eorum,
512 4815 567 4908 qui
599 4811 791 4904 confugiunt
826 4813 867 4886 ad
901 4817 1094 4886 memoriam
1123 4817 1237 4889 matris
1273 4814 1395 4890 Christi
1427 4823 1487 4892 tui:
1527 4831 1562 4893 ut
1596 4825 1695 4894 etiam

344 4941 527 5004 sanctorum
549 4933 733 5017 amicorum
760 4939 897 5004 tuorum.
