4730 6038
654 457 659 468 '
721 477 796 550 mo
1004 541 1009 548 .
1211 423 1569 551 arroasia

822 663 1006 736 Sacerdos.
1058 659 1132 734 Nos
1158 681 1301 756 quoqne.

821 781 1011 851 Diucouua.
1064 776 1173 864 Quam
1199 775 1343 849 timenda
1369 785 1422 848 ost
1446 774 1532 849 haec
1556 775 1649 850 hora.

754 1071 930 1145 Sacerdos
960 1069 1143 1142 inclinatus
1168 1068 1255 1140 dicit
1288 1072 1479 1141 orationem
1503 1068 1739 1154 Iooocotiooir
1763 1067 1917 1162 Spiritus
1941 1072 2064 1140 eoacti.

823 1273 874 1346 'le
900 1275 1024 1346 invoco
1049 1272 1192 1344 Domine
1218 1273 1329 1359 Deus,
1363 1269 1515 1343 tiduciam
1540 1269 1667 1344 labens
1702 1272 1736 1342 in
1761 1270 1991 1344 misericordia
2023 1280 2090 1357 tua,

720 1401 755 1462 ut
780 1395 890 1462 mittas
917 1410 1017 1484 super
1042 1409 1106 1460 nos
1132 1389 1273 1480 gratiam
1299 1387 1442 1484 Spiritus
1469 1391 1596 1476 sancti,
1612 1371 1616 1376 ¹
1630 1389 1685 1482 qui
1718 1386 1868 1482 aequalis
1893 1395 1947 1459 est
1972 1383 2032 1456 tini
2058 1395 2092 1458 et

719 1511 889 1600 unigenito
914 1504 1001 1579 Filio
1028 1514 1105 1592 tuo,
1131 1502 1312 1576 secundnm
1342 1506 1524 1576 essentiam
1557 1513 1591 1575 et
1623 1513 1792 1593 naturam3
1827 1506 1883 1598 qui
1918 1499 2091 1574 descendit

720 1645 822 1720 snper
846 1625 1049 1716 rmigenitum
1076 1619 1195 1692 Filium
1221 1629 1311 1692 tuum
1336 1621 1369 1690 in
1394 1619 1542 1693 Jordane
1568 1617 1701 1692 flumine
1727 1630 1761 1700 et
1787 1641 1890 1714 super
1901 1616 2089 1713 Apostolos

722 1749 869 1813 sanctos.
1896 1727 1901 1736 ’

823 1855 974 1928 Elcoous
1006 1873 1133 1926 vocem.
1185 1841 1408 1924 Exaudime.

824 1971 985 2065 Populus.
1038 1967 1145 2066 llyrio
1172 1967 1318 2055 eleison,
1344 1967 1451 2064 Kyrie
1478 1968 1628 2058 eleison,
1656 1967 1762 2064 llyrie
1788 1965 1927 2041 eleison

823 2086 1007 2159 Sacerdos.
1060 2083 1119 2157 llle
1146 2087 1220 2180 ipse
1245 2082 1387 2180 Spiritus
1413 2083 1608 2172 Paraclitns,
1634 2088 1748 2156 veniat
1764 2094 1799 2155 et
1815 2082 1970 2188 illabatur
1991 2104 2093 2179 super

720 2206 881 2299 mysteria
906 2202 990 2274 haec
1016 2210 1234 2297 praeparata,
1268 2209 1302 2271 et
1327 2223 1389 2295 per
1423 2199 1573 2295 illapsum
1605 2199 1852 2274 inhabitationis
1885 2222 1988 2288 snae,
2014 2199 2090 2272 elli-

721 2322 788 2392 ciat
812 2341 931 2416 panem
958 2321 1076 2408 ntum,
1104 2316 1236 2411 Corpus
1261 2317 1430 2390 vivificum
1458 2313 1581 2389 Christi
1606 2318 1672 2389 Dei
1697 2320 1813 2390 nostri.

825 2435 987 2528 Populus.
1035 2435 1154 2506 Amen.

825 2550 1009 2623 Sacerdos.
1061 2548 1105 2620 lu
1137 2547 1285 2621 Calicem
1312 2547 1398 2620 lunc
1430 2547 1581 2645 perficiat
1606 2553 1802 2643 sangninem
1828 2552 2091 2647 propitiatorium

723 2665 845 2741 Christi
871 2666 936 2739 Dei
961 2669 1076 2740 nostri.
1935 2703 1939 2708 ·

827 2781 989 2876 Populus.
1040 2782 1161 2855 Amen.

826 2899 1010 2971 Sacerdos.
1062 2897 1135 2970 Nos
1162 2907 1271 2969 autem
1300 2895 1419 2968 alliciat
1443 2918 1505 2992 pen
1531 2899 1671 2990 gratiam
1690 2920 1785 2970 suam
1798 2922 1902 2995 puros
1931 2909 1965 2970 et
1990 2921 2091 2971 mnn-

725 3014 802 3106 dos,
828 3024 928 3110 atque
952 3016 1011 3102 ita,
1038 3013 1157 3106 dignos
1183 3012 1272 3084 dono
1298 3011 1365 3084 hoc
1390 3014 1545 3108 mystico,
1573 3016 1648 3108 quia
1675 3024 1709 3087 tu
1736 3039 1774 3090 es
1794 3015 1915 3105 bonus,
1942 3025 1978 3088 et
2003 3014 2092 3089 mul·

724 3141 781 3204 tae
806 3130 1068 3220 misericordiae,
1096 3141 1129 3202 et
1155 3125 1213 3200 tilri
1239 3127 1382 3220 gloriam
1412 3127 1606 3219 referimus,
1639 3139 1674 3202 et
1702 3134 1873 3224 unigenito
1904 3131 1991 3205 Filio
2025 3143 2093 3222 tuo,

724 3254 759 3318 et
784 3246 920 3343 Spiritui
946 3257 1002 3319 tuo
1029 3256 1155 3319 sancto.

829 3361 1006 3434 Sacerdos
1037 3363 1229 3436 inclinatus.
1283 3363 1460 3437 Ollerimus
1493 3360 1551 3432 tihi
1585 3363 1729 3435 Domine
1761 3363 1996 3438 dominantium
2031 3388 2094 3438 sa-

725 3477 881 3550 crificium
907 3478 972 3550 hoc
999 3479 1181 3576 spirituale,
1206 3503 1270 3576 pro
1306 3482 1465 3552 universa
1500 3475 1655 3551 Ecclesia
1690 3476 1863 3554 catholica
1895 3491 1982 3552 emta
2009 3503 2094 3554 san-

725 3597 825 3686 guine
858 3594 981 3666 Christi
1017 3597 1078 3668 tui:
1114 3598 1295 3692 praecipue
1326 3617 1412 3667 vero
1444 3616 1507 3691 pro
1546 3591 1744 3690 Episcopus,
1778 3595 2036 3685 Sacerdotibus,
2062 3607 2096 3669 et

726 3711 900 3800 DiaconiS,
928 3722 962 3783 et
987 3733 1049 3808 pro
1076 3715 1165 3783 omni
1191 3711 1315 3809 populo
1336 3711 1467 3784 celante
1485 3709 1765 3784 orthodoxorum:
1793 3711 1930 3783 etmihi
1956 3713 2096 3803 infirmo,

727 3829 848 3922 quique
875 3826 1104 3900 misericordia
1131 3828 1266 3920 indigeo
1293 3831 1425 3900 venium
1453 3827 1561 3900 tribue
1586 3839 1621 3900 et
1646 3831 1711 3901 mei
1738 3831 1909 3900 miserere.

831 3941 982 4013 Elcoous
1001 3965 1127 4014 noceo.
1182 3940 1372 4040 Compesce
1404 3941 1497 4016 Deus
1528 3944 1618 4017 lione
1651 3956 1686 4017 et
1716 3947 1837 4016 veniae
1870 3942 2027 4040 largitor,
2054 3949 2094 4020 alr

726 4060 883 4134 Ecclesia
909 4070 965 4131 tua
994 4070 1122 4149 sancta,
1149 4058 1238 4132 bella
1264 4068 1299 4132 et
1324 4082 1474 4157 pugnas:
1502 4083 1564 4134 eos
1591 4064 1647 4156 qui
1673 4063 1907 4158 mysteriorum
1934 4065 2007 4157 ejus
2024 4071 2097 4135 sunt

598 4161 605 4188 ⁸
729 4176 993 4273 dispensatores,
1019 4178 1145 4248 instrue
1172 4178 1334 4272 supientia
1362 4174 1526 4250 adversus
1553 4199 1670 4250 omnes
1704 4174 1865 4252 haereses
1896 4179 2097 4274 quasillum

727 4295 931 4388 impugnant,
965 4301 1000 4362 et
1024 4293 1200 4365 veritatem
1234 4301 1322 4364 mam
1358 4295 1529 4385 ignorant:
1565 4291 1770 4366 Sacerdotes
1803 4297 1876 4387 ejus
1910 4293 2096 4385 honestate,

730 4408 901 4483 Diaconos
927 4406 983 4479 lac
1009 4411 1161 4485 castitate
1192 4408 1486 4500 commendandos,
1512 4409 1612 4506 imple
1647 4431 1721 4482 eam
1753 4407 2005 4505 tranquillitate,
2033 4435 2096 4484 ca-

729 4527 828 4597 ritate
863 4535 896 4596 et
935 4523 1117 4597 concordia
1151 4548 1236 4620 quae
1269 4549 1289 4598 a
1323 4535 1358 4598 te
1389 4519 1561 4622 p'rovenit:
1595 4529 1673 4620 quia
1708 4536 1744 4599 tu
1774 4528 1966 4599 misericors
2001 4547 2040 4600 es
2066 4537 2099 4599 et

728 4640 849 4724 multae
876 4639 1137 4730 misericordiae,
1163 4640 1287 4739 tibique
1313 4641 1455 4736 gloriam
1481 4639 1667 4736 referimus.

833 4755 995 4849 Populos.
1047 4757 1166 4830 Amen.

837 4870 1013 4943 Sacerdos
1053 4873 1247 4946 tucltuotua.
1298 4871 1468 4948 Memento
1508 4871 1652 4945 Domine
1699 4875 1801 4948 totius
1843 4873 1957 4972 populi
1993 4873 2096 4948 tidelis
