4782 6068
683 579 729 656 IN
762 579 1009 658 LlTUllGth
1042 579 1451 658 husuotttltouuht.
1677 582 1751 655 o03

385 763 534 845 duplicem
557 765 673 827 scilicet
696 781 833 826 errorem
854 764 931 846 lapsi
954 773 1033 844 sunt,
1057 785 1096 828 ex
1115 766 1308 848 ignoratione
1330 767 1439 828 rituum
1463 765 1672 829 Orientalium:
1696 785 1756 829 ex-

386 865 541 927 cusatione
565 870 663 925 tamen
687 862 780 947 digni,
804 863 884 944 quod
906 865 1015 927 multos
1038 882 1225 949 magnosque
1249 864 1423 948 Theologos
1447 865 1552 928 eadem
1574 865 1675 946 opinio
1699 865 1756 928 im-

385 961 518 1044 plicavit.
565 960 758 1026 Orientalium
782 961 938 1042 disciplina
969 971 1034 1041 cst,
1065 964 1187 1026 elevare
1210 971 1240 1027 et
1263 963 1448 1026 adstantibus
1479 965 1641 1027 ostendere
1668 983 1757 1028 sacra

385 1064 546 1143 mysteria,
575 1061 666 1142 paulo
696 1068 764 1124 ante
788 1063 1037 1142 communionem,
1061 1081 1126 1125 cunr
1150 1062 1326 1125 inclamatur
1354 1063 1470 1126 Sancta
1499 1065 1622 1126 sancus.
1672 1065 1756 1126 Tunc

386 1169 484 1224 autem
506 1160 573 1224 heri
594 1178 682 1241 quam
705 1159 814 1224 Graeci
846 1169 956 1224 vocant
975 1151 1083 1245 Ἁγίαν
1112 1151 1261 1247 domurn,
1280 1163 1357 1226 sive
1386 1163 1598 1239 elevationem,
1628 1147 1757 1244 proban‘t

387 1261 496 1348 Graeci
518 1279 622 1325 omnes
646 1261 769 1323 codices
797 1259 961 1344 Liturgici:
991 1260 1187 1344 Aegyptiaci,
1220 1269 1251 1324 et
1278 1269 1400 1325 autores
1428 1261 1546 1342 llituum
1576 1263 1757 1344 gravissimi,

388 1380 515 1442 quorum
549 1361 716 1423 testimonia
750 1359 789 1423 ad
816 1360 917 1424 Basilii
947 1361 1102 1443 Copticam
1132 1361 1297 1444 liturgiam
1324 1360 1506 1424 reseruntur.
1556 1360 1659 1442 ltaque
1690 1379 1757 1424 cum

386 1460 567 1540 descriptam
596 1459 758 1522 habeamus
792 1479 832 1522 ex
862 1459 920 1522 illis
951 1463 1188 1541 caeremoniam,
1230 1461 1396 1524 secundum
1425 1478 1513 1542 quam
1546 1457 1653 1523 dicitur
1681 1460 1757 1524 haec

386 1559 594 1641 proclamatio,
617 1575 780 1639 omnesque
808 1576 874 1621 eam
896 1558 962 1622 lieri
991 1560 1177 1644 significent,
1206 1578 1272 1623 cum
1301 1559 1474 1638 elevantur,
1505 1568 1535 1622 et
1559 1560 1758 1623 ostenduntur

387 1675 474 1724 sacra
498 1659 651 1739 mysteria,
674 1658 785 1737 illaque
808 1657 926 1719 tandem
950 1659 989 1721 sit
1018 1661 1153 1722 omnibus
1177 1657 1379 1723 Orientalibus
1404 1661 1585 1738 communis,
1609 1661 1659 1722 ubi
1683 1663 1757 1723 ritus

388 1758 588 1840 particulatim
610 1775 671 1820 non
701 1757 884 1837 explicatur,
913 1759 968 1822 sed
999 1767 1112 1823 tantum
1138 1767 1259 1823 notatur
1288 1760 1404 1822 Sancto
1429 1762 1562 1838 sanctis,
1596 1760 1758 1840 illmnqui

388 1859 492 1922 iisdem
516 1857 618 1920 verbis
642 1857 820 1937 conjunctus
850 1857 960 1938 ubique
989 1867 1050 1938 est,
1073 1859 1244 1941 intelligere
1268 1876 1428 1940 possumus
1460 1868 1489 1921 et
1519 1859 1673 1922 debemus.
1718 1859 1759 1921 Αι

386 1957 501 2020 Sancta
523 1957 638 2018 sanctis
660 1955 772 2038 legitur
794 1956 823 2016 in
847 1958 983 2020 omnibus
1001 1958 1190 2022 Nestorianis
1206 1958 1365 2042 Liturgiis:
1389 1959 1481 2041 igitur
1504 1959 1584 2040 quod
1599 1957 1758 2021 Christiani

388 2074 492 2120 omnes
522 2055 723 2117 observabant
751 2071 789 2117 eo
818 2054 906 2131 loco,
940 2057 1087 2120 elevando
1111 2057 1345 2136 Eucharistiam,
1374 2077 1391 2119 a
1420 2057 1608 2120 Nestorianis
1637 2047 1757 2140 quoque

389 2155 617 2220 observabatur.
660 2154 755 2229 Quam
777 2172 870 2235 porro
893 2155 988 2218 inanis
1011 2159 1051 2219 sit
1074 2177 1113 2219 ex
1136 2155 1257 2220 delectu
1280 2157 1458 2221 elevationis
1481 2157 1518 2219 ad
1542 2157 1759 2222 excludendam

390 2255 592 2319 adorationem
614 2253 814 2332 ratiocinatio,
838 2273 877 2316 es
901 2254 1063 2320 domestica
1077 2265 1178 2319 nostra
1202 2256 1360 2338 disciplina
1384 2256 1561 2320 ostenditur.
1599 2257 1686 2320 Faria
1710 2257 1759 2320 Vl.

387 2355 508 2438 majoris
539 2351 770 2430 hebdomadae,
806 2373 865 2434 qua
894 2355 959 2418 sola
994 2354 1042 2418 die
1077 2339 1249 2418 celebratur
1276 2359 1306 2419 in
1333 2356 1472 2418 Ecclesia
1501 2355 1632 2418 Romana
1666 2357 1758 2421 hlissa

388 2451 732 2530 Pracsauctisrcaterum,
755 2453 886 2515 elevatio
916 2471 976 2516 non
999 2454 1046 2530 bt,
1076 2456 1162 2518 utin
1184 2455 1250 2518 aliis
1274 2455 1340 2518 lieri
1362 2455 1458 2532 solet,
1487 2456 1544 2517 nisi
1572 2457 1661 2536 paulo
1691 2465 1760 2522 ante

391 2553 642 2618 communionem:
665 2570 764 2632 neque
786 2553 931 2615 attollitur
953 2554 1156 2634 Eucharistia,
1185 2555 1269 2617 utin
1291 2554 1471 2636 quotidianis
1495 2553 1606 2618 Missis:
1630 2563 1660 2618 et
1682 2558 1761 2620 ado-

391 2661 476 2716 ratur
497 2659 604 2712 tamen.
649 2650 881 2714 Cartbusienses
909 2670 966 2716 suo
996 2652 1066 2730 Ritu
1089 2673 1177 2717 sacra
1199 2653 1362 2730 iacientes,
1390 2654 1514 2717 calicem
1541 2655 1594 2716 vix
1624 2656 1759 2722 elevant:

393 2754 518 2816 adorant
541 2757 639 2812 tamen
661 2752 837 2833 sanguinem
862 2751 981 2816 Christi.
1034 2752 1158 2817 Elevata
1181 2762 1228 2817 est
1250 2755 1342 2839 igitur
1363 2753 1549 2816 Eucharistia
1573 2755 1603 2816 in
1626 2754 1761 2840 Liturgia

392 2853 573 2918 Nestoriana
595 2868 679 2914 more
703 2849 850 2912 Orientali
871 2851 961 2931 paulo
985 2859 1053 2915 ante
1085 2854 1337 2934 communionem,
1366 2855 1422 2918 sad
1452 2872 1512 2916 non
1536 2871 1573 2916 eo
1596 2854 1676 2932 loco,
1701 2872 1760 2935 quo

392 2953 564 3035 assignatur
585 2949 614 3010 in
637 2947 730 3010 blissa
752 2948 942 3011 blalabarica.
1073 2941 1086 2964 ”

477 3045 509 3110 ln
539 3049 645 3112 eadem
675 3055 816 3112 notantur
838 3051 1034 3130 responsoria
1057 3050 1184 3114 dicenda
1215 3050 1389 3114 aDiacono
1421 3059 1452 3113 et
1482 3069 1498 3112 a
1529 3049 1649 3128 Chora,
1665 3054 1761 3116 eirea

391 3147 605 3223 elevationem;
634 3157 706 3210 sunt
728 3155 826 3210 autem
849 3147 994 3212 translata
1017 3169 1057 3214 ex
1079 3150 1138 3213 alio
1160 3150 1247 3229 loco,
1277 3169 1385 3232 nempe
1414 3157 1483 3212 ante
1510 3151 1760 3228 communionem,

392 3254 421 3309 et
444 3247 596 3324 nonnulla,
620 3249 700 3310 circa
723 3255 840 3328 tempus
862 3247 1063 3313 invocationis
1094 3250 1222 3331 Spiritus
1251 3249 1357 3312 sancti.
1407 3248 1489 3311 lnter
1517 3249 1568 3311 illa
1591 3267 1680 3312 unum
1704 3271 1761 3314 oc-

392 3347 497 3426 currit,
520 3347 599 3427 quod
623 3347 757 3410 Romano
781 3347 957 3412 charactere
979 3348 1090 3412 editum
1113 3357 1160 3412 est
1183 3351 1269 3430 quasi
1291 3348 1412 3412 rubrica
1435 3356 1528 3429 esset,
1552 3350 1632 3429 quod
1654 3353 1761 3414 incau-

393 3453 441 3509 tos
464 3444 596 3508 tectores
619 3452 724 3527 posset
746 3447 777 3510 in
799 3466 934 3510 emonem
955 3449 1112 3527 inducere,
1135 3448 1203 3530 quia
1216 3449 1344 3512 orationi
1367 3468 1422 3512 seu
1444 3450 1761 3536 responsoriolverba

392 3547 556 3607 convenire
580 3563 639 3607 non
662 3543 811 3610 videntur.
842 3547 996 3610 Canuntur
1018 3555 1116 3611 tamen
1137 3547 1259 3611 alternis
1282 3549 1357 3611 haec
1380 3549 1489 3625 omnia,
1511 3548 1644 3611 Diacono
1667 3567 1761 3629 praa-

393 3653 494 3723 eunte,
519 3643 609 3726 idque
633 3645 814 3708 observatur
836 3648 950 3727 pariter
980 3648 1058 3729 apud
1080 3647 1251 3727 Jacobitas,
1281 3649 1311 3710 in
1342 3666 1469 3729 quorum
1499 3648 1577 3710 libro
1604 3649 1761 3710 Ministerii

390 3743 545 3806 Diaconici
568 3744 710 3827 leguntur
732 3745 866 3826 ejusdem
888 3747 1011 3830 generis
1033 3748 1244 3828 responsoria,
1268 3756 1298 3810 et
1320 3747 1392 3810 illud
1414 3748 1473 3809 hoc
1495 3749 1563 3829 ipso
1585 3748 1654 3810 loco
1677 3755 1707 3810 et
1730 3749 1760 3809 in

393 3844 527 3907 eamdem
550 3845 737 3906 senteutiam.
782 3845 879 3921 Quom
902 3847 1046 3908 terribilis
1067 3847 1143 3909 baec
1163 3847 1243 3910 bora
1265 3855 1325 3923 est,
1347 3850 1379 3910 io
1400 3867 1460 3928 pua
1485 3847 1618 3928 Spiritus
1639 3855 1763 3909 sanctos

392 3945 431 4005 dc
453 3943 546 4006 coelis
568 3943 724 4006 descendit
744 3964 835 4024 super
862 3945 1089 4008 Eucharistiam
1117 3948 1149 4008 ia
1178 3949 1272 4009 altori
1296 3949 1443 4028 positam,
1472 3956 1528 4012 etc.
1579 3949 1622 4010 lta
1650 3946 1760 4009 lectam

396 4043 489 4105 luisse
511 4043 541 4103 in
564 4041 812 4106 Nestorianorum
836 4043 990 4106 codicibus
1018 4045 1095 4108 hanc
1118 4047 1304 4127 responsorii
1326 4044 1499 4124 formulam,
1527 4052 1675 4108 testantur
1695 4045 1760 4108 Lu-

391 4143 489 4205 sitani.
545 4140 698 4203 Sacerdos
731 4143 851 4224 mondo
880 4144 923 4204 ad
951 4152 1087 4206 sanctam
1116 4147 1213 4207 altore
1241 4147 1418 4226 ingreditur,
1448 4164 1556 4207 manus
1583 4165 1657 4208 suas
1681 4164 1760 4224 pare

388 4241 543 4321 protendit
570 4242 602 4302 in
631 4241 761 4320 coelum,
801 4251 829 4306 et
856 4243 966 4304 invitat
987 4243 1111 4320 [melius
1134 4247 1279 4318 inuocat)
1306 4243 1465 4324 Spiritum,
1495 4247 1547 4326 qui
1574 4248 1612 4307 de
1641 4246 1760 4324 superis

391 4341 555 4416 descendit,
578 4346 608 4401 et
629 4349 788 4403 consecrat
809 4361 919 4422 corpus
942 4350 971 4404 et
991 4345 1167 4424 sanguinem
1191 4343 1312 4407 Christi.
1355 4343 1429 4405 'lum
1452 4343 1527 4407 baec
1550 4344 1670 4406 addunt.
1712 4343 1761 4404 lbi

392 4447 520 4518 apparet
541 4441 717 4500 serterrtiom
739 4443 973 4521 orationisesse,
997 4444 1078 4522 quod
1089 4444 1236 4507 sacerdos
1256 4444 1379 4504 invocat
1391 4442 1535 4522 Spiritum
1556 4444 1608 4524 qai
1629 4443 1759 4503 descen-

392 4536 437 4598 dit
457 4538 496 4598 de
518 4540 612 4614 coelo,
635 4547 664 4601 et
686 4550 847 4602 consecrat
867 4559 978 4620 corpas
1001 4540 1124 4618 Christi,
1146 4563 1207 4605 nen
1229 4545 1294 4624 ipse
1315 4543 1468 4605 sacerdos.
1513 4540 1587 4603 Cam
1608 4560 1682 4604 cero
1702 4561 1759 4603 sa-

392 4638 500 4698 cerdos
521 4639 587 4716 ipse
608 4641 649 4699 sit
677 4640 820 4720 quivere
843 4648 1017 4716 consecrat,
1047 4639 1162 4703 Christi
1189 4649 1287 4704 tomen
1315 4641 1434 4717 verbis,
1464 4647 1494 4702 et
1521 4659 1582 4702 non
1610 4642 1690 4719 suis,
1720 4661 1759 4702 ne

392 4737 515 4796 occasio
530 4735 618 4797 detur
639 4740 748 4813 errori,
772 4739 930 4801 dicendam
944 4749 1010 4814 est;
1033 4758 1137 4802 manus
1159 4759 1229 4803 suas
1251 4761 1326 4823 pure
1347 4740 1500 4824 protendit
1522 4741 1551 4802 in
1575 4740 1702 4819 coelum,
1727 4747 1758 4802 et

393 4840 553 4896 consecrat
576 4853 687 4916 corpus
711 4845 742 4899 ct
764 4840 940 4924 sanguinem
963 4838 1088 4918 Christi,
1118 4839 1237 4920 aliaque
1264 4841 1358 4903 cerda
1380 4841 1552 4903 omittendo.
1603 4840 1687 4902 Haec
1715 4838 1759 4900 illi

392 4931 459 4994 loco
482 4935 581 4997 citato.
634 4934 729 5009 Onam
759 4945 857 5001 autem
887 4941 1124 5020 propositionem
1153 4939 1235 5001 velut
1262 4946 1431 5022 suspectam
1458 4939 1643 5016 babuerunt,
1672 4939 1759 5019 quasi

392 5029 593 5096 sacerdotalis
617 5033 747 5116 dignitas
771 5036 978 5101 detrimentum
996 5046 1131 5120 caperet,
1155 5039 1181 5101 si
1193 5036 1344 5102 diceretur
1358 5039 1499 5120 Spiritum
1522 5048 1657 5103 sanctum
1680 5057 1758 5102 con-

429 5206 551 5250 ronnsu.
1501 5196 1550 5270 79
