4728 6028
616 557 668 634 ΙΝ
699 557 995 636 llTllliGlAS
1030 558 1313 638 stolidus
1575 561 1649 638 105
1742 561 1747 572 '

275 742 348 808 lium
369 743 538 808 Ecclesiam
554 742 699 805 Graecam
721 745 864 824 pervasit,
886 744 940 806 vix
960 761 1090 825 unquam
1112 744 1150 807 ad
1172 745 1354 809 remotiores
1375 745 1444 810 illos
1463 745 1650 814 Christianos

276 845 446 906 manavisse
469 841 716 924 deprehenditur.

364 941 449 1016 Quae
471 959 547 1005 vero
562 939 697 1004 Graecos
720 941 907 1004 recentiores
929 950 1079 1021 spectant,
1102 941 1184 1005 circa
1207 942 1286 1005 illam
1309 942 1348 1006 de
1369 945 1532 1008 animarum
1555 963 1651 1026 sepa·
1690 954 1973 1012 Gneoormudocmua

275 1047 408 1104 ratarum
432 1041 603 1105 conditione
626 1039 808 1119 doctrinam,
838 1042 895 1104 etsi
918 1057 985 1103 cum
1008 1043 1185 1122 quaestione
1208 1040 1246 1104 de
1268 1043 1448 1126 Purgatorio
1470 1046 1512 1108 ita
1533 1043 1732 1107 conae-nova
1749 1053 1776 1097 ot
1793 1043 1913 1098 absurda·

275 1149 379 1219 reant,
403 1149 436 1204 ut
457 1138 544 1204 simul
565 1140 725 1203 Ferrariae
748 1148 780 1203 et
800 1139 972 1204 Florentiae
995 1148 1121 1202 tractata
1151 1139 1277 1220 luerint,
1306 1159 1366 1205 non
1394 1151 1452 1206 tam
1483 1161 1523 1206 ex
1552 1144 1647 1226 ipsius

276 1241 462 1322 quaestionis
492 1247 599 1303 natura
628 1238 775 1321 originem
805 1239 932 1317 habent,
965 1257 1053 1321 quam
1081 1258 1121 1302 ex
1151 1239 1336 1303 Graecorum
1365 1243 1567 1320 contumacia,
1597 1243 1648 1324 qui

276 1340 345 1402 dum
367 1340 490 1402 Latinos
512 1339 754 1416 insectabantur,
784 1345 817 1400 ut
847 1339 928 1420 quod
951 1338 1076 1415 alicubi,
1107 1338 1290 1402 calumniose
1313 1342 1434 1404 nimium
1455 1349 1486 1404 et
1508 1342 1646 1423 imperite

275 1439 406 1522 Symeon
430 1439 709 1502 Thessalonicensis
732 1438 868 1517 scripsit,
898 1439 927 1500 in
959 1439 1096 1500 omnibus
1124 1455 1255 1519 peccare
1282 1438 1365 1518 illos,
1396 1438 1647 1520 demonstrarent,
1694 1455 1759 1510 Aac.
1776 1457 1832 1510 Lar.
1848 1477 1875 1528 p.
1893 1461 1936 1512 27.

274 1539 353 1603 ultra
376 1541 522 1602 terminos
545 1539 683 1619 antiquos
706 1538 873 1619 progressi,
897 1544 997 1599 totam
1010 1536 1091 1600 illam
1115 1537 1303 1621 Theologiae
1321 1547 1436 1620 partem
1459 1541 1647 1602 contamina-

274 1646 394 1703 verunt.
437 1638 514 1701 Illud
537 1639 611 1700 satis
633 1635 700 1700 iuse
723 1655 740 1698 a
764 1635 850 1699 nobis
873 1636 1032 1716 probatum
1054 1643 1101 1698 est
1124 1635 1204 1715 alibi,
1228 1655 1285 1700 nec
1308 1655 1345 1700 ee
1367 1645 1510 1718 repetere
1532 1657 1647 1718 operae
1693 1663 1792 1734 1'0'11‘1·
1818 1665 1844 1716 p,
1863 1667 1889 1717 5.
1908 1665 1924 1716 1.
1941 1665 1968 1717 8.

274 1725 403 1819 pretium
425 1737 515 1815 foret,
538 1756 604 1800 cnm
627 1735 664 1798 ad
681 1735 850 1798 Orientales
873 1752 933 1797 non
955 1736 1134 1816 pertineant.
1157 1734 1304 1817 Ignorant
1326 1737 1405 1800 enim
1427 1737 1481 1815 illi,
1504 1735 1647 1819 quidquid

275 1838 362 1900 alteri
384 1837 423 1900 de
445 1837 504 1900 hoo
526 1845 704 1919 argumento
726 1834 942 1898 verbosissime
965 1834 1211 1915 disputaverunt,
1236 1834 1274 1899 de
1296 1836 1387 1899 dilate
1408 1855 1506 1918 usque
1529 1837 1565 1899 ab
1589 1855 1646 1899 su-

273 1955 411 2018 premum
436 1936 541 2018 iudicii
571 1936 649 1998 diem
676 1941 850 1997 sanctorum
878 1931 1037 2013 felicitate,
1066 1942 1097 1997 et
1127 1935 1286 2014 impiorum
1319 1936 1522 1999 damnatione:
1553 1935 1646 1999 multo

273 2037 370 2115 magis
384 2033 466 2117 quod
488 2036 518 2097 in
540 2034 657 2097 inferno
681 2032 782 2096 lorent
804 2034 893 2095 etiam
916 2033 1082 2096 electorum
1096 2034 1222 2112 animae,
1245 2036 1275 2096 in
1298 2035 1422 2118 gemitu,
1446 2036 1573 2114 tristitia,
1596 2042 1647 2096 te-

273 2135 377 2198 nebris
403 2134 568 2215 selutisque
592 2152 647 2215 spe
670 2131 769 2209 dubia,
793 2140 823 2195 et
845 2133 913 2195 dum
927 2149 965 2193 ne
980 2134 1100 2195 tertium
1112 2133 1192 2196 illum
1204 2131 1314 2213 locum,
1338 2135 1646 2216 queml’urgatorium

275 2233 476 2316 appellamus,
498 2241 675 2317 agnoscant,
699 2239 819 2296 sanctos
835 2232 923 2295 coelo
942 2231 1113 2312 deturbant,
1129 2233 1229 2295 nullus
1241 2232 1317 2297 alius
1331 2234 1484 2298 animabus
1497 2231 1646 2310 fidelibus,

274 2341 398 2415 praeter
419 2327 569 2395 infernum
591 2332 777 2413 relinquitur.
803 2330 851 2393 Ex
867 2348 905 2394 eo
918 2333 1007 2394 etiam
1021 2351 1077 2414 per
1091 2349 1200 2412 preces
1213 2333 1370 2396 Ecclesiae
1392 2335 1507 2397 animas
1530 2351 1646 2409 eorum,

275 2435 326 2514 qui
356 2432 386 2493 in
415 2439 560 2513 peccato,
592 2431 752 2492 autetiam
775 2431 805 2492 in
827 2429 1000 2494 infidelitate
1023 2431 1179 2510 obierunt,
1208 2431 1295 2495 educi
1326 2450 1418 2514 posse
1447 2431 1645 2515 pertendunt:

273 2549 332 2596 nec
355 2530 463 2612 puduit
485 2549 550 2608 eos,
573 2532 631 2592 imo
654 2548 710 2591 nec
732 2528 910 2592 Dositheum
932 2538 1001 2592 ante
1025 2549 1138 2612 paucos
1162 2549 1258 2594 annos
1280 2531 1482 2594 Patriarcbam
1496 2531 1646 2594 Hieroso·

277 2631 462 2712 lvmitanum,
484 2638 680 2712 portentosae
702 2628 972 2709 illius'opinionis:
1002 2648 1090 2711 quam
1118 2629 1227 2694 fabulis
1249 2630 1432 2694 Falconillae
1462 2638 1492 2694 ct
1515 2630 1646 2712 'l'rajani,

274 2728 317 2791 ita
340 2747 381 2790 ex
402 2729 509 2810 poenis
536 2729 644 2791 interni
671 2727 882 2807 liberatorum,
911 2729 1075 2794 confirmat.
1120 2729 1164 2794 lta
1194 2731 1262 2794 dum
1290 2730 1368 2794 illam
1398 2730 1437 2794 de
1466 2730 1646 2814 Purgatorio

276 2831 515 2890 controversiam
526 2827 673 2891 adversus
686 2826 809 2891 Latinos
833 2827 1015 2891 ambitiosius
1039 2829 1194 2911 prosecuti
1215 2839 1295 2909 sunt,
1319 2838 1349 2893 et
1364 2829 1506 2911 Origenis
1521 2846 1645 2893 errores

273 2926 332 2990 illis
355 2927 514 3011 objiciunt,
544 2929 574 2989 in
604 2926 729 2991 eosdem
750 2929 835 2990 ivero
858 2928 1056 3009 praecipites,
1084 2937 1117 2991 ut
1145 2929 1214 2992 loco
1242 2931 1333 2994 citato
1363 2929 1517 3010 explicare
1545 2931 1646 2993 conati

274 3045 387 3090 sumus.

361 3127 467 3188 Omnia
497 3125 573 3188 hacc
595 3125 797 3190 Orientalibus
826 3127 930 3210 ignota
959 3134 1044 3206 sunt,
1076 3146 1093 3190 a
1122 3126 1229 3208 quibus
1259 3129 1421 3208 antiquitus
1444 3126 1647 3191 observantur
1676 3124 1848 3180 orientalibus
1866 3126 1963 3194 ignota.

275 3225 333 3288 dno
358 3223 532 3304 disciplinae
556 3227 670 3306 capita,
698 3244 793 3307 quac,
821 3228 847 3288 si
874 3226 954 3288 livor
976 3225 1135 3305 abluisset,
1164 3226 1202 3288 ad
1225 3226 1418 3290 dirimendam
1440 3229 1646 3311 quaestionem

274 3325 339 3388 sola
362 3324 557 3389 subiciebant.
602 3326 729 3388 Primum
752 3333 814 3402 est,
836 3325 988 3388 invocatio
1010 3332 1197 3404 sanctorum,
1220 3325 1258 3386 ad
1282 3343 1358 3406 quos
1380 3344 1490 3407 preces
1512 3325 1646 3408 dirigunt

273 3425 302 3488 in
325 3425 480 3508 liturgiis,
503 3425 629 3505 aliisque
651 3424 788 3488 omnibus
812 3424 932 3502 Oliloiis,
955 3432 989 3488 ut
1010 3442 1067 3505 per
1089 3425 1242 3486 orationes
1266 3423 1303 3486 ad
1324 3425 1431 3502 Deum,
1459 3427 1508 3487 cui
1531 3425 1561 3486 in
1584 3426 1646 3489 vita

274 3543 326 3588 sna
343 3523 534 3605 placuerunt,
557 3525 683 3607 gratiam
696 3531 727 3587 et
739 3523 974 3586 misericordiam
997 3524 1064 3585 aliis
1076 3523 1173 3586 adhuc
1193 3525 1224 3586 in
1248 3530 1328 3586 terra
1343 3524 1461 3605 positis,
1479 3523 1643 3589 obtineant.

272 3623 410 3686 Alterum
433 3641 542 3705 preces
564 3625 595 3684 in
617 3624 683 3704 ipsa
705 3641 793 3686 sacra
815 3623 934 3684 actione
955 3625 1114 3703 repetitae,
1136 3641 1194 3704 pro
1217 3623 1425 3686 defunctorum
1447 3624 1558 3704 quiete.
1603 3623 1645 3687 At

273 3721 467 3802 interpellare
488 3741 544 3803 pro
557 3722 794 3785 aliorumsalute
808 3723 923 3785 illinon
936 3731 1073 3804 possunt,
1097 3725 1148 3804 qui
1172 3723 1210 3786 de
1232 3741 1286 3786 sua
1309 3724 1429 3805 plenam
1451 3723 1643 3786 securitatem

273 3838 333 3882 uon
351 3822 471 3886 babent.
506 3821 595 3894 Quod
617 3823 644 3886 si
665 3824 732 3904 quis
755 3822 877 3903 objiciat
900 3821 1055 3886 formulam
1079 3823 1169 3902 illam,
1193 3823 1231 3886 de
1253 3843 1312 3906 qua
1334 3823 1425 3904 paulo
1447 3821 1643 3886 antedictum

275 3927 330 3998 cst,
353 3922 384 3982 in
407 3939 464 4002 qua
487 3940 544 4001 pro
567 3921 600 3984 B.
624 3922 760 4004 Virgine,
783 3919 1043 4004 Martyribusque,
1066 3931 1097 3985 ot
1118 3925 1231 3986 sanctis
1254 3924 1331 4002 aliis,
1354 3923 1465 3986 similes
1487 3939 1584 4004 prope
1608 3941 1643 3985 ao

272 4036 328 4100 pro
350 4020 474 4101 reliquis
498 4019 646 4084 defunctis
669 4022 822 4084 orationes
845 4030 1020 4100 occurrunt,
1042 4022 1171 4084 videnda
1195 4041 1273 4104 quae
1296 4022 1335 4085 ad
1358 4041 1426 4085 eum
1448 4022 1547 4084 locum
1561 4021 1643 4083 dixi-

273 4137 352 4181 mus:
375 4137 475 4201 nequo
498 4121 570 4182 tanti
594 4127 642 4182 cst
664 4121 749 4182 istius
773 4119 869 4182 Officii
890 4121 985 4184 solius
1009 4124 1163 4201 autoritas,
1188 4129 1221 4185 ut
1243 4141 1310 4184 cum
1333 4121 1469 4184 omnibus
1487 4120 1642 4204 liturgiis

274 4238 351 4301 quae
374 4219 470 4283 simile
492 4220 564 4282 nihil
587 4220 711 4299 babent,
735 4221 834 4302 possit
857 4222 1036 4301 comparari.
1081 4221 1192 4285 Preces
1222 4239 1297 4284 vero
1326 4238 1384 4301 pro
1413 4221 1555 4300 mortuis,
1584 4240 1642 4283 ex-

272 4337 410 4399 pressam
432 4320 543 4382 habent
571 4320 688 4382 illamm
711 4319 850 4398 formam,
881 4338 959 4400 quoe
981 4321 1116 4400 primitus
1139 4321 1168 4382 in
1192 4319 1356 4383 Occidente
1379 4319 1417 4382 ad
1439 4320 1544 4382 altaria
1566 4339 1643 4401 pro-

272 4419 425 4482 nuntiatae
448 4427 529 4496 sunt,
552 4437 716 4501 omnesque
747 4439 788 4482 ex
818 4419 923 4482 eodem
946 4418 1150 4501 limpidissimo
1173 4420 1256 4483 ionte
1280 4418 1461 4483 Traditionis
1483 4420 1641 4482 linxerunt.

272 4518 313 4582 At
334 4537 435 4600 neque
446 4519 543 4582 Latini
565 4525 687 4582 veteres
704 4517 839 4596 Graecis,
863 4537 961 4600 neque
984 4518 1092 4582 Graeci
1114 4519 1226 4582 Latinis
1247 4517 1338 4580 ullam
1360 4517 1398 4582 de
1412 4519 1528 4581 illarum
1544 4519 1642 4600 signi-

272 4615 411 4682 ficatione
433 4618 515 4682 litem
537 4624 704 4697 moverunt,
728 4627 759 4680 et
773 4617 890 4681 eaidem
912 4618 1082 4700 illamapud
1099 4627 1244 4700 utrosque
1263 4617 1357 4682 luisse
1378 4617 1641 4681 verisimillmmum

230 4731 234 4740 ·
272 4725 328 4782 est.
373 4717 420 4779 Ex
448 4717 564 4780 illarum
591 4719 684 4801 igitur
711 4716 837 4798 simplici
859 4717 1071 4803 intelligentia,
1101 4721 1132 4780 in
1154 4718 1278 4782 Oriente
1299 4735 1358 4781 non
1383 4719 1478 4781 minus
1501 4735 1588 4800 quam
1608 4719 1640 4779 in
1675 4800 1678 4806 ,

272 4814 439 4881 Occidente
452 4817 600 4880 creditum
623 4815 686 4896 luit,
710 4815 858 4897 prodesse
880 4821 1005 4881 mortuis
1027 4820 1163 4882 vivorum
1186 4817 1342 4898 suffragia,
1365 4819 1529 4897 orationes,
1552 4817 1639 4881 elee-

273 4933 416 4998 mosynas
438 4918 606 4999 praecipue
629 4934 704 4980 vcro
727 4917 903 4980 sacrificium
916 4918 1133 4996 Eucharistiae,
1156 4916 1214 4980 illis
1237 4923 1336 4978 autem
1357 4919 1408 4997 qui
1429 4919 1469 4980 ita
1490 4918 1640 4980 vixissent

270 5023 303 5078 ut
325 5024 454 5098 possent
477 5015 553 5079 baec
575 5017 640 5097 ipsa
663 5013 721 5078 illis
744 5015 828 5079 utilia
851 5035 921 5080 esse
942 5025 1013 5099 post
1034 5025 1172 5083 mortem.
1214 5015 1322 5097 Neque
1344 5017 1422 5080 enirn
1445 5034 1501 5098 pro
1519 5018 1638 5097 impoe-
