4730 6038
621 1026 687 1117 IN
731 1025 1111 1119 LITURGIAM
1154 1027 1533 1121 stilbouta

966 1236 1196 1324 notit.

486 1489 517 1552 l.
562 1475 679 1557 Sauum
700 1487 978 1582 Marutaeknomine
992 1488 1462 1573 LiturgiamhabentJacobitae,
1487 1511 1564 1572 quae
1586 1493 1666 1556 inter
1689 1493 1763 1558 alias

398 1601 432 1656 ut
457 1593 611 1656 Maronitis
641 1593 782 1676 proprias
813 1600 987 1655 numeratur
1020 1591 1056 1655 ab
1083 1592 1254 1682 Abrahamo
1284 1593 1471 1674 Mobelleusi,
1500 1601 1532 1658 et
1561 1613 1627 1658 eam
1649 1597 1764 1660 idcirco

399 1693 547 1756 edendam
568 1692 611 1754 illi
633 1699 813 1756 curaverunt
835 1693 866 1754 in
887 1691 998 1754 Missali
1019 1691 1132 1756 Romae
1154 1693 1245 1758 edito.
1281 1692 1323 1756 a:
1345 1711 1445 1774 neque
1466 1694 1680 1758 Maronitarum
1701 1697 1765 1760 Ec-

399 1792 510 1856 clesiae
533 1790 733 1856 conveniebat
754 1791 830 1854 haec
852 1790 996 1874 Liturgia‚
1028 1810 1105 1872 quae
1128 1792 1314 1856 Orthodoxis
1336 1795 1439 1876 ignota
1462 1791 1527 1872 fuit,
1550 1795 1608 1857 nisi
1631 1797 1711 1876 quod
1732 1797 1765 1858 in

400 1889 560 1955 Codicibus
583 1891 796 1971 recentissimis
820 1892 898 1954 inter
921 1891 1098 1954 Sanctorum
1125 1893 1281 1954 memorias
1305 1909 1415 1955 nomen
1437 1892 1568 1956 Maronis
1592 1894 1764 1976 adjunctum

400 1999 457 2068 est,
480 1991 560 2072 quod
582 1992 614 2054 in
636 1992 763 2054 vetustis
786 2008 847 2053 non
869 1993 1029 2072 reperitur.
1086 1989 1144 2053 Sed
1168 1989 1218 2052 illa
1239 1993 1365 2054 nominis
1388 1993 1528 2054 insitione
1556 1992 1628 2055 nibil
1656 1993 1764 2074 proie-

399 2099 516 2153 cerunt:
539 2091 598 2154 imo
621 2089 728 2153 eodem
751 2097 928 2172 argumento
950 2077 1152 2153 Jahobitarum
1174 2089 1267 2152 libros
1291 2090 1329 2153 ad
1356 2109 1391 2154 se
1414 2093 1634 2172 imperitissime
1660 2099 1764 2156 trans-

399 2190 504 2254 tulisse
532 2190 763 2271 probaverunt:
786 2207 853 2252 nam
893 2189 1079 2271 praeclarum
1106 2189 1179 2252 illud
1208 2189 1363 2252 Ecclesiae
1394 2191 1493 2253 lumen
1529 2209 1599 2254 cum
1636 2191 1762 2272 Severo,

397 2289 574 2366 Philoxeno,
596 2286 748 2368 Authimo,
771 2288 896 2367 Jacobo,
924 2289 1074 2370 Petroqua
1101 2287 1264 2370 Gnaphaeo
1293 2290 1495 2373 conjungitur.
1539 2290 1577 2352 Et
1601 2291 1682 2372 quod
1704 2291 1763 2352 mi-

396 2391 460 2452 rari
482 2389 554 2453 satis
577 2407 664 2451 nemo
686 2390 799 2469 possit,
828 2389 858 2452 iu
886 2388 1020 2452 Romana
1042 2388 1172 2451 editione
1195 2387 1301 2451 Severi
1329 2388 1449 2470 quidem
1477 2405 1588 2451 nomen
1615 2389 1763 2453 sublatum

397 2499 456 2568 est,
479 2489 535 2552 sed
556 2488 740 2570 reliquorum
763 2497 944 2552 conservata
964 2497 1044 2568 sunt,
1066 2489 1286 2552 haereticorum
1303 2487 1419 2551 scilicet
1433 2488 1583 2555 multoties
1597 2507 1616 2551 a
1631 2488 1762 2570 Synodis

396 2587 590 2672 generalibus
613 2587 827 2651 damnatorum.
872 2589 975 2670 ltaque
997 2587 1132 2650 Marutae
1163 2589 1283 2650 nomine
1304 2587 1459 2650 Jacobitae
1482 2587 1541 2650 boc
1564 2588 1690 2650 officium
1711 2588 1763 2650 in·

397 2688 594 2769 scripserunt,
618 2695 650 2750 ut
672 2687 729 2750 alia
752 2686 916 2768 complura,
939 2686 1107 2751 nominibus
1121 2686 1348 2769 Apostolorum,
1372 2687 1489 2770 Ignatii,
1516 2687 1597 2766 lulli,
1616 2689 1762 2751 Eustathii

396 2794 426 2850 et
448 2787 644 2868 reliquorum,
668 2789 802 2868 quamvis
825 2789 904 2850 inter
925 2787 1082 2850 Ecclesiae
1104 2786 1257 2868 doctores,
1281 2803 1358 2868 quos
1379 2785 1536 2850 Confessio
1560 2787 1762 2851 ab0rdinan-

395 2886 441 2950 dis
464 2888 547 2968 exigi
569 2886 658 2950 solita
680 2894 846 2965 enumerat,
869 2886 984 2949 Maruta
1007 2905 1068 2950 non
1090 2895 1302 2950 recenseatur:
1324 2894 1357 2949 ut
1379 2905 1479 2968 neque
1500 2887 1561 2952 ulla
1584 2887 1650 2970 ejus
1672 2888 1762 2950 testi·
1805 2901 1808 2906 ·

396 2988 496 3050 monia
519 2993 680 3049 occurrunt
702 2988 732 3047 in
755 2986 897 3049 Tractatu
919 2985 957 3049 de
981 2985 1054 3049 Fide
1076 2987 1205 3066 Petrum,
1228 2987 1379 3066 variisque
1403 2984 1614 3050 Collectaneis.

484 3086 552 3148 Fuit
573 3103 646 3148 sane
669 3085 800 3147 celebris
823 3084 990 3160 sanctitate,
1012 3081 1161 3149 miraculis
1188 3095 1219 3149 et
1240 3087 1460 3170 propagatione
1483 3085 1552 3148 fidei
1575 3085 1762 3148 Christianae

398 3183 476 3264 apud
499 3184 606 3247 Persas
629 3185 756 3262 Maruta,
780 3185 860 3246 circa
882 3202 991 3246 annum
1014 3184 1125 3248 Christi
1147 3183 1313 3248 CCCCXll.
1360 3183 1509 3248 Accusata
1533 3202 1611 3264 quae
1634 3183 1672 3244 ad
1694 3183 1761 3264 ejus

397 3283 549 3346 historiam
571 3285 723 3365 pertinent
745 3282 907 3364 explicavit
930 3282 1138 3347 Tillemontius
1156 3303 1196 3345 ex
1219 3285 1344 3348 Socrate
1367 3290 1398 3344 et
1418 3281 1597 3361 sozomeno,
1621 3282 1672 3363 qui
1694 3280 1761 3344 Ma·
1794 3297 1884 3350 mom.
1897 3297 1924 3350 r.
1932 3296 1975 3348 11.
1984 3314 2010 3366 p.
2020 3296 2083 3351 aaa.

399 3391 494 3445 rutam
522 3384 558 3446 ad
589 3383 784 3466 lsdegerdem
808 3384 932 3464 Saporis
961 3381 1062 3460 lilium,
1085 3383 1216 3466 legatum
1245 3403 1261 3444 a
1293 3379 1463 3444 Theodosio
1489 3382 1610 3462 juniore
1639 3382 1760 3442 missum
1774 3392 1797 3435 et
1816 3382 1879 3437 ⁶¹⁰.

399 3481 492 3545 luisse
515 3484 662 3546 scribunt:
691 3483 834 3545 miracula
863 3482 945 3546 illurn
972 3483 1057 3562 plura
1086 3481 1233 3544 edidisse:
1265 3481 1380 3563 Regem
1407 3482 1505 3562 ipsum
1530 3475 1552 3542 ¹a
1582 3481 1761 3562 gravissimo
1810 3469 1928 3536 ΛΜΝ·
1943 3487 1970 3538 a·
1988 3468 2033 3520 ⁹¹·

400 3581 507 3644 dolore
528 3584 633 3664 capitis
655 3601 795 3646 sanasse:
819 3582 911 3644 filium
932 3583 997 3664 ey'us
1021 3600 1038 3644 a
1059 3582 1205 3646 daemone
1227 3580 1396 3644 infestatum
1418 3578 1582 3644 liberasse:
1605 3580 1763 3663 Magorum
1877 3632 1879 3638 ,

398 3690 559 3764 praeterea
581 3683 762 3764 praestigias
784 3681 956 3758 detexisse,
987 3690 1076 3764 atque
1106 3680 1182 3746 adeo
1212 3682 1393 3750 libertatem.
1411 3678 1588 3742 Christianis
1614 3681 1763 3760 integram

399 3781 582 3844 obtinuisse:
606 3780 759 3847 Ecclesias
784 3781 970 3859 aedificasse,
994 3789 1055 3844 tum
1086 3782 1228 3863 reliquias
1251 3781 1416 3862 Martyrum
1443 3781 1492 3860 qui
1514 3777 1570 3842 suh
1594 3778 1709 3858 Sapore
1732 3787 1764 3842 et

399 3879 464 3941 aliis
486 3882 566 3960 passi
591 3879 709 3942 fuerant
731 3882 930 3958 transtulisse,
954 3888 984 3944 et
1007 3882 1036 3944 in
1059 3881 1134 3944 urbe
1150 3901 1227 3964 quae
1248 3881 1362 3944 idcirco
1378 3863 1591 3962 Martyropolis
1615 3877 1693 3938 dicta
1717 3885 1764 3940 est

400 3979 588 4060 deposuisse.
633 3979 715 4040 llaec
738 3979 845 4042 Graeci
868 3981 979 4060 passim
1008 3989 1041 4043 ut
1069 3981 1155 4043 etiam
1178 3981 1285 4057 Latini,
1308 3981 1357 4061 qui
1380 3981 1552 4042 memoriam
1581 3977 1646 4058 ejus
1678 3974 1763 4038 celo·
1810 3985 1907 4037 &aas
1929 3985 1946 4037 t
1972 3988 1997 4038 7.
2018 4003 2039 4037 e.
2058 3986 2085 4040 8.

400 4079 488 4141 brant
509 4077 606 4159 pridie
620 4081 723 4140 'nonas
754 4079 941 4157 Decembris
964 4089 996 4143 ut
1027 4081 1134 4144 Graeci
1162 4081 1192 4142 in
1218 4080 1352 4143 Menaeis
1383 4077 1433 4144 tt.
1463 4077 1630 4141 Februarii.
1681 4074 1800 4141 llaeca·
1819 4071 1882 4123 281.

400 4179 498 4240 omnia
521 4195 598 4260 quae
620 4179 658 4240 de
680 4178 833 4259 legatione
856 4187 887 4243 et
909 4182 1060 4244 miraculis
1087 4180 1222 4243 Merulae
1245 4197 1262 4242 a
1286 4179 1411 4242 Graecis
1439 4178 1552 4259 scripta
1578 4183 1658 4252 sunt,
1679 4175 1786 4238 rele-·

400 4285 507 4341 runtur
529 4297 546 4340 a
568 4278 643 4340 Mari
674 4285 705 4340 et
726 4277 819 4341 Amro
842 4279 1042 4358 Nestorianis,
1064 4281 1096 4343 in
1124 4281 1185 4343 vita
1207 4280 1376 4361 llayumae,
1408 4279 1458 4359 qui
1486 4280 1565 4340 iuter
1593 4275 1765 4340 Catholicos

399 4375 478 4441 XlV.
503 4386 684 4455 numeratur,
708 4385 739 4440 et
761 4377 856 4440 lsaaci
879 4379 943 4461 ejus
965 4382 1162 4444 successoris,
1214 4378 1327 4443 Eadem
1349 4379 1439 4442 habet
1461 4384 1548 4439 autor
1570 4395 1630 4439 non
1652 4393 1765 4456 suspe-

400 4483 465 4539 ctus
488 4477 646 4539 Zacharias
669 4478 701 4542 F.
732 4477 890 4540 Muhamed
918 4467 1113 4543 llaziiinensis
1142 4483 1173 4543 in
1201 4499 1295 4562 opere
1323 4476 1403 4561 quod
1432 4475 1594 4559 appellavit
1614 4476 1766 4538 Miraculo

398 4577 561 4656 regionum.
606 4577 746 4659 Loquens
770 4577 850 4639 enim
873 4576 910 4639 de
944 4580 1018 4642 urbe
1042 4575 1229 4658 Mialarelrim
1253 4581 1294 4642 ait
1316 4578 1395 4641 illam
1418 4594 1434 4639 a
1457 4577 1573 4639 Maruta
1603 4574 1764 4656 conditam,

402 4693 469 4736 com
490 4672 661 4738 facultatem
684 4695 699 4738 a
722 4677 808 4760 Rege
831 4677 990 4740 Persarum
1013 4679 1177 4763 isdegerde
1200 4679 1260 4742 filio
1278 4678 1400 4758 Saporis
1414 4675 1555 4738 Dulactaf
1575 4675 1764 4749 obtinuisset,

400 4781 559 4856 postquam
582 4775 670 4838 filiam
694 4777 759 4858 ejus
783 4795 799 4838 a
822 4779 927 4840 morbo
950 4779 1105 4842 incurabili
1128 4797 1230 4842 sanam
1252 4777 1464 4860 praestitisset.
1505 4775 1570 4838 Illic
1592 4791 1663 4838 ossa
1685 4773 1764 4836 mul-

401 4880 499 4935 torum
509 4873 673 4956 Martyrum
696 4895 772 4957 quae
797 4878 827 4938 in
849 4877 972 4941 Perside
994 4879 1158 4961 collegerat
1180 4879 1373 4959 deposuisse:
1396 4885 1486 4957 atque
1504 4875 1617 4938 idcirco
1635 4892 1764 4938 vocasse

401 4970 498 5049 illam,
531 4975 636 5036 urbem
664 4975 831 5058 Mortymm
858 4976 917 5040 hoc
945 4987 992 5040 est
1024 4978 1252 5062 Martyropolin.
1297 4975 1373 5040 lllud
1401 4976 1498 5040 solum
1526 4973 1759 5054 observandum,

400 5073 481 5152 quod
504 5082 590 5137 autor
612 5082 645 5136 ut
667 5075 909 5156 Muhamedanus,
932 5094 1034 5141 rerum
1057 5078 1290 5142 Christianarum
1311 5076 1391 5140 haud
1412 5076 1486 5141 satis
1508 5076 1634 5157 peritus,
1657 5073 1762 5137 Maru-

1478 5177 1555 5255 37*
