4728 6028
659 611 731 685 102
1031 611 1648 690 OBSERVATIONES

333 807 399 850 caan
415 813 486 851 ruam
510 812 643 852 conmen-
655 795 774 860 Arabes
796 795 1010 874 Βαναάαειιηι,
1033 796 1100 858 sive
1123 793 1328 875 Baradntum,
1358 798 1408 876 qui
1438 814 1505 858 cum
1527 796 1611 876 aliis,
1642 795 1920 880 blonopbysitarum
1948 799 2026 864 hae·

334 884 396 936 ⁶⁸¹⁰
412 885 552 938 varianae
569 893 615 940 ⁰⁸⁸*
655 898 747 959 resim
768 914 825 978 per
846 903 940 958 totum
963 895 1118 958 Orientem
1140 894 1355 975 disseminavit,
1379 904 1410 958 et
1431 895 1576 977 plurimos
1599 905 1661 960 tota
1683 896 1772 978 Syria
1794 906 1826 960 et
1847 899 2025 981 blesopota-

656 997 713 1060 mia
735 997 929 1078 praesertim,
952 995 1134 1076 Episcopus,
1158 994 1339 1058 Sacerdotes
1362 1003 1392 1058 et
1414 995 1566 1058 Diaconos
1589 997 1748 1060 ordinavit
1792 996 1833 1060 At
1861 997 1937 1062 haec
1964 999 2025 1062 de-

385 1093 448 1144 1¹³¹·
471 1091 542 1144 Pur
568 1089 642 1146 Ala.
655 1097 817 1160 nominatio
838 1095 896 1157 illis
919 1113 980 1157 non
993 1092 1118 1175 placuit:
1140 1112 1219 1170 nam,
1241 1102 1275 1155 nt
1286 1113 1326 1156 ex
1338 1093 1452 1176 aliquot
1466 1095 1618 1158 Historiae
1632 1096 1871 1160 Patriarcbarum
1885 1096 2024 1163 Alexan-

348 1160 616 1248 9113133113
655 1195 809 1258 drinorum
831 1195 907 1257 locis
929 1193 1112 1276 colligimus,
1137 1193 1360 1256 Theodosiauos
1381 1213 1416 1258 se
1438 1196 1469 1256 in
1490 1195 1635 1277 Aegypto
1659 1195 1824 1258 vocabant:
1854 1198 1940 1277 quasi
1969 1217 2025 1260 re-

655 1295 775 1378 ligionis
809 1313 826 1356 a
855 1292 1067 1356 Theodosio
1054 1293 1194 1373 ynniore,
1230 1291 1285 1355 sub
1322 1311 1383 1373 quo
1413 1294 1598 1375 Ephesinum
1627 1295 1796 1359 Concilium
1825 1305 2023 1378 convenerat,

542 1385 543 1390 ’
654 1401 864 1476 propugnatne
893 1392 1082 1455 defensores.
1128 1391 1171 1454 lta
1194 1392 1272 1453 enim
1295 1391 1408 1473 aliquot
1429 1395 1563 1456 Antores
1575 1393 1731 1457 lacobrtae
1754 1395 1952 1476 scripserunt,
1974 1395 2024 1457 lsa

654 1493 732 1558 hlius
755 1495 880 1571 Zamae,
904 1491 1099 1569 Ebnassalus,
1122 1491 1293 1554 Elmaoinus
1317 1499 1348 1554 et
1370 1492 1420 1554 alii
1442 1493 1591 1572 nonnulli,
1623 1513 1690 1556 cum
1712 1494 1741 1556 id
1774 1511 1963 1577 cognomen,
1996 1495 2025 1556 si

655 1592 814 1674 aliquando
837 1591 1020 1667 babuerunt,
1044 1590 1184 1653 duxerint
1206 1609 1223 1652 a
1246 1590 1436 1670 Theodosio,
1465 1594 1515 1674 qui
1538 1591 1670 1658 XXXlll.
1713 1592 1886 1656 Patriarcha
1915 1597 2024 1656 nume-'

654 1701 754 1771 ratur,
778 1691 924 1755 Timothei
946 1690 1053 1753 Aeluri
1080 1707 1279 1766 successore,
1316 1692 1427 1772 quique
1448 1693 1527 1754 inter
1549 1693 1702 1774 principes
1723 1688 1782 1776 τῆς
1804 1682 2023 1778 δεκακεράτου

656 1781 834 1877 ὀρχήστρας
857 1791 991 1853 utillum
1017 1797 1123 1865 vocat,
1157 1797 1336 1852 recensetur
1365 1790 1401 1851 ab
1433 1790 1593 1855 Anastasio
1622 1791 1829 1868 Antiocheno,
1860 1801 1890 1855 et
1916 1810 1934 1853 a
1963 1809 2023 1873 quo

656 1892 901 1970 Theudosianas,
924 1891 1202 1973 lllonophysitarum
1224 1891 1357 1971 aliquos,
1391 1907 1499 1952 nomen
1529 1890 1687 1970 habuisse,
1716 1890 1858 1953 scribitur
1887 1893 1917 1953 in
1945 1891 2023 1954 libro

656 1993 694 2055 de
717 1991 900 2054 Haeresibus
923 2009 940 2054 a
963 1991 1116 2056 cotelerio
1140 1990 1232 2053 edito.
1276 1989 1320 2052 lta
1342 2007 1452 2052 nomen
1483 1989 1756 2052 Theodosianorum
1783 1990 1821 2052 ad
1850 1989 2023 2074 Aegyptios

367 2093 443 2148 Anat
462 2087 506 2148 de.
526 2095 552 2147 T·
575 2097 599 2147 ¹·
616 2094 738 2166 psolos
762 2090 949 2172 pertinebat,
972 2099 1002 2152 et
1026 2089 1259 2152 severianorum
1282 2089 1319 2151 ad
1341 2087 1548 2152 Antiochenos
1563 2088 1667 2169 Syros.
1704 2088 1838 2152 Tandem
1851 2109 1916 2152 oum
1929 2107 2025 2170 prae-

333 2180 398 2238 303·
655 2191 801 2255 valuisset
823 2191 934 2272 ubique
956 2189 1158 2252 lacobitarum
1181 2189 1416 2270 cognominatio:
1440 2206 1500 2269 quo
1523 2189 1666 2269 majorem
1688 2187 1744 2250 sibi
1758 2188 1933 2272 dignitatem
1946 2208 2024 2253 con-

655 2291 806 2369 ciliarent,
829 2307 847 2350 a
868 2289 983 2354 Jacobo
1005 2288 1100 2350 iratre
1127 2287 1260 2366 Domini,
1291 2289 1376 2369 quasi
1403 2288 1539 2350 traditam
1568 2288 1605 2349 ab
1636 2307 1674 2351 eo
1705 2287 1792 2350 iidem
1819 2291 2023 2369 incorruptam

655 2390 879 2468 servavissent,
902 2390 943 2450 ita
966 2407 1000 2451 se
1024 2389 1192 2469 appellatos
1215 2387 1309 2450 luisse
1332 2389 1541 2468 jactaverunt,
1575 2387 1656 2469 quod
1687 2395 1809 2468 praeter
1837 2386 1906 2451 illos
1934 2408 2023 2452 nemo

654 2489 817 2552 memoriae
846 2488 984 2568 prodidit.
1028 2488 1102 2550 Eam
1130 2504 1205 2549 vero
1236 2489 1362 2550 maxime
1393 2487 1579 2568 probabilem
1613 2505 1733 2549 causam
1763 2506 1832 2550 esse
1864 2487 2023 2551 additionis

654 2588 714 2651 hoo
743 2587 812 2651 loco
836 2587 990 2668 liturgiae
1020 2605 1037 2648 a
1065 2586 1138 2650 solis
1166 2584 1310 2649 Jacobitis
1341 2585 1456 2663 iactae,
1485 2605 1544 2649 non
1569 2593 1684 2650 temere
1715 2588 1900 2668 conjicimus.
1946 2587 2022 2650 blira

654 2689 734 2750 enim
757 2695 803 2748 est
830 2686 948 2750 illorum
977 2686 1015 2748 de
1043 2703 1194 2748 consensu
1222 2693 1358 2749 veterum
1392 2686 1511 2749 Petrum
1540 2704 1644 2749 secum
1674 2687 1834 2769 jactantia,
1861 2705 1898 2749 eo
1928 2689 2024 2769 major

654 2786 735 2868 quod
758 2805 775 2848 a
798 2787 869 2847 viris
892 2803 952 2848 non
975 2785 1120 2863 indoctis,
1144 2785 1250 2866 quales
1273 2786 1351 2866 apud
1375 2804 1429 2849 eos
1452 2786 1535 2848 multi
1557 2785 1678 2849 luerunt
1693 2786 1866 2848 iniectione
1889 2789 2023 2868 scripto-

653 2905 720 2950 rum
742 2887 930 2968 antiquorum
952 2886 1167 2962 versatissimi,
1189 2886 1273 2948 varia
1296 2905 1336 2948 ex
1357 2885 1415 2948 illis
1439 2887 1607 2949 testimonia
1632 2886 1758 2948 collecta
1773 2893 1851 2960 sunt,
1874 2905 2021 2967 praeser-

384 1853 448 1904 Hr'st.
470 1850 543 1906 Patr.
566 1853 641 1907 Ata.

343 1958 370 2009 p.
390 1937 451 1990 139.

653 2987 705 3048 tim
728 3005 768 3048 ex
790 2986 895 3049 Severi
916 2983 1098 3046 Antioohcni
1120 2985 1171 3064 qui
1193 2971 1491 3071 πολυγραφώτατος
1514 2985 1567 3048 luit
1597 2986 1755 3068 operibus,
1790 3004 1868 3066 quac
1898 2987 2023 3067 Syriaca

655 3083 764 3146 dudum
787 3092 818 3146 et
839 3082 970 3146 Arabiae
994 3099 1159 3159 conversa,
1189 3082 1257 3144 illos
1285 3084 1314 3145 in
1344 3086 1485 3165 opinione
1518 3103 1573 3148 sua
1601 3085 1786 3148 confirmant.
1832 3085 1906 3147 Sunt
1935 3086 2023 3168 hujus

655 3185 779 3266 generis
803 3181 997 3247 Collectanea
1020 3181 1126 3259 multa,
1150 3183 1345 3263 praecipuum
1367 3201 1442 3247 vcro
1465 3184 1563 3248 locum
1592 3185 1670 3266 apud
1700 3202 1755 3247 eos
1786 3183 1917 3261 obtinet,
1946 3185 2024 3248 liber

655 3284 769 3360 dictus,
792 3283 882 3344 Fides
903 3282 1046 3361 Puteum,
1070 3282 1121 3363 qui
1144 3288 1224 3343 totus
1247 3284 1424 3346 testimoniis
1447 3283 1615 3366 hujusmodi
1645 3292 1805 3347 contextus
1835 3293 1892 3348 est.
1938 3284 2023 3348 Con-

652 3385 800 3465 jecturam
823 3389 922 3444 autem
944 3379 1042 3457 illam,
1065 3389 1179 3443 certam
1201 3379 1289 3458 lacit,
1312 3383 1341 3444 id
1363 3383 1443 3465 quod
1468 3384 1578 3467 legitur
1601 3387 1631 3447 in
1653 3383 1869 3446 Exhortatione
1900 3383 1937 3445 ad
1960 3384 2024 3448 Or-

657 3482 821 3558 dinandos,
843 3479 1023 3543 Pontihoalis
1045 3479 1192 3558 Medicei,
1216 3481 1245 3542 in
1268 3499 1326 3562 qua
1348 3483 1501 3562 prolessio
1524 3483 1592 3545 hdei
1622 3484 1661 3546 de
1690 3483 1834 3546 Trinitate
1865 3491 1896 3546 et
1917 3484 2024 3547 lncar-

656 3583 785 3644 nationis
809 3580 954 3662 mysterio
976 3579 1139 3643 secundum
1159 3581 1361 3642 lacebitarum
1384 3584 1569 3662 opinionem,
1593 3584 1668 3664 ipsis
1689 3582 1886 3666 praelegitur.
1932 3583 1964 3645 ln
1987 3603 2025 3648 ea

657 3682 842 3754 continetur,
872 3680 954 3762 exigi
977 3680 1015 3742 ab
1045 3678 1226 3742 ordinandis
1255 3689 1289 3742 at
1316 3682 1484 3760 suscipiant
1512 3685 1614 3744 amaia
1641 3703 1718 3763 puae
1745 3684 1869 3762 definito
1897 3693 1967 3745 sunt
1991 3686 2025 3746 ira

656 3781 787 3863 Syrwdis
808 3779 963 3856 Nicaeae,
988 3777 1332 3859 Constantinopolitano,
1354 3789 1384 3842 et
1404 3781 1574 3861 Ephesiae:
1603 3784 1828 3863 doctrinamque
1849 3803 1953 3845 corum
1975 3787 2027 3865 qui

653 3881 777 3959 fidem'
764 3899 796 3940 au
817 3879 877 3940 illis
898 3879 1029 3961 Synodis
1047 3881 1269 3958 promulgatam
1288 3891 1562 3961 propugnaret-unt,
1586 3891 1615 3944 el
1632 3883 1765 3962 posteris
1784 3885 2024 3959 transmiserunt,

656 3977 696 4038 ab
717 3977 929 4056 Apostolorum
951 3987 1083 4058 tempore
1104 3979 1148 4040 ad
1167 3979 1247 4040 hauc
1267 3997 1361 4058 usquc
1382 3982 1479 4043 diem:
1498 3985 1664 4062 praecmue
1685 3983 1786 4043 sancti
1805 3980 1919 4093 Jacobi
1938 3981 2025 4062 Apo-

656 4077 727 4138 stoli
746 4076 820 4152 Dei,
842 4076 989 4158 Episcopi
1009 4084 1038 4139 et
1058 4077 1204 4160 Martyris
1225 4077 1372 4142 ueritatis.

386 4180 457 4242 ooo:
488 4179 549 4232 fidet
581 4195 643 4232 suae
745 4173 819 4237 Cum
842 4194 917 4238 vero
940 4193 1000 4239 non
1023 4176 1126 4248 inutile
1149 4179 1198 4254 sit,
1221 4176 1301 4238 scire
1324 4195 1401 4257 quos
1425 4176 1592 4240 traditionis
1615 4197 1688 4242 suae
1711 4187 1832 4242 autores
1862 4195 1931 4242 esse
1954 4180 2024 4241 exi-

353 4268 472 4320 accures
506 4274 789 4351 ¹8³⁰³⁰²¹¹lstimenh
811 4275 1038 4339 recensebimus
1061 4295 1100 4338 ex
1122 4275 1228 4338 eadem
1250 4275 1467 4339 Exhortatione
1491 4277 1609 4340 illorum
1632 4279 1760 4342 nomina.
1805 4278 1915 4355 Linus,
1937 4276 2024 4340 Ana-

351 4351 490 4409 111111111·
658 4373 765 4452 cletus,
790 4373 940 4453 Clemens,
962 4375 1088 4438 Romani
1110 4375 1269 4457 Episcopi:
1293 4377 1466 4440 Timotheus
1488 4377 1615 4458 Ephesi:
1640 4377 1723 4441 Titus
1740 4377 1866 4440 Cretae:
1889 4377 2022 4461 ignatius

657 4472 853 4535 Antiochiae:
877 4473 1064 4556 Polycarpus
1089 4476 1250 4556 Smyrnae:
1273 4475 1435 4558 Dionysius
1464 4477 1664 4541 Athenarum:
1693 4477 1887 4559 Hippolytus,
1915 4476 2023 4558 Julius,

657 4572 827 4650 Anatolius,
851 4573 1113 4654 utvulgodicunt,
1137 4573 1264 4637 Romae:
1287 4575 1402 4653 Petnrs,
1428 4574 1613 4655 Alexander,
1636 4576 1778 4651 Achillas,
1799 4576 2023 4641 Alexandriae:

657 4669 823 4755 Gregorius
846 4672 1095 4737 Neocaesareae:
1117 4673 1244 4737 basilius
1268 4674 1453 4738 Caesareae:
1478 4675 1645 4756 Gregorius
1669 4675 1844 4760 'Theologus
1865 4676 2024 4739 Nazianzi:

657 4770 825 4853 Gregorius
848 4770 986 4852 Nyssae:
1010 4773 1174 4855 Dionysius
1197 4772 1415 4836 Alexandriae:
1439 4773 1611 4838 Eustathius
1634 4773 1829 4838 Antiochiae:
1855 4774 2025 4849 Nectarius,

655 4868 805 4948 loannes,
830 4869 1151 4953 Constantinopoleos:
1178 4873 1378 4954 Theophilus,
1408 4873 1595 4950 Timotheus,
1622 4873 1842 4938 Alexandriae:
1865 4873 2025 4954 Amphilo-

657 4970 741 5032 chius
764 4969 874 5032 lconii:
898 4969 1068 5050 Cyprianus
1093 4971 1299 5056 Carthaginis:
1323 4971 1453 5056 Cyrillus
1476 4972 1701 5036 Alexandriae:
1724 4974 1848 5037 Procius
1872 4972 2024 5037 Constan-

657 5064 844 5150 tinopoleos:
873 5069 1039 5133 Dioscorus
1062 5070 1281 5136 Alexandriae:
1312 5071 1497 5155 Epiphanius
1520 5071 1630 5155 Cypri:
1661 5072 1835 5137 Theodotus
1864 5074 2023 5154 Ancyrae:
