4814 6060
554 569 1538 673 ronnrrrrrruruucnnn,u.
1675 577 1749 652 515

478 767 654 838 Sacerdos
692 766 884 838 inclinatus.
922 765 1112 844 ,Memento
1147 765 1290 838 Domine
1321 767 1450 838 Mariae
1482 769 1654 859 genitricis
1685 764 1750 836 Dei

375 904 509 978 semper
534 882 704 974 Virginis,
731 882 871 954 loannis
897 882 1086 978 Baptistae,
1112 881 1354 977 Apostolorum
1381 895 1591 971 sanctorum,
1626 880 1750 955 Evan-

374 997 453 1090 gelii
482 987 766 1086 annuntiatorum,
794 1001 1003 1092 omniumque
1030 995 1288 1092 Prophetarum,
1316 997 1519 1089 videntium,
1551 1004 1681 1095 piorum
1715 1013 1751 1074 et

371 1118 550 1207 justorum:
579 1115 685 1184 saneti
712 1112 888 1207 Stephani,
916 1112 1119 1207 hlartyrum,
1152 1111 1412 1201 Coniessorum,
1446 1127 1479 1188 et
1511 1119 1656 1188 omnium
1692 1120 1747 1210 qui

374 1211 570 1324 placuerunt
597 1226 760 1299 voluntati
787 1240 882 1318 tuae,
911 1227 952 1300 ab
980 1227 1112 1302 Adamo
1142 1228 1182 1298 ad
1210 1228 1294 1299 hano
1320 1250 1427 1334 usque
1455 1217 1550 1302 diem.

478 1345 629 1416 Elccoos
667 1365 792 1418 uocem.
853 1344 1091 1441 Prophetarum
1137 1348 1191 1440 qui
1230 1356 1494 1440 penetraverunt
1536 1345 1748 1436 abscondita;

374 1460 555 1531 videntium
583 1461 638 1554 qui
665 1459 771 1531 lutura
799 1461 1085 1552 significaverunt:
1113 1461 1355 1556 Apostolorum
1384 1464 1438 1556 qui
1455 1463 1616 1535 veritates
1641 1486 1748 1558 prae-

375 1576 586 1647 dicaverunt:
615 1579 669 1670 qui
696 1578 931 1672 mysteriorum
958 1580 1157 1672 interpretes
1185 1587 1218 1648 et
1248 1576 1467 1650 illustratores
1502 1599 1613 1650 rerum
1646 1577 1748 1650 abdi-

374 1702 478 1762 tarum
505 1689 652 1762 luerunt:
679 1691 904 1786 perfectorum
931 1697 986 1787 qui
1012 1695 1101 1763 viam
1128 1695 1311 1766 sanctitatis
1339 1691 1487 1766 sublimis
1515 1692 1746 1767 calcaverunt:

373 1807 557 1902 Martyrum
586 1817 619 1878 et
646 1805 888 1879 Confessorum
916 1812 970 1902 qui
997 1808 1183 1881 effuderunt
1210 1831 1283 1880 eum
1302 1809 1425 1900 gaudio
1441 1814 1634 1902 sanguinem
1652 1832 1747 1882 suum

372 1945 434 2018 pro
462 1944 577 1995 amore
605 1933 677 1996 tuo:
703 1923 910 1996 Athletarum
938 1922 1165 2015 gloriosorum
1192 1927 1247 2018 qui
1275 1924 1477 1997 tradiderunt
1507 1929 1577 2018 igni
1604 1948 1747 2022 corpora

373 2062 455 2129 sua,
481 2041 651 2134 variisque
679 2039 913 2135 suppliciorum
941 2039 1121 2132 generibus
1149 2050 1287 2136 propter
1313 2063 1433 2114 nomen
1461 2051 1551 2114 tuum
1578 2053 1746 2116 sanctum:

374 2155 595 2228 solitariorum
623 2165 657 2226 et
682 2155 939 2248 religiosorum,
965 2155 1163 2248 lugentium,
1199 2156 1384 2252 stylitarum
1419 2181 1535 2230 eorum
1573 2162 1627 2254 qui
1661 2181 1747 2253 per-

361 2280 504 2367 ·petuam
540 2274 766 2364 virginitatem
802 2270 992 2361 coluerunt,
1027 2275 1082 2367 qui
1117 2271 1238 2343 mundo
1270 2294 1361 2344 vano
1399 2282 1434 2344 et
1469 2278 1757 2370 concupiscentiis·

304 2402 319 2417 ‘
374 2392 446 2480 ejus
473 2392 724 2476 renunciantes,
763 2399 980 2460 cucurrerunt
1005 2399 1083 2482 post
1108 2387 1329 2480 Evangelium
1364 2385 1485 2461 Christi
1514 2393 1568 2461 tui.
1620 2387 1747 2462 Eorum

371 2514 538 2577 memento
565 2505 724 2576 Domine:
752 2513 786 2576 et
811 2526 873 2576 nos
902 2526 1034 2599 quoque
1061 2527 1123 2600 per
1157 2502 1409 2577 obsecrationes
1442 2528 1558 2577 eorum
1595 2504 1747 2577 exaudiri

373 2619 510 2712 dignas,
539 2621 697 2693 confirma
725 2630 759 2691 et
790 2619 921 2712 adjuva.
973 2622 1114 2692 Animas
1150 2643 1283 2715 quoque
1315 2630 1448 2693 nostras
1481 2618 1653 2710 imbelles,
1685 2643 1747 2716 per

373 2737 629 2808 aemulationem
656 2759 772 2809 eorum
798 2736 969 2825 confirma,
997 2745 1030 2807 ct
1055 2740 1141 2809 inter
1167 2741 1301 2829 agmina
1324 2735 1519 2811 dilectorum
1546 2743 1685 2824 tuorum,
1714 2748 1748 2812 et

372 2851 507 2923 ordines
535 2863 725 2925 sanctorum
753 2861 902 2941 tuorum,
928 2874 991 2925 nos
1019 2874 1136 2925 omnes
1164 2857 1344 2940 constitue,
1372 2862 1407 2922 ut
1434 2856 1573 2923 cumeis
1602 2863 1635 2923 et
1661 2857 1747 2924 inter

372 2988 432 3040 eos
458 2966 644 3040 referamus
672 2966 729 3039 tibi
756 2967 917 3060 gloriam,
945 2979 1008 3039 etc.

474 3083 635 3176 Populus.
687 3084 809 3155 Amen.

477 3197 651 3270 Sacerdos
683 3199 874 3271 inclinatos.
926 3187 1094 3272 Memento
1123 3203 1223 3271 etiam
1249 3200 1393 3270 Domine
1427 3203 1570 3271 omnium
1597 3201 1745 3291 Patrum,

369 3315 573 3405 Antistitum,
600 3314 850 3410 Doctorumque
870 3315 1153 3404 Orthodoxorum,
1179 3316 1360 3410 praecipue
1388 3337 1473 3387 vero
1496 3315 1627 3407 lgnatii,
1653 3313 1745 3388 Dio·
1827 3371 1831 3384 .

369 3433 471 3526 nysii,
497 3429 683 3519 Athanasii,
710 3431 841 3516 Basilii,
870 3430 1045 3524 Gregorii,
1073 3431 1210 3518 Severi,
1239 3428 1375 3526 Cyrilli,
1401 3429 1587 3526 Ephraem,
1614 3430 1744 3520 lacobi,

369 3546 639 3641 reliquorumque
666 3550 720 3641 qui
748 3550 892 3640 vestigia
920 3547 1050 3620 illorum
1078 3549 1183 3619 secuti
1211 3556 1295 3619 sunt.

476 3661 637 3754 Populos.
690 3661 796 3758 llprie
824 3663 961 3737 eleison.

473 3777 649 3849 Sacerdos
676 3778 813 3848 cleooos
839 3797 964 3850 vocem.
1017 3781 1208 3851 Antistitum
1237 3798 1369 3870 quoque
1397 3785 1429 3847 et
1453 3775 1627 3848 Pastorum
1656 3798 1745 3872 pro-

369 3891 541 3984 batorum,
572 3894 753 3966 Doctorum
783 3894 1054 3968 Orthodoxorum
1083 3896 1138 3989 qui
1166 3918 1186 3965 a
1213 3893 1337 3988 Spiritu
1365 3903 1421 3964 tuo
1450 3902 1567 3963 sancto
1594 3895 1745 3991 inspirati

369 4019 460 4081 sunt:
488 4032 603 4081 eorum
632 4012 745 4104 quiin
773 4010 869 4083 coelo
897 4009 1038 4082 cubiculi
1065 4008 1225 4106 splendidi
1254 4029 1398 4103 sponsae
1426 4006 1648 4079 aSalomone
1676 4008 1743 4080 de-

370 4129 535 4218 signatae,
563 4129 678 4221 sponsi
706 4126 862 4198 coelestis
889 4130 1048 4219 unigeniti
1074 4125 1148 4197 Filii
1176 4128 1221 4197 tui
1255 4136 1408 4218 tanquam
1445 4121 1562 4195 stellae
1594 4121 1743 4216 fulgidae

370 4243 493 4327 exorti,
522 4242 758 4336 splenduerunt
784 4245 901 4314 mirum
927 4246 961 4314 in
988 4242 1138 4315 modum:
1167 4264 1281 4313 eorum
1311 4242 1364 4334 qui
1391 4239 1464 4312 sole
1487 4240 1654 4329 justitiae,
1687 4242 1744 4334 qui

368 4356 479 4428 radios
507 4368 663 4433 aeternus
692 4381 712 4430 e
740 4361 813 4432 sinu
841 4369 896 4432 tuo
923 4358 1013 4432 nullo
1034 4370 1187 4454 tempore
1210 4357 1480 4451 circumscriptus
1500 4353 1635 4450 prodiit,
1661 4355 1743 4428 illu-

369 4475 502 4560 minati,
538 4473 636 4546 sirnul
668 4478 766 4546 etiam
799 4477 899 4547 rectis
935 4475 1094 4548 doctrinis
1131 4479 1219 4564 suis,
1252 4484 1355 4546 totum
1388 4471 1505 4543 orbem
1531 4468 1743 4546 habitabilem

261 4659 270 4676 ,
368 4586 636 4680 illustraverunt,
664 4594 719 4684 qui
739 4590 841 4663 radiis
860 4591 1042 4687 splendidis
1062 4587 1271 4682 Theologiae
1293 4611 1375 4661 suae
1390 4584 1608 4658 Orthodoxae
1627 4611 1743 4662 omnes

368 4713 487 4796 gentes
515 4705 658 4797 caligine
685 4710 811 4781 erroris
838 4707 1070 4798 circumfusas,
1097 4708 1138 4779 ad
1166 4707 1275 4779 lucem
1301 4703 1527 4790 deduxemnt,
1549 4701 1609 4796 lpui
1635 4712 1744 4776 turres

372 4813 617 4908 ⁸cataninccs,
646 4832 680 4893 et
707 4822 855 4896 aedificia
882 4823 980 4896 stulte
1007 4824 1179 4918 designata
1207 4824 1351 4894 omnium
1377 4817 1563 4889 haereseon
1591 4817 1753 4923 deliran-¹

368 4936 447 5008 tium
483 4937 718 5008 destruxerunt
754 4950 787 5010 et
822 4951 1032 5029 everterunt,
1068 4963 1129 5035 per
1164 4958 1311 5031 aggeres
1347 4935 1537 5026 dogmatum
1574 4938 1742 5009 veritatis:

370 5051 434 5137 oui
461 5051 642 5124 hauserunt
668 5075 786 5148 aquam
813 5077 859 5127 cx
885 5054 1014 5127 liuentis
1042 5054 1187 5151 paradisi
1215 5065 1249 5126 et
1269 5048 1504 5146 EvangeliciS,
1534 5059 1632 5144 atque
1660 5053 1742 5120 irri-

415 5189 502 5234 romos
523 5192 549 5232 u.
1485 5167 1534 5241 68
