4712 6032
693 706 819 785 NOTAE
845 709 885 786 lll
910 707 1116 784 LlTllllGlmll
1143 707 1173 784 S.
1200 705 1372 784 tultus.
1642 707 1719 780 259

454 896 615 989 Populos.
669 895 788 966 Amen.

453 1009 638 1082 Sacerdos.
690 1009 773 1080 Pax.

453 1127 613 1222 Populus.
666 1125 821 1215 Etcum,
849 1136 911 1198 etc.

451 1243 637 1314 Diaconos.
689 1243 809 1313 lterum
838 1251 936 1336 atque
963 1245 1088 1313 iterum.

451 1359 635 1431 Sacerdos.
688 1359 770 1430 lesu
797 1354 928 1430 Christe
954 1356 1046 1428 Deus
1074 1367 1201 1446 noster,
1229 1359 1283 1453 qui
1310 1380 1370 1453 par
1397 1355 1600 1432 voluntatem
1618 1371 1715 1447 mam,

349 1487 383 1548 et
408 1476 516 1558 Patris
544 1479 605 1563 tui,
638 1483 672 1545 ct
704 1473 846 1569 Spiritus
882 1476 1060 1545 misenati
1090 1472 1276 1568 pronubis
1304 1473 1490 1546 immolatus
1518 1497 1575 1565 es,
1603 1486 1636 1547 et
1662 1479 1718 1546 ci·-

348 1588 435 1663 basti
470 1613 535 1663 nos
566 1612 711 1685 corpore
744 1600 799 1661 tuo
839 1591 939 1678 vivo,
973 1599 1006 1660 et
1038 1592 1200 1681 sanguine
1232 1599 1288 1661 tuo
1329 1593 1562 1684 propitiatorio
1596 1595 1717 1686 potasti

348 1729 425 1794 nos,
453 1706 612 1778 confirma
644 1728 708 1778 nos
734 1708 767 1776 in
800 1709 937 1778 caritate
965 1713 1037 1777 tua:
1073 1705 1173 1802 imple
1204 1728 1266 1777 nos
1299 1709 1418 1778 timore
1449 1717 1523 1779 tuo:
1556 1705 1656 1780 funda
1683 1711 1717 1779 iu

347 1822 444 1896 nohis
471 1822 568 1894 tidem
596 1832 699 1894 tuam:
727 1844 808 1894 orna
835 1842 899 1894 nos
926 1819 1016 1893 vitae
1042 1824 1171 1893 ratione
1203 1820 1410 1917 inculpabili,
1438 1833 1472 1894 et
1499 1822 1621 1895 dimitte
1649 1822 1715 1894 de·
1842 1909 1845 1923 y

325 1937 424 2012 ⁴licta
450 1949 565 2011 nostra
591 1936 898 2033 defunctorumque,
924 1947 960 2009 ut
986 1949 1146 2033 perpetuo
1174 1947 1207 2009 et
1242 1941 1329 2010 omni
1364 1949 1512 2034 tempore
1539 1941 1714 2034 glorifice-

348 2077 421 2128 mus
447 2065 494 2142 ιθ,
521 2064 555 2126 et
579 2055 712 2126 Patrem
739 2064 838 2140 tuum,
868 2062 902 2124 et
927 2053 1084 2149 Spiritum
1110 2065 1198 2126 tuum
1225 2063 1384 2142 sanctum,
1412 2077 1508 2128 nunc.

451 2169 611 2263 Poprdus.
664 2169 783 2241 Amen.

450 2270 636 2360 Diaconos.
689 2284 836 2357 Benedic
861 2285 1016 2372 Domine,
1044 2294 1106 2356 etc.

451 2403 635 2474 Sacerdos.
688 2401 835 2473 Benedic
862 2400 1023 2474 omnihus.

450 2519 637 2592 Diaconos.
690 2516 890 2589 Benedicam
917 2515 1104 2588 Dominum.

709 2890 1348 2940 Amo&—

741 3329 823 3448 tn
873 3245 1382 3448 aspostoli

443 3503 1606 3670 sonunrsounrsosronrtt

943 3785 1115 3869 llll'l'ss.

434 4030 462 4095 l.
491 4017 623 4096 Taunus
652 4029 740 4114 hujus
769 4031 939 4115 Liturgiae,
969 4038 1001 4092 ut
1031 4030 1080 4092 alii
1114 4028 1267 4110 plerique,
1300 4025 1336 4088 ad
1367 4026 1581 4089 conciliandam
1612 4027 1641 4088 ei
1671 4045 1711 4088 ex

344 4133 468 4198 loannis
485 4133 692 4216 Chrysostomi
709 4135 828 4196 nomine
850 4133 1024 4216 dignitatem
1046 4134 1188 4196 momenti
1210 4129 1319 4193 nullius
1343 4138 1398 4204 est,
1423 4148 1489 4191 cum
1512 4137 1544 4192 ut
1559 4132 1710 4212 superior,

345 4251 383 4296 ne
407 4234 504 4297 levem
526 4232 645 4313 quidem
668 4240 767 4294 notam
789 4233 897 4296 lrabeat
919 4233 1115 4296 similitudinis
1139 4251 1205 4295 cum
1228 4230 1354 4306 Graeca,
1377 4231 1434 4292 nisi
1455 4229 1607 4311 generalis
1630 4229 1709 4292 illius

345 4335 474 4396 omnium
497 4333 666 4396 Olliciorum
688 4331 883 4394 Orientalium
905 4333 984 4395 inter
1006 4353 1058 4411 se,
1082 4334 1163 4395 circa
1185 4329 1415 4412 praecipuarum
1438 4329 1612 4392 Orationum
1635 4348 1712 4392 sen-

344 4434 465 4496 tentiam
488 4431 714 4495 conformitatis.
750 4430 809 4494 Sed
832 4431 934 4494 titulos
957 4431 1124 4514 hujusmodi
1145 4429 1319 4511 frequenter
1342 4427 1498 4510 adjunctos
1521 4430 1656 4492 videmus
1679 4431 1710 4491 in

345 4531 506 4594 Codicibus
536 4532 608 4595 Mss.
639 4540 671 4593 ut
693 4533 723 4593 in
744 4531 877 4594 Romana
906 4530 1056 4608 editione,
1086 4548 1164 4612 quae
1193 4529 1272 4591 hano
1301 4527 1465 4608 Liturgiam
1493 4527 1709 4610 chrysostomo

343 4631 456 4707 tribuit,
479 4650 544 4694 curn
568 4633 598 4693 in
615 4630 687 4694 llos.
710 4631 859 4694 nonnullis
883 4630 970 4693 alteri
989 4630 1098 4694 loanni
1110 4629 1256 4692 tribuatur
1279 4629 1329 4708 qui
1353 4627 1553 4689 etllarranita
1574 4636 1709 4690 vocatur.

344 4731 393 4794 An
415 4732 540 4813 patrium
562 4730 628 4810 ejus
651 4730 792 4813 designet
813 4731 838 4792 is
862 4730 980 4810 titulus,
1011 4748 1048 4793 an
1075 4728 1287 4812 Episcopalem
1317 4726 1489 4810 dignitatem
1522 4729 1587 4809 ejus
1616 4729 1710 4804 urbis,

344 4832 505 4894 nescimus.
549 4831 617 4892 Fuit
638 4847 712 4892 saue
734 4831 869 4909 Horren,
892 4848 980 4911 quam
1004 4831 1112 4894 Graeci
1136 4828 1265 4892 Charras
1288 4835 1412 4906 vocant,
1435 4828 1509 4890 urbs
1533 4830 1563 4890 in
1586 4826 1711 4890 historia

345 4929 486 5007 celebris,
510 4930 688 5010 praesertim
713 4929 798 4992 clade
821 4929 940 4992 Crassi:
962 4937 992 4992 st
1014 4931 1043 4991 in
1068 4948 1105 4992 ea
1123 4927 1278 4991 Jacobitae
1299 4925 1482 5007 Episcopum
1503 4925 1670 4990 habuerunt
1693 4945 1710 4988 a

344 5028 442 5090 mdtis
465 5029 605 5092 saeculis.
646 5029 834 5109 Frequenter
856 5046 949 5108 porro
961 5028 1129 5108 localitas,
1151 5035 1202 5092 aut
1223 5045 1280 5107 per
1301 5027 1509 5110 ignorantiam,
1533 5025 1709 5088 autlraudis

342 5125 498 5191 iaciendas
520 5128 687 5210 proposito,
710 5129 828 5191 nomina
847 5128 989 5190 Diuorum
1012 5127 1310 5193 autl'atriarclrarum
1333 5144 1466 5205 suorum,
1490 5143 1616 5207 quorum
1629 5124 1708 5206 apud

343 5225 419 5290 ulios
442 5226 626 5292 Christianos
649 5229 793 5292 memoria
814 5244 876 5290 non
898 5226 976 5291 bona
1000 5235 1082 5309 erat,
1112 5229 1176 5293 aliis
1200 5234 1474 5303 commoverunt,
1505 5225 1584 5307 quod
1613 5242 1708 5305 saepe

392 5351 478 5394 ramos
494 5349 519 5394 u.
1449 5329 1498 5403 36
