4712 6032
766 889 771 908 ι

667 1052 1265 1236 LllUllGlll

508 1383 1514 1526 strictitudinis„

393 1622 493 1712 QUAE
524 1623 564 1700 nt
596 1621 746 1700 bllSSAbl
778 1621 994 1704 duntutttu
1027 1627 1297 1707 uuutsustono
1333 1631 1537 1709 'tumultun

805 1995 812 2015 x
839 1897 959 1970 Oratio
986 1900 1102 1971 Punic.

389 2091 505 2196 Bous
530 2139 652 2209 magne
678 2129 712 2190 et
739 2131 875 2191 aeterne
901 2123 955 2216 qui
982 2143 1020 2194 es
1046 2124 1262 2217 tranquillitas
1289 2135 1324 2197 et
1348 2149 1432 2222 pax,
1466 2130 1587 2202 caritas
1614 2140 1649 2204 et

281 2233 359 2308 lons
386 2233 650 2321 misericordiae,
683 2234 725 2306 da
751 2258 888 2331 pacem,
919 2236 1080 2328 Domine,
1115 2237 1288 2312 Ecclesiae
1321 2249 1414 2330 tuae,
1449 2253 1484 2315 et
1518 2246 1647 2318 custodi

282 2351 436 2424 mundum
463 2354 691 2448 pergratiam
717 2361 822 2438 tuam,
857 2361 890 2423 et
915 2351 1099 2428 referemus
1125 2355 1183 2428 tibi
1209 2356 1348 2448 gloriam
1374 2369 1408 2430 et
1433 2359 1581 2455 laudem,
1613 2375 1648 2438 et

281 2467 366 2541 Filio
393 2479 450 2540 tuo
477 2471 660 2559 unigenito,
687 2478 720 2539 et
747 2467 881 2564 Spiritui
908 2478 1033 2541 sancto.

386 2585 572 2658 Diocouua.
624 2584 751 2657 Demus
776 2607 913 2680 pacem,
941 2595 1002 2657 etc.

387 2700 572 2773 Sacerdos.
608 2701 715 2790 Mitte,
742 2702 896 2792 Domine,
922 2701 1180 2774 misericordiam
1208 2713 1294 2775 tuam
1322 2715 1356 2778 et
1382 2707 1527 2780 extende
1554 2710 1645 2784 dex-

280 2826 388 2888 teram
412 2829 502 2890 tuam
527 2816 659 2913 plenam
685 2815 983 2906 benedictionibus,
1009 2815 1214 2914 benedicque
1238 2842 1357 2895 servos
1376 2833 1464 2914 tuos,
1491 2829 1546 2922 qui
1559 2850 1646 2902 nuuc

282 2932 428 3006 inclinati
454 2945 529 3006 sunt
554 2954 667 3005 coram
694 2937 868 3025 majestate
894 2943 968 3024 tua,
996 2944 1029 3006 et
1054 2934 1237 3008 reseremus
1263 2936 1321 3009 tibi
1345 2938 1494 3031 laudem,
1530 2953 1593 3016 etc.

385 3049 568 3122 Sacerdos.
620 3049 786 3123 Confirma
813 3073 888 3138 nos,
914 3051 1073 3138 Domine,
1101 3061 1136 3122 ut
1162 3051 1338 3125 alienamus
1365 3056 1424 3128 tibi
1450 3058 1644 3132 sucrificium

281 3164 346 3237 boc
373 3165 540 3261 spirituale
568 3179 601 3239 et
626 3171 847 3253 incruentum,
881 3188 942 3262 pro
977 3171 1125 3262 pcccatis
1161 3177 1194 3238 ct
1226 3170 1418 3263 iusipientiis
1445 3177 1561 3265 gregis
1587 3180 1645 3261 tui,

280 3290 317 3351 ut
343 3280 456 3353 deleas
484 3290 518 3352 et
544 3280 675 3352 aulcras
702 3284 888 3375 iniquitates
915 3292 1059 3373 nostras,
1082 3291 1115 3352 et
1133 3281 1316 3356 referemus
1334 3285 1391 3382 tibi
1407 3284 1559 3378 gloriam,
1581 3300 1642 3360 etc.

385 3396 574 3468 Diaconos.
627 3395 759 3468 Stemus
791 3396 956 3468 decenter.

385 3511 570 3584 Sacerdos.
625 3509 770 3598 carrus,
794 3523 856 3584 etc.

340 3685 344 3690 .
384 3628 580 3701 inclinatur.
632 3627 708 3701 'l'ibi
735 3649 798 3699 rex
827 3627 951 3715 mundi,
981 3628 1074 3699 Deus
1100 3629 1213 3718 Pater,
1239 3651 1313 3699 cum
1339 3628 1434 3720 Filio,
1462 3640 1496 3701 et
1521 3633 1643 3728 Spiritu

282 3755 410 3832 sancto,
433 3747 523 3836 juste
549 3743 688 3817 debetur
714 3748 821 3816 omnis
848 3747 1026 3836 gratiarum
1054 3747 1148 3816 actio.

386 3861 536 3932 Menona
560 3849 686 3931 docem.
741 3859 865 3932 Omnes
893 3859 1033 3932 Ordines
1060 3870 1093 3931 et
1119 3863 1261 3952 agmina,
1289 3865 1523 3956 exercitusque
1553 3884 1641 3934 coe-

280 3977 545 4068 lestes,·Angeli
573 3987 607 4048 et
632 3975 848 4068 Archangeb,
876 3973 1052 4048 Cherubim
1080 3986 1113 4048 et
1139 3976 1324 4072 Seraphim,
1352 3977 1477 4051 Throni
1503 3988 1537 4050 et
1561 3977 1642 4051 Do-

280 4095 477 4165 minatioues
503 4091 686 4164 invisibiles
714 4103 748 4163 et
774 4091 1039 4180 innumerabiles,
1066 4093 1289 4165 indesinenter
1309 4093 1480 4168 laudantes
1497 4106 1531 4168 et
1543 4097 1641 4192 ople-

279 4207 430 4298 brantes,
448 4207 561 4281 oribus
577 4209 795 4303 incorporeis,
821 4207 1026 4302 vocibusque
1040 4209 1324 4300 inenarrabibbus,
1351 4210 1504 4306 hymnum
1523 4214 1641 4285 trium-

279 4322 410 4420 phalem
436 4338 605 4414 canentes,
634 4324 786 4413 clamant,
812 4321 1051 4412 vociferantur,
1079 4335 1111 4394 et
1138 4323 1256 4397 dicunt.

366 4440 544 4534 ·Populus.
597 4439 749 4513 Sanctus.

384 4556 559 4631 Sacerdos
584 4556 775 4628 inclinatus.
828 4555 919 4628 Vere
946 4555 1087 4629 Sanctus
1114 4581 1162 4645 es,
1189 4560 1280 4632 Deus
1307 4558 1419 4643 Pater,
1447 4567 1480 4628 et
1499 4559 1641 4655 Spiritus

280 4683 415 4748 sauctus
441 4685 528 4762 tuus,
557 4678 611 4770 qui
637 4683 798 4770 perpetuo
828 4671 1050 4746 sanctificatur
1077 4699 1151 4747 cum
1176 4675 1261 4747 Filio
1289 4685 1344 4747 tuo
1363 4683 1478 4746 sancto
1497 4674 1640 4749 Domino

280 4801 395 4864 nostro
422 4791 504 4862 lesu
532 4791 675 4865 Christo.

383 4906 532 4978 Elocuta
558 4929 653 4980 uoce.
706 4907 771 4992 Qui
797 4911 858 5003 prb
893 4905 990 4980 uobis
1023 4909 1157 4979 canuto
1189 4928 1249 4979 sua
1282 4909 1471 4978 incarnatus
1505 4916 1572 4995 est,
1608 4918 1641 4978 et

279 5033 418 5119 propter
444 5022 583 5096 salutem
609 5034 758 5096 nostram
785 5027 972 5096 exinanitus
1000 5032 1050 5094 est
1077 5021 1272 5110 voluntarie,
1300 5031 1333 5092 et
1349 5024 1383 5093 in
1403 5044 1504 5094 came
1519 5043 1639 5117 passus

281 5147 342 5212 est.
395 5139 432 5211 ln
458 5147 556 5210 nocte
583 5160 667 5210 vero
694 5141 861 5235 passionis
889 5141 1018 5235 accepit
1042 5159 1161 5234 panem
1187 5141 1222 5210 in
1247 5159 1362 5211 munus
1390 5159 1468 5211 suas
1494 5147 1638 5223 sanctas,
1692 5223 1697 5246 ι
