4730 6038
748 500 825 574 360
1251 495 1610 574 LITURGIA

746 709 855 782 aequo
883 695 917 757 et
938 689 1045 779 justo:
1073 681 1204 779 quando
1232 681 1426 755 abscondita
1452 680 1705 766 revelabuntur,
1739 691 1773 754 et
1800 703 1904 778 opera
1937 684 2116 753 examina-

746 802 882 890 buntm‚
914 813 948 873 et
974 822 1090 875 omnes
1116 798 1266 871 homines
1294 795 1426 870 stabunt
1459 822 1532 870 cum
1568 801 1688 871 timore
1723 808 1757 869 et
1789 807 1950 872 tremore:
1985 801 2020 868 in
2053 796 2116 868 hac

746 919 828 992 hora
854 918 1009 1008 Domine,
1035 916 1134 1012 plene
1161 915 1474 1006 misericordiarum,
1500 937 1543 986 ne
1562 925 1698 986 avertas
1717 912 1836 987 faciem
1852 926 1941 986 tuam
1964 913 2114 986 anobis:

745 1059 790 1108 ne
815 1040 920 1106 intres
946 1037 980 1104 in
1003 1032 1159 1125 judicium
1185 1030 1374 1118 nobiscnm
1409 1053 1453 1102 ne
1484 1053 1628 1102 examen
1663 1052 1820 1102 severmn
1847 1029 2026 1102 adversum
2052 1050 2113 1101 nos

746 1155 916 1224 instituas:
948 1171 991 1220 ne
1019 1147 1202 1220 confundas
1228 1169 1292 1218 nos
1326 1145 1524 1220 confusione
1558 1156 1711 1219 aeterna:
1745 1168 1789 1219 ne
1821 1145 1965 1242 repellas
1997 1167 2061 1218 nos
2093 1168 2111 1216 a

747 1287 923 1340 servorum
951 1276 1080 1338 tuorum
1107 1285 1265 1352 numero,
1297 1285 1406 1357 neque
1439 1266 1596 1358 projicias
1623 1284 1686 1335 nos
1713 1286 1733 1333 a
1761 1272 1942 1357 conspectu
1968 1271 2042 1332 tuo:
2073 1282 2111 1330 ne

747 1381 900 1480 expellas
926 1403 989 1455 nos
1016 1378 1058 1452 ab
1086 1384 1172 1452 ostio
1208 1378 1341 1451 thalami
1374 1383 1435 1467 tui,
1472 1402 1582 1475 neque
1617 1380 1710 1453 dicas
1743 1378 1856 1468 nobis3
1890 1381 2006 1450 nescio
2021 1389 2023 1394 ·
2038 1396 2112 1466 vos,

745 1504 821 1596 quia
848 1521 915 1571 uon
942 1495 1183 1588 abnegavimus
1210 1517 1332 1567 nomen
1358 1504 1448 1567 tuum
1475 1503 1643 1584 sanctum3
1670 1494 1732 1567 sed
1753 1502 1954 1566 convertere
1971 1491 2112 1565 Domine

746 1615 1022 1702 misericorditer,
1058 1630 1160 1707 parce
1193 1622 1227 1683 et
1258 1613 1419 1683 miserere
1451 1611 1558 1685 nobis.
1616 1612 1761 1703 Ignosce
1788 1614 1935 1706 peccatis
1962 1609 2112 1698 Domine,

747 1733 871 1804 dimitte
886 1733 1088 1830 insipienter
1115 1729 1306 1815 commissa,
1332 1748 1436 1822 parce
1463 1725 1670 1816 criminibus,
1704 1728 1779 1800 audi
1805 1748 1912 1799 voces
1939 1747 2112 1800 servorum

745 1858 896 1934 tuomm;
923 1847 1057 1939 suscipe
1083 1843 1336 1938 deprecationes
1363 1841 1569 1916 adorantium
1597 1855 1654 1933 te;
1686 1847 1868 1938 propitiare
1894 1839 2111 1938 snpplicatio-

745 1962 842 2035 nibus
870 1961 1116 2056 deprecantium
1142 1969 1201 2049 te3
1228 1969 1262 2031 et
1287 1982 1349 2056 pro
1377 1958 1445 2048 his,
1476 1968 1576 2053 atque
1603 1963 1635 2030 in
1663 1959 1748 2033 hunc
1775 1958 1908 2032 modum
1940 1961 2112 2054 poenitens

746 2076 899 2150 Ecclesia
927 2087 981 2148 tua
1008 2075 1206 2171 deprecatur
1231 2084 1278 2164 te,
1305 2083 1339 2146 et
1364 2097 1426 2171 per
1452 2084 1496 2162 te,
1524 2086 1558 2147 et
1585 2086 1692 2149 tecum
1712 2078 1846 2148 Patrem
1871 2083 1960 2146 tuum
1990 2074 2112 2146 dicem.

851 2193 1010 2286 Populos.
1063 2193 1236 2264 Miserere.

848 2307 1032 2379 Sacerdos.
1085 2307 1156 2378 Nos
1185 2327 1328 2401 quoque.

848 2422 1008 2518 Papulas.
1061 2423 1113 2494 Te
1139 2423 1352 2512 adoramus,
1365 2434 1399 2495 te
1426 2423 1662 2515 glorificamus,
1690 2432 1753 2495 eto.

849 2540 1036 2612 Diaconos.
1091 2538 1199 2625 Quam
1226 2538 1369 2610 timenda
1396 2548 1447 2612 est
1473 2538 1558 2612 baec
1583 2539 1675 2614 bora.

860 2813 1036 2885 Sacerdos
1060 2813 1244 2886 inclinatas
1269 2814 1353 2884 dicit
1383 2821 1398 2862 ³
1428 2815 1684 2887 invocationem
1709 2814 1860 2908 Spiritus
1885 2817 2007 2886 sancti.

849 3006 992 3076 Domine
1017 3004 1117 3096 Deus,
1137 3006 1363 3099 omnipotens,
1398 3027 1521 3100 precor
1554 3011 1717 3078 miserere
1750 3007 1815 3077 mei
1848 3005 1913 3078 hoc
1946 3013 2112 3100 tempore;

746 3123 936 3216 aperiantur
962 3119 1134 3192 coelorum
1159 3122 1256 3208 ostia,
1284 3131 1318 3193 et
1344 3124 1457 3193 veniat
1483 3123 1625 3218 Spiritus
1652 3132 1798 3212 sanctus,
1824 3118 2113 3194 consubstantialis

744 3236 822 3327 tibi,
858 3246 891 3308 et
923 3238 1093 3328 unigenito
1120 3235 1205 3308 Filio
1241 3247 1315 3309 tuo:
1350 3236 1617 3335 descendatque,
1650 3237 1822 3328 illabatur,
1860 3245 1894 3308 et
1924 3239 2113 3332 requiescat

746 3375 953 3448 supernos,
981 3361 1016 3424 et
1041 3373 1143 3447 super
1170 3350 1355 3424 oblationes
1382 3351 1442 3428 bas
1468 3360 1672 3450 propositas,
1700 3363 1734 3427 et
1758 3362 1954 3426 transmutet
1979 3375 2051 3425 eas.

850 3469 1025 3541 Sacerdos
1052 3469 1188 3539 elevans
1212 3489 1337 3540 aecem.
1389 3469 1523 3542 Exaudi
1549 3494 1602 3542 me
1628 3470 1781 3544 Domine.

848 3585 1011 3678 Populos.
1063 3584 1169 3681 llyrie
1196 3583 1331 3657 eleison.
1383 3585 1489 3682 llyrie
1515 3588 1653 3660 eleison.
1704 3585 1811 3682 Kyrie
1839 3584 1977 3658 eleison.

849 3689 1034 3774 Sacerdos.
1091 3699 1135 3772 Et
1167 3699 1324 3772 exhibeat
1357 3725 1478 3797 panem
1514 3703 1645 3797 quidem
1684 3705 1802 3792 istum,
1846 3723 1968 3797 eorpus
2010 3703 2116 3797 ipsum

627 3807 630 3818 '
745 3822 929 3916 pretiosum
954 3809 1093 3891 Domini
1113 3820 1219 3890 nostri
1245 3819 1328 3890 lesu
1355 3817 1486 3891 Christi.

851 3933 1012 4027 Populus.
1064 3935 1183 4008 Amen.
1309 3921 1313 3932 “

850 4049 1035 4120 Sacerdos.
1088 4049 1132 4122 Et
1165 4048 1304 4122 adicem
1329 4051 1433 4138 bunc,
1467 4054 1574 4146 ipsum
1610 4052 1808 4142 sanguinem
1841 4051 1959 4122 vivum
1984 4047 2114 4120 Domini

746 4168 853 4240 nostri
879 4165 961 4238 Jesu
989 4162 1122 4238 Christi.

770 4292 776 4302 ·
851 4279 1013 4375 Popatrn.
1065 4284 1185 4355 Amen.

852 4397 1036 4470 Sacerdos.
1088 4396 1133 4470 Et
1158 4397 1260 4471 faciat
1290 4400 1305 4436 ⁴
1332 4408 1505 4492 utrumque
1536 4421 1636 4473 unum
1668 4420 1809 4496 eorpus,
1843 4408 1877 4470 et
1909 4401 2115 4489 sanguinem,

746 4535 847 4586 unum
874 4523 1023 4586 sanctum
1045 4497 1192 4609 'aequale
1218 4523 1251 4587 et
1277 4517 1463 4610 mysticum,
1490 4525 1526 4586 ut
1552 4518 1758 4588 commistum
1772 4514 1944 4587 animabus
1972 4522 2005 4586 et
2032 4533 2114 4582 cor-

747 4629 885 4726 poribus
911 4632 1048 4718 nostris,
1075 4633 1117 4703 sit
1143 4628 1252 4720 nobis,
1279 4641 1313 4702 et
1337 4630 1416 4703 illud
1443 4630 1694 4726 accipientibus,
1721 4634 1984 4724 inaugmentum
2010 4649 2114 4700 verae

747 4748 841 4816 inte
872 4744 965 4834 iidei3
998 4749 1090 4818 etin
1123 4747 1366 4820 abstersionem
1399 4746 1601 4820 macularum
1636 4750 1788 4820 omnium.
1842 4746 2030 4843 Expientur
2057 4765 2115 4840 per

746 4859 826 4932 illud
851 4871 1061 4956 peccatores
1090 4863 1334 4937 sanctificentur
1360 4887 1422 4960 per
1448 4863 1526 4936 illud
1551 4869 1781 4960 poenitentes,
1813 4864 2032 4957 justificentur
2057 4882 2115 4956 per

747 4973 827 5048 illud
854 4981 909 5073 qui
935 4981 1130 5075 insipienter
1155 4990 1310 5074 egerunt,
1345 4991 1583 5054 convertantur
1608 5003 1670 5079 per
1696 4981 1775 5054 illud
1802 4989 1963 5071 errantes,
1989 4999 2114 5052 recon-
