4814 6060
648 530 759 624 ¹ma
1058 531 1668 614 ousuuvxurouus

681 722 813 796 poterat,
837 734 904 778 curn
926 717 1025 779 multis
1049 717 1079 778 in
1101 715 1178 780 locis
1202 717 1359 798 exemplar
1381 717 1521 780 detritum
1544 726 1695 782 vetustate
1718 720 1808 802 toret,
1831 743 1889 786 nec
1904 724 1967 806 legi
1982 743 2062 806 pos-

681 823 739 877 set.
785 815 873 888 Quod
903 823 1080 896 supererat,
1110 815 1141 876 in
1173 815 1268 879 lorma
1298 815 1501 880 luvocationis
1534 816 1662 898 Spiritus
1693 823 1807 900 sancti,
1838 831 1869 885 et
1898 823 2061 888 verborum

682 913 794 977 Christi
816 915 992 976 varietatem
1022 913 1160 976 lectionis
1190 917 1415 990 annotavimus,
1443 917 1474 977 in
1504 917 1629 997 reliquis
1658 918 1762 982 inutile
1791 938 1918 1001 prorsus
1944 922 2062 986 fuisset.

680 1013 725 1076 Ea
755 1022 802 1076 cst
834 1014 913 1076 enim
943 1014 1136 1078 librariorum
1165 1013 1362 1076 Orientalium
1390 1014 1577 1098 indiligentia
1608 1016 1637 1077 in
1662 1016 1871 1082 describendis
1894 1020 2060 1100 codicibus,

681 1120 714 1173 ut
736 1121 868 1189 mutare,
892 1110 1023 1188 addere,
1046 1111 1170 1174 demere
1193 1111 1336 1192 quidquid
1359 1113 1483 1174 lubitum
1508 1121 1576 1192 est,
1596 1114 1669 1194 ipsis
1693 1115 1839 1180 familiare
1860 1122 1908 1184 sit.

768 1209 956 1272 Existimavit
971 1227 1064 1290 porro
1084 1209 1197 1272 blasius
1211 1211 1374 1294 Liturgiam
1397 1211 1477 1273 illam
1501 1231 1595 1290 suam,
1613 1211 1728 1276 Graeca
1745 1234 1823 1296 quae
1835 1217 1937 1281 basilii
1952 1235 2062 1280 nomeu

675 1308 817 1390 praefert
840 1310 1037 1372 vetustiorem
1061 1317 1092 1371 et
1113 1309 1211 1391 magis
1234 1311 1393 1391 integram,
1418 1310 1498 1390 quod
1517 1311 1662 1392 judicium
1685 1315 1751 1376 viro
1775 1314 1949 1380 doctissimo
1973 1319 2062 1380 exci-

681 1408 764 1470 disse
786 1407 943 1471 nollemus.
990 1407 1061 1472 Sola
1093 1410 1170 1470 enirn
1200 1408 1359 1471 brevitatis
1381 1412 1498 1472 ratione
1521 1407 1673 1472 fundatum
1697 1420 1755 1491 est,
1778 1415 1857 1476 inani
1878 1433 2007 1496 prorsus
2031 1425 2062 1478 et

680 1504 769 1586 falsa,
792 1516 825 1569 ut
847 1506 937 1580 facile
958 1507 1192 1570 demonstratur.
1239 1507 1529 1588 Quippc'Graecam
1561 1511 1709 1593 integram
1740 1531 1807 1573 cum
1831 1513 1954 1594 Syriaca
1976 1515 2060 1577 uelut

680 1607 802 1692 integra
830 1607 944 1668 Masius
975 1607 1176 1686 comparavit:
1211 1625 1278 1668 cum
1306 1608 1393 1668 etiam
1423 1609 1452 1668 in
1482 1609 1577 1687 priori
1604 1609 1689 1689 juxta
1718 1610 1841 1691 vulgata
1864 1613 2059 1692 exemplaria,

680 1691 825 1786 quidquid
848 1707 1054 1767 caeremonias
1078 1713 1196 1786 spectat
1219 1725 1259 1768 ex
1276 1706 1425 1768 communi
1438 1705 1644 1769 Ecclesiarum
1667 1707 1825 1789 disciplina
1848 1709 1997 1792 adjectum
2011 1711 2060 1772 sit.

682 1804 808 1884 Syriaca
832 1805 869 1867 ab
893 1805 1030 1867 oratione
1054 1804 1150 1865 osculi
1172 1804 1256 1885 pacis
1278 1802 1397 1884 incipit,
1422 1812 1511 1884 atque
1534 1807 1575 1866 ita
1598 1809 1866 1890 quaecumquead
1889 1826 2059 1890 praepara-

679 1904 791 1966 tionem
815 1903 935 1981 altaris,
959 1911 989 1965 et
1012 1901 1191 1981 oblationis,
1220 1902 1383 1965 lectionem
1413 1905 1647 1984 scripturarum,
1677 1909 1841 1988 variasque
1863 1908 2018 1970 orationes
2041 1924 2058 1970 a

679 2001 854 2080 Sacerdote,
878 2001 1014 2064 Diacono
1037 2011 1088 2063 aut
1110 2001 1224 2082 populo
1246 2000 1416 2063 recitandas
1436 2009 1584 2081 spectant,
1608 2005 1795 2085 omittuntur,
1819 2023 1886 2068 cum
1909 2025 1949 2067 ex
1972 2023 2059 2067 com-

677 2101 759 2164 muni
784 2101 889 2164 Ollicio
912 2102 976 2183 peti
1000 2100 1140 2166 debeant.
1172 2099 1202 2164 Si
1224 2101 1318 2183 igitur
1339 2099 1412 2163 illud
1428 2100 1562 2164 Olllcium
1584 2103 1665 2184 quod
1688 2105 1773 2166 initio
1795 2103 1882 2184 hujus
1898 2103 2058 2166 voluminis

679 2197 825 2262 edidimus
849 2219 916 2262 cum
933 2200 1069 2283 Liturgia
1093 2201 1149 2262 ista
1161 2198 1263 2262 Basilii
1287 2199 1499 2281 conjungetur,
1523 2208 1556 2262 ut
1579 2204 1747 2266 certissime
1761 2201 1871 2264 lactum
1895 2210 1952 2280 est,
1976 2220 2058 2284 quo-

678 2297 864 2378 tiescumque
887 2299 924 2361 ad
948 2293 1054 2367 altaria
1078 2299 1231 2362 celebrata
1255 2304 1317 2376 est,
1351 2299 1408 2362 erit
1432 2297 1549 2360 Graeca
1571 2301 1689 2380 qualem
1712 2300 1873 2375 babemus,
1897 2301 2057 2381 prolixior.

677 2393 739 2457 lmo
755 2401 781 2458 si
804 2398 909 2478 plures
932 2399 1011 2462 aliae
1035 2417 1110 2478 quas
1134 2397 1279 2461 edidimus
1301 2395 1397 2460 blasio
1421 2397 1505 2460 visae
1529 2397 1667 2477 fuissent,
1690 2399 1767 2462 banc
1791 2401 1869 2462 enim
1889 2399 1984 2462 solam
2007 2401 2058 2461 vi-

678 2492 775 2571 derat,
798 2514 865 2558 nam
888 2497 1013 2560 blissale
1023 2495 1217 2559 Chaldaicum
1239 2495 1371 2558 nondum
1393 2494 1561 2577 prodierat,
1583 2517 1652 2560 eam
1674 2516 1691 2562 a
1712 2498 1861 2562 brevitate
1883 2515 1947 2561 non
1969 2515 2058 2561 com-

678 2594 864 2674 mendasset,
887 2613 954 2656 cum
977 2596 1057 2658 inter
1079 2595 1214 2676 prolixas
1238 2593 1347 2656 reterri
1370 2593 1490 2658 debeat.

764 2691 901 2755 Diximus
923 2693 1002 2755 illam
1023 2695 1052 2755 in
1075 2692 1188 2755 Codice
1203 2692 1390 2770 Colbertino,
1413 2709 1475 2754 non
1499 2690 1557 2753 soli
1579 2689 1700 2771 Basilio,
1723 2691 1778 2755 sed
1802 2692 1952 2776 Gregorio
1976 2713 2057 2777 quo-

677 2809 737 2872 que
767 2790 927 2874 Theologo
957 2791 1064 2856 tribui:
1092 2791 1211 2855 videtur
1240 2793 1299 2854 imo
1329 2791 1360 2852 in
1390 2789 1539 2871 aliquibus
1562 2790 1802 2870 exemplaribus,
1824 2793 1894 2856 buic
1916 2793 1975 2856 soli
1998 2795 2059 2855 ali-

677 2890 799 2970 quando
822 2889 975 2970 adscripta
999 2888 1103 2954 luisse.
1137 2889 1212 2952 Nam
1235 2891 1265 2952 in
1288 2907 1325 2952 ea
1348 2907 1426 2969 quae
1448 2888 1564 2950 titulum
1586 2886 1677 2951 babet
1700 2889 1865 2953 Doctorum
1883 2900 2058 2956 sanctorum

678 3007 696 3050 a
719 2987 838 3050 loanne
860 2987 973 3071 llagno
996 2987 1168 3051 Patriarcha
1191 2987 1399 3066 Antiocheno,
1431 3006 1471 3048 ex
1494 2986 1558 3048 aliis
1583 2986 1728 3066 collecta,
1758 2995 1843 3050 extat
1872 2991 1968 3052 oratio
1990 3010 2058 3053 cum

651 3129 654 3136 ι
677 3085 738 3150 boc
761 3086 798 3149 ad
821 3088 987 3169 marginem
1010 3087 1163 3165 lemmate,
1189 3087 1337 3167 lbeologi
1361 3103 1421 3165 quo
1444 3086 1564 3147 nornine
1587 3092 1619 3146 ut
1642 3086 1721 3166 apud
1744 3083 1892 3162 Graecos,
1914 3089 1956 3152 ita
1978 3089 2058 3171 apud

678 3185 774 3266 Syros
797 3193 829 3247 et
851 3185 971 3248 Arabes
995 3184 1192 3264 Christianos,
1216 3184 1386 3264 Gregorius
1409 3184 1618 3246 Nazianzenus
1642 3184 1797 3266 designari
1820 3183 1906 3248 solet.

764 3275 967 3347 luvocationis
999 3285 1129 3366 Spiritus
1158 3284 1254 3346 sancti
1283 3281 1379 3345 forma
1407 3283 1438 3346 iu
1470 3281 1582 3345 Codice
1614 3280 1790 3347 Colbertino
1821 3282 1862 3343 ita
1890 3301 1925 3346 se
1954 3283 2055 3349 hebet.

677 3382 824 3446 Miserere
845 3385 945 3445 nostri
964 3382 1112 3446 Domine:
1143 3385 1288 3443 miserere
1309 3383 1422 3456 nostri,
1453 3389 1483 3442 et
1511 3384 1593 3443 mitte
1620 3400 1712 3462 snper
1733 3401 1805 3457 nos,
1836 3401 1876 3442 en
1898 3384 1971 3446 sede
1993 3393 2056 3462 tuo,

676 3481 822 3561 Spiritum
844 3481 1042 3559 Paraclitnm,
1065 3488 1203 3544 sanctum
1226 3488 1255 3542 et
1276 3481 1450 3560 largitorem
1473 3483 1572 3542 omnis
1594 3482 1784 3542 sanctitatis:
1806 3482 1860 3560 qai
1869 3501 1964 3561 nepae
1976 3503 2056 3564 gara-

676 3581 771 3655 titate,
794 3599 889 3661 neque
911 3583 1077 3660 qnanntote
1093 3587 1301 3659 antternpore‚
1325 3579 1601 3640 circunmcribitnr:
1624 3579 1802 3654 tacentem,
1824 3581 2055 3658 incompreben-

677 3697 762 3754 sum,
785 3681 837 3759 qni
858 3698 879 3740 o
901 3686 929 3740 te
947 3679 1090 3758 procedit
1110 3687 1141 3740 et
1161 3686 1269 3758 reptat
1290 3697 1382 3756 snper
1404 3679 1524 3738 omnia:
1555 3679 1607 3756 qni
1633 3679 1665 3738 in
1693 3675 1833 3738 Jordane
1858 3675 1994 3756 flumine,
2025 3681 2056 3739 in
2169 3731 2172 3738 ,

678 3779 835 3840 columboe
863 3779 964 3856 specie
991 3778 1136 3856 apparatit
1163 3795 1255 3855 snper
1282 3777 1465 3855 unigenitum
1495 3775 1602 3836 Filiam
1631 3782 1729 3849 Ιυυυι,
1760 3777 1812 3855 qui
1833 3777 1865 3836 in
1887 3776 2057 3854 dispertitis

677 3876 788 3956 tinguis
800 3895 892 3954 snper
904 3875 1068 3955 Apostolos
1080 3883 1204 3946 sanctos
1221 3875 1384 3954 apparuit.-
1405 3875 1471 3953 ipse
1493 3875 1638 3936 adueniat
1659 3880 1688 3934 et
1709 3873 1854 3934 illabatur
1875 3893 1967 3953 snper
1987 3893 2053 3954 nos,

677 3981 707 4035 et
728 3993 820 4054 snper
841 3975 923 4036 donc
944 3975 1004 4036 ista
1023 3975 1193 4053 proposita,
1216 3980 1246 4034 et
1267 3973 1434 4052 soractificet
1455 3973 1518 4037 illc.
1562 3971 1724 4036 Diaconus.
1765 3969 1869 4036 Orate.
1894 3971 2053 4037 Sacerdos.

676 4071 804 4134 Enoudi
830 4091 886 4132 me.
929 4071 1071 4153 Populus.
1116 4071 1211 4153 liptie
1232 4072 1353 4134 eleison.
1400 4070 1565 4136 Sacerdos.
1612 4071 1650 4133 tn
1676 4069 1803 4134 illabente
1833 4089 1925 4152 super
1944 4089 2054 4150 panem

676 4161 784 4246 istam,
816 4177 847 4230 et
873 4189 965 4248 snper
990 4171 1093 4231 vinnm
1121 4169 1218 4244 istud,
1246 4187 1304 4230 nos
1332 4188 1448 4249 qnoque
1469 4171 1630 4232 sanctitate
1652 4187 1711 4230 suo
1731 4169 1866 4248 repient:
1895 4177 1925 4230 et
1942 4189 2054 4250 panem

676 4269 755 4330 banc
774 4265 877 4346 faciat
897 4287 1008 4346 corpus
1028 4269 1123 4329 eitam
1141 4276 1315 4346 praestans,
1338 4285 1449 4347 corpas
1471 4269 1617 4343 satutare,
1640 4269 1923 4346 corpasoioittenm
1936 4267 2055 4328 eidam

676 4368 786 4443 citam,
810 4385 922 4446 corpus
943 4365 1066 4428 Domini
1085 4365 1146 4428 Dei
1166 4374 1196 4428 et
1215 4365 1388 4428 Salontom's
1409 4368 1509 4428 nostri
1528 4364 1604 4428 Jeme
1627 4363 1757 4440 Obviam,
1786 4366 1830 4428 ad
1850 4367 2055 4444 captationem
2164 4359 2166 4364 ’

677 4465 865 4539 delictorum,
879 4465 1086 4526 remissionem
1096 4466 1611 4544 peecatornmeteitomaeternam.
1634 4462 1778 4544 Populus.
1805 4462 1909 4525 Amen.
1940 4461 2054 4525 Sacer-

677 4561 745 4624 dos.
767 4561 912 4623 Similiter
927 4570 958 4623 et
969 4563 1070 4625 vinnm
1083 4563 1175 4638 istud,
1184 4560 1285 4640 sociat
1300 4565 1476 4642 semanimem
1490 4565 1564 4624 noni
1574 4563 1763 4638 Testamenti,
1776 4563 1953 4640 sangninem
1966 4563 2055 4623 sobt-

676 4666 784 4736 torem‚
808 4661 982 4738 sangninem
1004 4661 1164 4739 vivificam,
1188 4665 1219 4722 et
1239 4659 1359 4721 danmm
1372 4647 1485 4736 ‘citam
1509 4661 1685 4740 scngttinem
1706 4658 1832 4720 Domini
1850 4657 1911 4719 Dei
1931 4665 1961 4720 et
1981 4657 2056 4720 Sat·

674 4758 795 4819 oatoris
815 4759 915 4820 rmstri
934 4757 1009 4820 Jesn
1024 4757 1146 4834 Christi,
1169 4759 1213 4820 ad
1233 4759 1438 4837 expiationem
1447 4759 1631 4830 delictor-non
1654 4757 1920 4838 remissionemque
1937 4775 2056 4836 pecca-

676 4861 793 4930 tornm,
824 4862 853 4915 et
881 4857 975 4916 vitam
997 4865 1151 4918 aeternam
1172 4855 1412 4936 suscipientibus.
1457 4855 1539 4919 Haec
1567 4856 1706 4920 lectionis
1731 4855 1890 4917 diversitas
1914 4855 2057 4916 momenti

678 4951 787 5014 nullius
802 4958 859 5026 est,
883 4971 949 5014 curn
971 4960 1099 5034 utraque
1121 4954 1152 5014 in
1174 4971 1263 5015 unam
1287 4963 1317 5016 et
1335 4953 1480 5033 eamdem,
1505 4971 1583 5034 quae
1597 4953 1721 5036 reliquis
1735 4953 1873 5016 omnibus
1889 4953 2054 5015 communis

677 5057 735 5127 est,
758 5049 960 5128 invocationis
983 5049 1108 5115 ionuun
1130 5053 1301 5115 conveniat.
1363 5125 1365 5130 ,
2127 5043 2133 5050 ’
