4730 6038
686 536 969 614 blhTTllhEl
1009 535 1289 614 lusionis,
1602 536 1717 612 349.

418 722 601 796 Sacerdos.
652 723 697 795 Et
722 722 860 797 cnhccm
885 723 972 796 huuc
998 734 1219 811 consummet,
1251 725 1446 816 sanguinem
1474 726 1530 819 qui
1556 724 1679 798 effusus

315 849 368 912 cst
393 842 427 910 in
453 842 639 912 summitate
666 837 865 932 Golgothae.

419 953 579 1046 Populos.
632 955 751 1027 Amen.

418 1069 602 1142 Sacerdos.
654 1069 699 1142 Ut
724 1072 789 1142 sint
813 1070 924 1158 nobis,
951 1079 984 1142 et
1009 1067 1074 1141 illis
1101 1071 1156 1165 qui
1181 1067 1237 1143 illa
1263 1073 1455 1167 percipient,
1483 1071 1525 1144 ad
1551 1075 1678 1170 expia-

315 1189 436 1257 tionem
463 1185 668 1278 delictorum,
696 1186 737 1260 ad
765 1189 961 1260 scissionem
988 1185 1295 1283 chirographorum,
1323 1198 1356 1259 at
1375 1186 1417 1258 ad
1433 1187 1678 1282 adipiscendam

314 1301 551 1376 haereditatem
577 1306 668 1375 vitae
695 1312 853 1376 aeternae
879 1305 911 1374 in
937 1325 1045 1396 regno
1072 1302 1260 1391 coelomm,
1295 1308 1329 1375 in
1356 1303 1492 1376 saeculo
1525 1313 1678 1377 ventiuo.

419 1418 578 1512 Papulas.
631 1421 750 1492 Amen.

419 1535 595 1608 Sacerdos
612 1535 803 1608 inclinatae.
855 1533 1071 1624 Pectoribus,
1102 1538 1158 1630 qui
1183 1545 1219 1606 ut
1243 1532 1341 1606 nobis
1369 1544 1564 1630 praeessent
1590 1556 1680 1606 cou-

316 1654 418 1725 stituti
449 1661 542 1741 suut,
576 1662 667 1741 esto,
700 1652 861 1741 Domine,
895 1673 935 1724 os
963 1661 997 1723 et
1022 1650 1152 1743 lingua:
1184 1661 1283 1746 amine
1309 1649 1496 1725 haereticos
1523 1652 1579 1745 qui
1605 1671 1680 1723 cum

313 1766 376 1840 illis
402 1767 523 1839 bellum
550 1778 682 1859 gerunt,
708 1770 843 1863 increpa
870 1777 905 1839 et
931 1771 1122 1865 comprime.

418 1883 717 1955 humamanam.
770 1882 814 1955 Ut
839 1883 906 1979 lupi
932 1887 1043 1974 noxii,
1079 1885 1134 1979 qui
1169 1885 1283 1956 ovium
1314 1880 1426 1954 babitu
1452 1885 1530 1954 tecti
1557 1880 1680 1954 audent

314 1997 466 2070 lacerare
501 2021 585 2072 oves
621 2010 713 2085 tuas,
749 2003 815 2071 cito
843 1997 994 2072 deficiant
1020 2010 1054 2071 et
1080 1998 1301 2096 depellantur:
1337 2010 1371 2072 et
1403 1997 1588 2072 referamus
1621 1980 1680 2070 tibi

315 2115 471 2208 gloriam,
500 2125 561 2187 etc.
1127 2135 1130 2140 ·

417 2229 578 2324 Populus.
631 2234 750 2304 Amen.

416 2347 591 2420 Sacerdos
617 2347 807 2418 inclinatas.
859 2346 926 2419 Ilbs
953 2350 1009 2441 qui
1034 2367 1200 2444 pauperes
1226 2347 1340 2443 populi
1366 2349 1411 2420 tui
1439 2347 1609 2441 adjuvant,
1635 2347 1678 2420 da

316 2463 490 2555 auxilium3
515 2464 592 2554 illis,
618 2466 673 2558 qni
700 2463 917 2536 ecclesiamm
944 2471 1072 2535 tuarum
1100 2462 1351 2536 sollicitudinem
1377 2473 1515 2560 gerunt,
1541 2485 1679 2538 mercc-

315 2579 389 2652 dem
415 2581 577 2653 retribue:
611 2578 686 2651 illos
714 2582 770 2673 qui
796 2581 919 2675 captivi
947 2589 1038 2668 sunt,
1073 2578 1216 2653 libertati
1249 2579 1371 2652 redde:
1405 2583 1538 2653 vinctos
1565 2580 1678 2653 solve:

316 2705 350 2768 et
375 2719 435 2770 eos
462 2699 517 2791 qui
543 2698 647 2767 variis
673 2693 864 2768 morborum
890 2695 1071 2788 generibus
1097 2695 1343 2784 conflictantur,
1369 2717 1462 2770 sana.

415 2813 565 2884 Eteonos
589 2833 715 2883 nocem.
761 2811 846 2898 Quia
872 2811 1012 2886 dilliciba
1038 2812 1097 2885 tibi
1121 2812 1231 2884 facilia
1256 2819 1340 2898 sunt,
1368 2821 1402 2884 et
1423 2833 1545 2908 aspera
1568 2813 1679 2909 plana,

313 2931 521 3023 omniumque
538 2937 657 3023 potens
671 2950 722 3018 es,
741 2929 892 3028 Domine,
908 2929 1031 3023 tibique
1051 2927 1192 3021 gloriam
1207 2938 1241 3016 et
1254 2927 1386 3000 laudem
1403 2927 1590 3017 referimus,
1614 2939 1679 3000 etc.

417 3044 577 3136 Papulas.
629 3046 749 3119 Amen.

413 3161 588 3235 Sacerdos
612 3160 802 3231 inclinatas.
854 3159 971 3252 Reges
1004 3158 1118 3232 fideles
1145 3167 1178 3229 et
1204 3158 1354 3251 Reginos
1380 3161 1489 3232 Deum
1516 3161 1680 3251 timeum,

311 3277 500 3352 fortitudine
525 3275 651 3348 brachii
677 3278 722 3348 tui
747 3279 891 3373 potentis
917 3275 1054 3362 robora,
1081 3286 1114 3346 et
1140 3278 1287 3348 victores
1315 3275 1417 3349 effice.

415 3393 565 3464 Elecaoa
598 3413 723 3463 ccccm.
783 3389 828 3462 Ut
858 3412 992 3463 manum
1026 3388 1266 3462 auxiliatricem
1298 3391 1340 3462 ad
1370 3390 1444 3463 illos
1480 3389 1679 3478 extendens,

314 3508 576 3602 adjutoriumque
602 3507 764 3580 dexterae
784 3517 860 3579 tuae
886 3505 950 3578 illis
967 3507 1174 3596 submittens,
1199 3509 1361 3594 victores,
1375 3516 1409 3578 ct
1425 3505 1680 3602 triumphatores

315 3636 496 3723 appareant
522 3623 685 3696 adversus
719 3625 868 3696 inimicos
899 3625 1010 3706 ,crucis
1045 3626 1205 3716 unigeniti
1231 3622 1306 3695 Filii
1338 3626 1404 3713 tui;
1439 3645 1514 3694 cum
1547 3644 1613 3719 quo
1646 3631 1681 3694 ta

315 3743 411 3816 decet
437 3739 545 3833 gloria
572 3750 605 3812 et
633 3739 749 3812 bonor.

417 3857 578 3950 Papulas.
630 3858 750 3929 Amen.
827 3899 830 3906 -

419 3973 594 4046 Sacerdos
620 3972 809 4044 r'aclr'oaths.
861 3971 1041 4060 Memento,
1067 3972 1222 4062 Domine,
1248 3971 1444 4046 benedictae
1470 3975 1504 4044 in
1530 3970 1679 4046 mulieri-

318 4090 398 4177 bus,
431 4112 476 4162 ex
508 4111 571 4184 qua
598 4087 684 4160 filius
709 4090 896 4180 unigenitus
922 4098 996 4160 tuus
1023 4105 1157 4161 carnem
1184 4089 1302 4162 induit:
1337 4089 1499 4183 simulque
1524 4085 1682 4184 Prophe-

316 4215 439 4292 tarum,
467 4209 522 4300 qui
549 4203 638 4300 quod
665 4227 711 4276 ex
737 4226 779 4276 ea
806 4225 928 4300 corpus
955 4214 1151 4301 accepturus
1179 4199 1270 4278 esset
1295 4203 1549 4302 praediuomnt:
1575 4206 1679 4301 Apo-

316 4322 487 4412 stolorum,
515 4327 569 4417 qni
595 4320 684 4393 illum
711 4343 789 4394 esso
815 4321 922 4392 Deum
948 4342 1065 4393 vorum
1083 4322 1377 4417 praedicaverunt:
1404 4321 1602 4418 Martyrum,
1624 4323 1681 4418 qui

318 4437 402 4510 colla
429 4461 490 4511 sua
516 4448 653 4535 propter
680 4460 755 4508 eum
782 4436 1006 4528 tradiderunt,
1033 4449 1067 4511 et
1095 4442 1239 4513 omnium
1261 4441 1443 4531 justorum,
1470 4441 1525 4534 qui
1550 4435 1682 4514 lucumt

317 4553 511 4629 asaeculo.

418 4670 568 4743 aenam
602 4693 727 4743 nocem
789 4671 928 4744 Praesta
965 4691 1097 4764 qnoque
1129 4669 1227 4742 nobis
1260 4669 1418 4756 Domine,
1454 4676 1490 4740 ut
1524 4667 1585 4740 sub
1617 4669 1678 4742 alis

317 4787 511 4859 dilectorum
537 4797 666 4859 tuorum
692 4795 922 4882 protegamur:
949 4783 1217 4882 exercitibusque
1245 4806 1358 4858 eorum
1386 4784 1615 4878 adjungamur,
1645 4794 1680 4857 ct

316 4906 401 4976 inter
427 4913 544 4976 coetus
571 4925 686 4977 corum
712 4907 966 4978 constituamur:
994 4911 1028 4974 ut
1054 4925 1128 4975 cum
1154 4902 1235 4991 illis,
1271 4910 1305 4974 et
1331 4901 1516 4978 interillos
1542 4900 1677 4974 refera-

317 5042 389 5094 mus
416 5019 476 5093 tibi
501 5019 641 5113 gloriam
668 5031 702 5095 et
725 5019 867 5093 laudem.

1390 5136 1476 5212 47*
