4814 6060
626 544 704 620 508
1137 545 1497 624 attotott

946 817 981 890 6.
1018 819 1053 888 A
1081 817 1190 912 Petro
1217 818 1463 911 Apostolorum
1489 819 1664 912 Principe.

719 1009 803 1102 Qum
835 1018 1015 1101 Gordyaeos
1046 1028 1111 1084 erat
1138 1022 1169 1083 in
1191 1020 1334 1084 Dioeccsi
1356 1020 1562 1101 Antiocheno,
1592 1022 1678 1105 cujus
1708 1021 1866 1088 Ecclesiae
1895 1024 2003 1088 Petrus

625 1123 775 1187 fundator.
790 1147 797 1158 ·

978 1383 1013 1454 7.
1054 1383 1168 1455 Trium
1190 1384 1409 1478 synodorum
1434 1383 1651 1457 Sanctorum.

722 1573 900 1663 Nionaunu,
925 1585 1274 1669 Constantinopolitanae
1296 1589 1421 1670 primae,
1445 1596 1475 1651 et
1497 1587 1680 1669 Ephesinae,
1703 1595 1827 1670 praeter
1847 1605 1922 1670 quas
1940 1587 2000 1652 Ja-

626 1691 745 1752 cobitae
767 1688 865 1751 nullas
889 1697 1073 1772 agnoscunt:
1097 1709 1154 1753 nec
1177 1691 1300 1754 aliarum
1323 1693 1464 1754 memoria
1488 1691 1520 1754 tit
1542 1693 1574 1753 in
1584 1691 1733 1774 Diptycho
1746 1692 1908 1756 Ecclesiae
1919 1692 2001 1755 Ale-

624 1791 789 1855 xattdrinae
811 1789 1006 1853 lacobiticae.

711 1889 837 1970 Reliqua
860 1908 899 1952 ex
922 1889 1090 1954 observatis
1115 1889 1152 1951 ad
1176 1889 1249 1952 alias
1272 1888 1426 1970 liturgias
1449 1889 1538 1971 plana
1560 1896 1639 1954 sunt.

1065 2228 1565 2275 -Ἐῢθοῢ--κ

1009 2693 1613 2874 ottonom

621 3030 656 3147 J
669 3027 924 3154 OANNIS
953 3035 974 3098 ¹·
1013 3015 1509 3145 Pttttttttotttt
1545 3027 2000 3178 ANTIOCHENL

797 3249 862 3336 Qut
889 3249 996 3325 totus
1022 3247 1200 3328 vocotus
1227 3248 1298 3322 EST
1324 3247 1496 3325 JOANNES
1523 3249 1642 3326 FILIUS
1669 3249 1828 3326 natum.

1033 3520 1185 3591 Primum
1212 3518 1335 3589 Oratio
1362 3525 1443 3590 onte
1469 3521 1607 3592 Pacem.

691 3717 809 3820 Bous
842 3741 944 3811 Pater
979 3741 1100 3834 quies
1135 3750 1308 3828 aeternus,
1345 3743 1609 3836 necessarioque
1644 3743 1816 3832 existens,
1847 3745 1904 3837 qui
1936 3765 2000 3838 per

622 3859 760 3932 effiasam
793 3855 974 3930 bonitatem
1008 3852 1142 3927 beatam
1175 3866 1284 3947 mam,
1321 3854 1473 3931 omuibus
1506 3855 1715 3929 ineffabiliter
1748 3857 1809 3932 das
1844 3868 1880 3930 ut
1914 3861 1998 3946 sint3

620 3977 787 4051 hominem
814 3984 924 4046 autem
951 3976 1091 4069 primum
1118 3977 1172 4069 qui
1199 3997 1262 4071 per
1296 3973 1580 4047 inobservantiam
1606 3971 1693 4065 legis
1720 3981 1797 4046 otae
1829 3970 1997 4060 vivificae,

623 4116 669 4165 ex
695 4097 765 4164 vita
792 4095 826 4162 in
852 4088 947 4161 Eden
974 4090 1150 4163 immortali
1181 4087 1373 4178 exciderat,
1407 4087 1449 4159 de
1482 4109 1575 4161 novo
1612 4091 1752 4175 creasti,
1790 4099 1824 4160 et
1856 4087 1997 4160 liberum

622 4207 665 4280 ab
700 4210 790 4280 omni
821 4204 900 4278 labe
935 4208 1157 4301 comptionis
1189 4209 1307 4278 iterum
1339 4203 1535 4291 exhibuisti,
1576 4203 1688 4276 divina
1720 4203 1821 4300 plane
1855 4207 1997 4292 tatone,

620 4334 721 4418 atqua
755 4322 797 4395 ad
831 4319 971 4414 gradum
1004 4320 1141 4394 honoris
1181 4324 1353 4419 pristinum
1388 4342 1450 4416 per
1483 4322 1744 4392 exinanitionem
1775 4318 1996 4394 voluntariam

619 4440 781 4529 unigeniti
808 4436 882 4508 Filii
909 4439 955 4507 tui
981 4435 1155 4524 reduxisti,
1183 4460 1246 4532 per
1273 4458 1421 4509 amorem
1449 4456 1533 4526 erga
1558 4434 1720 4510 homines.
1775 4436 1827 4508 'lu
1853 4436 1996 4508 Domine

621 4556 721 4624 etiam
747 4573 847 4642 nunc,
874 4553 998 4624 innova
1024 4551 1182 4626 innubis
1208 4554 1385 4644 imaginem
1412 4553 1534 4623 amoris
1561 4555 1618 4640 tui,
1646 4553 1701 4646 qui
1728 4563 1780 4623 est
1805 4549 1882 4624 tous
1900 4553 1995 4646 pacis

621 4675 655 4737 et
683 4669 781 4759 origo
810 4669 917 4740 omnis
948 4664 1178 4760 benignitatis:
1212 4667 1318 4739 libera
1352 4688 1485 4762 qaoque
1516 4688 1580 4738 nos
1613 4687 1730 4740 omnes
1762 4687 1886 4740 servos
1919 4675 1994 4738 tuos

621 4791 655 4853 et
682 4773 879 4856 adoratores
907 4792 994 4872 tuos,
1021 4781 1063 4854 ab
1091 4781 1168 4858 odio
1195 4785 1293 4857 misto
1320 4781 1399 4854 telle
1426 4783 1591 4877 serpentis
1617 4781 1703 4856 illius
1730 4782 1933 4856 homicidae:
1960 4791 1996 4854 et

621 4895 664 4968 da
691 4897 802 4987 nobis,
829 4907 865 4969 ut
892 4921 966 4969 cum
993 4897 1226 4993 tranquillitate
1260 4897 1437 4988 concordi,
1472 4919 1557 4994 pace
1591 4920 1659 4971 nou
1689 4897 1777 4988 ficta,
1812 4908 1846 4970 et
1871 4901 1995 4971 unione

620 5011 850 5106 iridissolubili,
877 5013 1116 5114 amplectamur
1140 5015 1283 5092 invicem
1315 5017 1348 5092 in
1376 5013 1492 5092 osculo
1519 5023 1658 5110 sancto,
1691 5015 1780 5114 quod
1815 5015 1996 5090 conveniat
