4784 6040
661 601 737 675 aas
1154 600 1527 720 trinacia,

660 787 736 861 libri
762 789 857 885 hujus
884 813 905 862 a
931 790 1006 864 Deo
1038 790 1188 885 inspirati
1222 787 1444 883 divinitusque
1476 786 1632 879 demissi,
1665 799 1699 860 et
1730 811 1886 882 maguam
1917 811 2029 864 rerum

661 905 821 979 lectarum
849 909 1082 1000 cognitionem.
1122 903 1312 977 Exoroistis
1339 926 1528 978 sermonem
1553 913 1722 999 potentem
1750 905 1875 995 ultra,
1906 910 2027 1001 quique

661 1026 768 1119 possit
793 1021 952 1116 frangere
978 1026 1135 1117 impetum
1167 1020 1373 1095 daemonum.
1426 1019 1493 1094 Mis
1522 1023 1577 1115 qui
1603 1023 1637 1092 iu
1663 1031 1829 1118 potestate
1861 1025 2029 1095 constituti

662 1149 752 1227 suut,
786 1140 828 1211 da
854 1150 891 1211 ut
915 1137 1038 1210 nullam
1064 1135 1209 1220 habeant
1233 1140 1266 1208 in
1290 1135 1413 1229 judicio
1440 1157 1659 1232 personarum
1684 1139 1932 1232 acceptionem3
1958 1161 2028 1210 ne-

662 1279 727 1350 que
754 1255 957 1351 quodfacto
986 1251 1070 1350 opn's
1097 1263 1131 1326 ct
1157 1276 1299 1348 aequum
1325 1261 1389 1340 est
1415 1251 1587 1349 repellant
1639 1252 1684 1325 lis
1718 1275 1804 1326 vero
1839 1257 1895 1350 qui
1926 1258 2028 1327 vitam

661 1371 926 1468 Philosophicam
961 1370 1106 1467 amplexi
1138 1381 1233 1458 sunt,
1266 1367 1416 1442 concede
1447 1378 1484 1440 ut
1514 1370 1645 1464 possint
1674 1370 1852 1442 retundere
1887 1373 2028 1467 Mpctus

662 1492 790 1574 caruis,
818 1492 873 1583 qui
900 1485 1070 1560 difficulter
1096 1489 1248 1559 coerceri
1274 1495 1412 1582 queunt,
1438 1496 1474 1558 et
1498 1497 1534 1559 ut
1560 1509 1767 1582 quacumque
1793 1485 1877 1560 hora
1904 1488 2028 1561 decer-

661 1615 730 1677 tent
755 1605 921 1677 adversus
949 1607 1086 1675 astutias
1112 1601 1312 1698 deceptoris.

765 1722 915 1794 Eleooas
940 1743 1065 1791 oocem.
1121 1719 1262 1806 Quando
1289 1719 1421 1815 quidem
1446 1741 1532 1794 vero
1559 1719 1611 1791 his
1637 1721 1790 1793 omuibus
1823 1731 1924 1816 atque
1956 1721 2028 1796 aliis

662 1838 824 1932 ejusmodi
852 1837 942 1930 digni
975 1836 1053 1908 facti
1085 1834 1216 1925 fuimus,
1248 1839 1408 1929 namque
1438 1835 1534 1910 nohis
1569 1840 1677 1908 tritam
1710 1836 1953 1931 quodammodo
1986 1837 2029 1909 ad

661 1954 791 2027 coelum
816 1952 957 2026 fecimus
987 1947 1014 2041 ⁹,
1040 1973 1229 2046 agnumque
1255 1956 1403 2026 occisum
1423 1974 1525 2048 super
1545 1950 1650 2024 altura
1667 1952 1831 2041 videmus,
1858 1962 1893 2025 et
1906 1953 2029 2026 lumine

662 2073 861 2164 cognitionis
882 2070 947 2142 Dei
963 2077 1117 2165 tanquam
1140 2066 1272 2160 fulgure
1291 2065 1394 2140 afflati
1415 2091 1540 2160 samus,
1564 2090 1633 2141 non
1649 2091 1695 2140 ex
1713 2067 1871 2165 operibus
1891 2071 2028 2156 nostris,

662 2186 722 2259 sed
750 2207 796 2258 ex
821 2190 944 2259 virtute
971 2196 1005 2257 et
1030 2195 1197 2282 potestate
1224 2184 1319 2277 hujus
1345 2187 1527 2274 ministerii,
1554 2207 1628 2257 cum
1653 2183 1771 2257 fiducia
1799 2186 1904 2280 qualis
1931 2184 2029 2256 decet

662 2313 815 2392 sanctos,
843 2305 1013 2375 orationes
1039 2311 1172 2374 nostras
1199 2301 1357 2392 facimus,
1390 2301 1609 2397 deprecantes
1639 2311 1672 2373 ta
1698 2310 1828 2374 amator
1861 2300 2028 2375 homiuum

662 2421 823 2508 Domine,
855 2428 891 2489 ut
924 2420 971 2491 sis
998 2421 1160 2514 propitius
1186 2420 1335 2515 peccatis
1361 2420 1484 2490 nostris
1517 2421 1746 2514 pergratiam
1772 2417 2027 2490 sanctificantem

662 2535 804 2632 Spiritus
831 2537 877 2608 tui
903 2537 1028 2622 sancti,
1063 2555 1126 2630 per
1157 2555 1255 2629 quam
1288 2537 1388 2607 etiam
1413 2531 1497 2606 haec
1521 2536 1681 2630 mysteria
1707 2533 1805 2607 uobis
1831 2554 2028 2631 praeparas,

661 2665 697 2726 ut
722 2652 813 2746 digni
839 2652 1017 2726 efficiamur
1043 2673 1159 2724 eorum
1185 2653 1410 2747 susceptione,
1436 2653 1522 2723 sicut
1540 2649 1610 2724 'illis
1640 2653 1807 2722 convenit
1859 2650 2027 2723 Memento

662 2772 761 2842 etiam
787 2791 849 2865 per
875 2767 1134 2842 misericordiam
1161 2779 1196 2840 et
1221 2767 1447 2853 clementiam,
1480 2764 1657 2838 Ecclesiae
1688 2777 1765 2839 tuae
1791 2775 1927 2841 sauctae
1953 2763 2028 2838 Ca·
2158 2783 2165 2796 ·

661 2885 804 2958 thelicae
831 2895 865 2956 et
886 2885 1115 2980 Apostolicae,
1142 2893 1177 2956 et
1201 2881 1410 2980 plenitudinis
1432 2879 1701 2954 orthodoxorum
1729 2885 1843 2976 quiin
1870 2903 1912 2953 ea
1938 2893 2029 2972 sunt;

662 3014 698 3074 ut
725 3023 799 3084 cam
824 3023 966 3098 prorsus
992 3005 1168 3075 immunem
1194 2999 1300 3074 facias
1328 3000 1369 3073 ab
1398 3001 1485 3072 omui
1519 2995 1683 3070 diabolico
1715 2997 1869 3093 maloque
1902 3019 2028 3086 errore,

662 3127 697 3190 et
722 3122 895 3215 impionrm
923 3116 1095 3214 perplexis
1121 3114 1395 3213 disputationibus
1420 3124 1456 3187 et
1481 3113 1524 3186 ab
1551 3119 1642 3187 omni
1666 3114 1818 3187 futilitate
1840 3116 2030 3209 opinionum

661 3235 865 3325 haereseos,
899 3255 985 3328 quae
1020 3243 1210 3330 corrumpat
1246 3236 1406 3320 animam,
1440 3241 1538 3326 atque
1572 3229 1613 3302 ab
1650 3233 1738 3303 omni
1768 3233 1905 3303 crimine
1941 3231 2030 3326 quod

663 3349 890 3423 confusionem
918 3348 1067 3422 inducat:
1094 3359 1128 3421 et
1151 3347 1337 3423 referemus
1364 3349 1423 3421 tihi
1449 3347 1601 3440 gloriam.

766 3466 927 3560 Populus.
980 3466 1100 3537 Amen.

765 3581 942 3654 Sacerdos
969 3580 1160 3653 inclinatam.
1211 3580 1381 3653 Memento
1422 3574 1452 3614 ¹⁰
1485 3579 1627 3653 Domine
1660 3589 1695 3650 et
1729 3601 1845 3652 eorum
1877 3582 1932 3676 qui
1964 3577 2028 3651 huc

663 3720 769 3794 usque
795 3701 829 3769 in
854 3696 1009 3771 Ecclesia
1034 3709 1090 3771 tua
1115 3700 1201 3787 uati,
1237 3709 1271 3780 et
1302 3699 1336 3768 in
1367 3719 1453 3769 vera
1478 3694 1641 3788 religione
1667 3697 1803 3769 instituti
1830 3705 1920 3768 suut:
1947 3697 2027 3768 illu-

594 3831 598 3843 ·
663 3818 750 3886 mina
777 3835 840 3887 eos
866 3815 1022 3903 Domine,
1049 3814 1171 3886 lumine
1197 3813 1396 3906 cognitionis
1423 3821 1510 3902 uae,
1538 3821 1572 3884 et
1597 3811 1736 3885 lavacro
1762 3817 2028 3906 regenerationis

663 3928 784 4021 dignos
817 3930 891 4004 illos
925 3931 1033 4003 effice:
1067 3941 1101 4002 et
1131 3929 1307 4026 perficiens
1339 3951 1400 4002 eos
1433 3928 1475 4001 ad
1509 3949 1608 4003 omne
1642 3930 1797 4000 virtuum
1830 3951 1953 4022 genus,
1985 3929 2028 4002 da

663 4045 727 4118 illis
752 4056 789 4116 ut
814 4067 897 4141 pure
923 4046 1069 4119 evadant
1094 4050 1126 4118 in
1153 4049 1262 4117 virum
1288 4045 1482 4142 perfectum,
1508 4044 1687 4117 secundum
1704 4067 1893 4118 mensuram
1912 4048 2028 4118 aetatis

663 4160 873 4259 plenitudinis
901 4159 1031 4235 Christi.
1084 4162 1252 4236 Memento
1279 4161 1420 4234 Domine
1447 4171 1481 4232 et
1506 4159 1648 4250 Morum,
1675 4163 1730 4256 qni
1755 4159 1853 4235 hodie
1880 4161 2029 4236 oblatio-

663 4301 725 4351 nes
758 4276 816 4350 tibi
851 4277 1049 4368 obtulerunt,
1083 4287 1117 4350 et
1149 4278 1287 4351 fratrum
1322 4285 1510 4350 nostrorum
1547 4280 1603 4373 qui
1634 4275 1819 4351 inciderunt
1849 4281 1884 4350 in
1914 4282 2028 4352 varias

664 4393 776 4466 muudi
802 4393 1020 4487 calamitates,
1046 4405 1146 4490 atque
1172 4393 1310 4466 salutem
1336 4394 1418 4489 ipsis
1447 4397 1514 4465 cito
1539 4402 1685 4490 praesta,
1711 4397 1875 4489 quianon
1900 4393 2028 4470 esttibi

665 4509 871 4606 impossibile
897 4509 999 4583 ullum
1024 4509 1183 4602 verbum,
1218 4520 1252 4582 et
1286 4508 1426 4606 plurima
1457 4507 1546 4606 apud
1579 4520 1614 4582 te
1643 4510 1895 4584 misericordiae
1926 4531 2028 4602 seges

666 4636 726 4699 est.
779 4626 832 4699 Ne
859 4626 947 4699 fame
974 4630 1109 4700 enecari
1134 4628 1270 4724 patiaris
1297 4647 1358 4699 eos
1385 4627 1440 4720 qui
1465 4635 1659 4722 paupertate
1680 4625 1883 4718 aflligrmtur:
1908 4626 2028 4722 lacry-
2101 4621 2108 4626 ’

665 4765 738 4816 mas
757 4743 930 4816 viduarum
951 4742 1149 4834 consolare3
1175 4765 1288 4816 curam
1309 4764 1394 4837 gere
1419 4745 1629 4818 necessitatis
1656 4741 1894 4839 orphanorum:
1921 4764 2029 4838 pere-

666 4861 834 4950 grinorum
862 4881 1037 4933 aerumnas
1064 4863 1186 4933 visita:
1215 4881 1395 4956 compensa
1420 4861 1591 4952 angustias
1626 4881 1741 4932 eorum
1773 4861 1828 4954 qui
1861 4879 2028 4956 persecu-

667 4978 790 5046 tionem
818 4979 1003 5071 patiuntur;
1034 4976 1181 5051 infirmos
1208 4998 1306 5050 sana:
1338 4996 1399 5049 eos
1431 4978 1486 5072 qui
1512 4977 1545 5048 in
1572 4973 1730 5049 custodiis
1756 4986 1790 5047 ct
1821 4978 1855 5046 in
1887 4974 2029 5046 vinculis

667 5091 850 5162 detinentur
876 5113 895 5162 a
922 5094 1111 5188 captivitate
1136 5091 1252 5166 libera.
