4728 6028
604 565 653 638 72
979 565 1597 643 observationes

604 748 715 813 clausis
738 750 834 828 estiis,
858 758 891 812 ut
913 748 1044 829 explicat
1066 748 1211 830 singulari
1235 747 1274 810 de
1296 747 1497 830 suscipiendis
1519 747 1742 830 poenitentibus
1758 747 1979 814 Commentario

603 847 934 929 DionysiusBarsalibi.
965 849 1089 930 Antiqui
1111 865 1205 927 porro
1228 849 1321 911 moris
1344 855 1450 910 testem
1465 847 1768 910 habemustaeobmn
1778 849 1980 926 Edessenum,

605 951 656 1028 qui
680 947 750 1010 olim
772 948 964 1027 poenitentes
977 948 1034 1010 sub
1048 946 1193 1027 Episcopi
1214 965 1304 1010 mauu
1326 946 1512 1024 transivisse,
1536 955 1568 1010 et
1589 953 1732 1026 suscepta
1754 946 1979 1026 benedictione,

570 1077 573 1086 ι
603 1047 739 1110 Ecclesia
762 1047 870 1127 egredi
887 1047 990 1129 jussos
1013 1046 1107 1108 luisse
1130 1053 1271 1108 testatur:
1301 1045 1378 1108 baec
1405 1053 1505 1110 tamen
1528 1047 1591 1127 jam
1616 1061 1673 1108 suo
1697 1051 1836 1125 tempore
1859 1047 1980 1108 onrnino

312 1333 342 1392 ι’.
361 1316 442 1388 aba,

311 1695 342 1746 P.
362 1695 405 1746 10.

313 1933 428 2000 Symbcli
447 1936 572 1988 recitatio.

311 2106 341 2156 P.
361 2105 422 2158 198.
441 2118 529 2174 etseq.

311 2191 342 2244 P.
361 2193 405 2246 26.

606 1161 676 1208 esse
699 1145 816 1208 sublata
838 1145 1005 1227 significat,
1028 1153 1060 1210 et
1082 1145 1217 1224 quamvis
1240 1153 1323 1208 aetas
1346 1144 1426 1208 illius
1448 1144 1488 1208 ob
1511 1144 1723 1208 historicorum
1746 1144 1899 1210 delectum
1922 1145 1980 1208 de-

605 1244 761 1308 terminari
783 1252 925 1308 accurate
947 1252 1096 1325 nequeat,
1125 1252 1173 1308 est
1203 1251 1303 1306 mmen
1332 1245 1411 1308 inter
1439 1245 1535 1324 Syros
1562 1242 1715 1306 lacobitas
1744 1245 1978 1325 antiquissimus.

605 1344 707 1406 Verba
728 1343 808 1408 illius
831 1344 925 1406 relata
947 1351 1018 1406 suant
1040 1345 1070 1405 in
1093 1343 1315 1406 Commentario
1336 1343 1375 1406 ad
1396 1343 1562 1426 Liturgiam
1585 1341 1741 1422 Copticam
1761 1341 1875 1408 Basilii.

1111 1687 1301 1782 Syrobolnm
1325 1689 1417 1782 fidei.

694 1912 747 1990 Da
770 1943 819 2002 eo,
841 1934 872 1988 et
894 1924 1113 1988 consuetudine
1136 1921 1260 1986 illudio
1284 1924 1419 2005 Liturgia
1442 1931 1472 1986 et
1494 1923 1561 1986 aliis
1585 1923 1695 1988 Officiis
1718 1924 1866 1987 recitandi
1887 1925 1979 1987 multa

603 2027 682 2089 dieta
704 2035 774 2090 sunt
797 2029 827 2089 in
850 2029 1064 2114 commentario
1078 2027 1116 2089 ad
1130 2026 1286 2107 Copticam
1297 2027 1472 2108 Litargiam,
1494 2045 1573 2109 quac
1585 2027 1622 2090 ad
1634 2028 1780 2108 Syrorum
1792 2027 1978 2107 disciplinam

602 2126 809 2188 illustrandam
838 2144 935 2206 aeque
965 2126 1128 2207 pertinent.
1163 2126 1274 2188 Eadem
1303 2127 1382 2190 enim
1411 2127 1463 2190 lex
1491 2136 1539 2190 est
1561 2129 1591 2190 in
1615 2127 1752 2190 omuibus
1776 2125 1979 2190 Orientalibus

602 2225 761 2302 Ecclesiis,
784 2232 846 2288 tum
868 2224 1016 2288 recitandi
1038 2223 1213 2305 Symbolum
1235 2226 1398 2288 Nioacnum
1421 2227 1501 2290 inter
1523 2226 1644 2307 publica
1667 2225 1782 2288 Ollinia:
1806 2233 1867 2288 tum
1890 2227 1979 2290 ctiam
2069 2237 2077 2246 “

602 2322 757 2388 omittendi
780 2322 956 2402 particulam
977 2325 1126 2404 filioque,
1149 2325 1235 2404 cujus
1258 2342 1350 2386 causa
1380 2343 1442 2388 non
1464 2325 1553 2389 modo
1577 2344 1594 2387 a
1618 2325 1782 2406 Tbeolcgis
1804 2324 1979 2405 Aegyptiis,

602 2422 735 2501 Severo,
765 2422 940 2486 Ebnassalis
972 2421 1105 2500 duobus,
1135 2422 1251 2486 Autore
1280 2425 1427 2488 scientiae
1454 2423 1704 2500 Ecclesiasticus,
1736 2423 1915 2486 Abulbircat
1948 2432 1980 2486 et

601 2520 700 2584 multis
723 2521 799 2600 aliis,
822 2521 878 2584 sed
901 2521 990 2584 etiarn
1013 2540 1031 2584 a
1054 2522 1155 2602 Syris,
1176 2522 1231 2586 lsa
1252 2522 1311 2586 filio
1334 2524 1440 2602 Zaraa,
1463 2523 1672 2606 Abalfaragio‚
1695 2521 1883 2601 Barsalibio,
1906 2531 1978 2586 ota

602 2620 694 2682 Paulo
718 2620 906 2700 sidoniensi,
928 2621 1037 2684 Franci
1059 2630 1250 2684 accusantur.
1293 2622 1359 2686 Nec
1388 2623 1555 2686 audiendus
1577 2623 1767 2686 Abrabamus
1789 2621 1979 2686 Echellensis

602 2718 653 2798 qui
674 2719 706 2781 in
727 2721 812 2784 Notis
836 2722 873 2784 ad
896 2721 1068 2784 versionem
1091 2720 1248 2785 Canobum
1260 2720 1461 2786 Arabicarum
1474 2722 1599 2786 Nicaeoi
1611 2721 1746 2798 Concilii,
1769 2728 1876 2784 extare
1898 2722 1979 2784 illam

601 2817 784 2884 additionem
804 2821 836 2882 in
858 2819 1035 2901 quibusdam
1058 2818 1293 2884 Collectionibus
1317 2821 1482 2900 allirmavit,
1503 2829 1679 2904 pugnatque
1702 2829 1842 2884 autorum
1865 2822 1980 2901 aliquot

601 2918 795 2996 testimoniis,
827 2938 888 3001 quo
918 2919 1028 3001 probet
1051 2919 1219 2982 doctrinam
1242 2918 1280 2982 de
1304 2923 1503 3002 processione
1526 2922 1623 2984 sancti
1645 2920 1774 3002 Spiritus
1798 2938 1815 2982 a
1837 2921 1924 2983 Patre
1949 2929 1980 2984 et

600 3015 686 3095 Filio,
711 3016 913 3081 Orientalibus
935 3037 993 3082 nec
1017 3019 1201 3100 incognitam
1223 3017 1334 3096 luisse,
1357 3037 1414 3082 nec
1438 3020 1553 3084 erroris
1577 3018 1814 3086 condemnatam.
1838 3017 1897 3082 Sed
1920 3037 1979 3080 au·

599 3121 683 3178 tores
706 3117 748 3178 illi
770 3137 809 3180 en
832 3119 949 3182 illorum
971 3135 1088 3200 genere
1112 3125 1193 3195 sunt,
1216 3135 1293 3198 quos
1315 3127 1440 3199 praeter
1450 3119 1614 3182 Maronitas
1636 3135 1725 3180 neme
1744 3118 1836 3181 novit.
1860 3117 1981 3198 Reliqui

600 3233 709 3297 magno
733 3235 876 3296 numero,
907 3219 1043 3299 quamvis
1074 3216 1186 3280 additio
1210 3216 1352 3282 illistron
1375 3218 1538 3298 probetur,
1569 3237 1632 3282 uon
1661 3225 1761 3280 maren
1792 3214 1979 3279 Graecorum

600 3316 741 3395 exemplo
772 3316 919 3380 adversus
954 3317 1075 3379 Latinos
1110 3323 1168 3378 tam
1195 3318 1308 3378 acriter
1336 3316 1546 3408 invehuntur:¹
1563 3335 1631 3380 nam
1661 3332 1869 3398 quaecumque
1899 3317 1978 3380 inter

599 3421 743 3496 utrosque
765 3416 854 3496 bajus
877 3417 1062 3497 quaestionis
1085 3416 1248 3478 occasione
1272 3423 1423 3478 transacta
1446 3424 1526 3493 suot,
1550 3416 1722 3479 Orientales
1740 3415 1860 3495 penitus
1884 3416 1977 3496 igno-

598 3530 725 3592 ravere,
756 3533 814 3578 nec
843 3515 881 3578 ad
909 3535 943 3580 se
967 3517 1121 3597 pertinere
1145 3515 1282 3577 arbitrati
1305 3524 1385 3578 sunt.
1419 3515 1453 3577 ln
1474 3515 1647 3598 liturgicis,
1671 3514 1797 3595 aliisque
1820 3515 1976 3595 precibus,

600 3613 652 3675 ubi
673 3613 712 3675 de
735 3617 934 3694 processione
958 3616 1088 3698 Spiritus
1107 3616 1203 3677 sancti
1228 3631 1329 3676 sermo
1352 3623 1417 3693 est,
1441 3615 1534 3696 vulgo
1558 3615 1676 3693 dicunt,
1697 3616 1750 3696 qui
1776 3632 1796 3675 o
1826 3621 1855 3675 te
1882 3613 1977 3676 Pater

597 3713 746 3790 procedit,
769 3721 798 3775 et
819 3733 841 3774 o
861 3701 938 3776 Filio
961 3722 1012 3776 tuo
1034 3715 1157 3793 occipit,
1180 3721 1213 3775 ut
1234 3715 1265 3775 in
1289 3715 1443 3794 Scriptura
1466 3732 1555 3777 sacra
1577 3714 1698 3796 legitur.
1723 3712 1894 3792 Aliquando
1918 3713 1976 3774 ad-

599 3810 682 3888 dunt,
705 3814 818 3892 occipit
839 3832 877 3874 eo
898 3831 976 3894 quoe
997 3811 1041 3876 ad
1061 3814 1142 3876 iltius
1163 3815 1325 3874 essentiam
1336 3815 1496 3896 pertineat,
1518 3831 1596 3894 quae
1613 3816 1790 3876 sententiaa
1803 3811 1977 3875 Latinorum

600 3908 766 3992 'lbeologia
788 3927 849 3972 non
871 3913 994 3974 multum
1016 3911 1086 3975 abit.
1108 3912 1151 3974 lta
1173 3911 1336 3993 Dionysius
1358 3911 1504 3976 Barsalibi
1525 3914 1557 3974 io
1578 3931 1633 3976 sua
1648 3912 1795 3994 Litargia,
1820 3911 1976 3974 llatbaeus

599 4009 706 4072 Pastor
728 4010 759 4070 in
782 4027 852 4072 sua:
876 4019 907 4074 et
929 4012 959 4074 in
983 4030 1019 4074 ea
1042 4011 1132 4093 Xysti
1154 4011 1234 4076 idem
1257 4011 1377 4092 legitur.

687 4108 861 4188 Symbolum
883 4129 976 4192 porro
998 4111 1174 4187 Nioacnum,
1196 4119 1229 4174 ut
1252 4111 1341 4174 etiam
1362 4110 1583 4191 Apostolicum,
1607 4109 1676 4191 Syri
1698 4127 1760 4174 non
1782 4110 1873 4172 medo
1892 4109 1976 4174 Ara-

598 4207 665 4270 bica
695 4206 813 4289 lingua,
842 4227 920 4290 quae
942 4210 1105 4274 vernacula
1136 4218 1199 4286 est,
1227 4210 1283 4274 sed
1306 4210 1430 4300 Syriaca
1452 4228 1541 4290 quam
1563 4210 1653 4290 pauci
1675 4210 1774 4272 sciunt
1796 4210 1827 4272 in
1848 4209 1976 4291 privatis

598 4306 741 4387 precibus
758 4310 888 4372 recitare
912 4309 1020 4372 solent.
1042 4310 1077 4372 ln
1098 4309 1237 4372 Ecclesia
1253 4326 1338 4387 vero,
1361 4309 1540 4390 praesertim
1561 4311 1641 4372 inter
1654 4308 1812 4372 Missurum
1824 4308 1973 4386 solennia,

598 4423 659 4468 non
682 4407 771 4470 aliter
793 4427 881 4488 quam
904 4410 1029 4490 Syriaca
1051 4409 1111 4473 dici
1133 4410 1227 4474 solet:
1259 4417 1292 4472 ut
1323 4407 1403 4489 apud
1430 4407 1584 4474 lacobitas
1613 4407 1805 4491 Aegyptios,
1836 4408 1975 4488 Coptica.

596 4504 641 4566 lta
664 4506 742 4570 enim
765 4516 961 4590 praeceptum
976 4511 1129 4590 reperitur
1142 4511 1172 4572 in
1184 4509 1456 4574 constitutionibus
1467 4505 1729 4584 Patriarcbalibus,
1752 4514 1785 4568 ut
1801 4505 1977 4571 Orationem

598 4605 783 4670 Dominicam
806 4617 837 4672 et
859 4608 1033 4690 Symbolum
1054 4612 1142 4690 pueri
1165 4608 1293 4690 Coptica
1316 4607 1510 4670 docerentur.
1548 4605 1583 4668 ln
1603 4605 1696 4668 Libro
1719 4605 1879 4670 Ministerii
1900 4607 1977 4670 Dia-

599 4707 697 4768 conici
718 4706 831 4770 Rornae
854 4708 947 4784 edito,
971 4707 1145 4790 Symbolum
1168 4709 1333 4772 Nicaenum
1349 4708 1474 4788 Syriace
1498 4717 1529 4771 et
1550 4707 1683 4772 Arabiae
1705 4705 1847 4785 refertur,
1871 4723 1977 4768 venam

598 4813 630 4867 nt
652 4809 715 4870 tct'a
738 4808 905 4872 orationum
929 4809 1026 4870 series
1048 4808 1216 4890 adjunctam
1231 4809 1356 4872 similem
1372 4808 1544 4872 versionem
1557 4805 1658 4884 babet,
1682 4823 1739 4868 nec
1762 4813 1863 4868 tamen
1884 4805 1976 4886 quid·

599 4924 688 4986 quam
710 4905 843 4969 Arabica
865 4907 982 4970 canitur
1001 4915 1052 4970 aut
1074 4908 1133 4970 alta
1155 4925 1232 4970 voce
1254 4908 1489 4990 pronunciatur,
1510 4923 1571 4970 non
1594 4905 1683 4968 aliurn
1706 4923 1792 4968 mum
1813 4903 1904 4968 babet
1926 4903 1976 4966 illa

597 5006 736 5087 symboli,
748 5007 806 5070 nisi
817 5015 850 5068 ut
859 5005 981 5089 linguae
990 5006 1133 5089 Syriacae
1148 5025 1253 5087 param
1265 5007 1381 5087 peritis,
1394 5005 1530 5070 subsidio
1542 5023 1613 5070 esse
1625 5005 1733 5087 possit.
1760 5003 1978 5084 Antiquissima
