4784 6040
724 640 763 715 IN
790 638 995 718 tltoaatau
1022 638 1196 715 ottoonu
1222 639 1484 718 hBULFARAGll.
1709 645 1785 719 469

410 825 528 887 sionem
550 822 655 886 eadem
677 821 780 904 lingua
809 823 840 884 in
862 823 1042 907 Polyglottis
1071 823 1287 886 Parisiensihus
1311 824 1435 902 editam,
1465 841 1543 904 quae
1572 828 1726 907 reperitur
1752 831 1783 891 in

413 923 488 986 Cod.
511 921 571 984 lllS.
595 920 780 1000 Colbertina,
803 937 841 984 ea
864 923 961 1003 ipsum
983 919 1195 1004 Abuliergium
1225 929 1360 984 autorem
1390 921 1503 986 hahere
1533 923 1652 988 dicitur.
1698 927 1784 992 Alius

412 1023 501 1084 etiam
524 1022 643 1084 omnino
667 1018 722 1082 luit
743 1023 780 1098 is,
804 1040 893 1102 quem
916 1019 1099 1098 Ebc-Ethof
1116 1027 1234 1084 vocant.

494 1118 587 1194 ‘Quod
610 1138 649 1181 ex
671 1119 738 1182 Ebn
761 1119 904 1184 Chalioan
931 1117 1026 1182 refert
1054 1117 1232 1194 Pocockius,
1256 1119 1293 1180 de
1317 1119 1383 1200 ejus
1406 1119 1483 1182 lama
1507 1121 1672 1200 doctrinae,
1697 1124 1787 1185 etiam

412 1218 491 1300 apud
515 1216 760 1297 hluhamedanos,
784 1228 902 1282 constat
924 1237 964 1281 ex
986 1219 1077 1280 variis
1109 1225 1245 1279 autorum
1269 1217 1465 1280 testimoniis:
1498 1218 1535 1282 dc
1567 1221 1633 1300 aJ'us
1656 1221 1695 1282 ad
1716 1221 1787 1283 hlu-

412 1315 607 1380 hamedanam
642 1317 796 1396 perfidiam
827 1319 980 1400 apostasia
1016 1333 1173 1392 censemus
1210 1316 1396 1379 mendacium
1435 1335 1505 1379 esse
1541 1320 1786 1401 nugacissimum,

413 1415 493 1498 quod
528 1417 616 1477 unico
647 1425 824 1497 argumento
856 1419 930 1479 satis
959 1415 1115 1479 refellitur.
1167 1415 1309 1496 Sepultus
1341 1423 1387 1479 est
1417 1417 1495 1478 enim
1525 1417 1556 1478 in
1586 1417 1785 1481 Monasterio:

342 1555 346 1566 -
413 1533 500 1598 quam
523 1513 719 1596 sepulturam,
748 1523 780 1577 ut
810 1516 972 1578 Christiani
989 1523 1149 1596 apostatae
1180 1533 1241 1577 non
1273 1515 1516 1593 concessissent,
1547 1515 1586 1578 ita
1616 1515 1785 1579 infidehhus

412 1615 570 1676 maximam
604 1612 758 1676 habuisset
790 1615 981 1696 turpitudinis
1013 1623 1122 1676 notam.
1180 1611 1241 1676 Sed
1270 1615 1359 1676 etiam
1392 1615 1419 1676 si
1449 1615 1489 1677 ita
1518 1615 1693 1696 scripsisset
1719 1614 1785 1676 Ebu

413 1713 566 1792 chalican,
590 1713 700 1795 exigua
725 1713 805 1776 circa
828 1733 879 1776 res
911 1713 1145 1777 Christianorum
1180 1712 1254 1775 tides
1285 1713 1351 1793 ejus
1381 1714 1440 1776 erit
1473 1713 1552 1794 apud
1583 1732 1704 1790 omnes,
1735 1713 1786 1793 qui

415 1829 539 1876 crassae
564 1819 595 1873 et
617 1811 772 1892 plusquam
797 1812 882 1874 anilis
904 1814 935 1874 in
958 1831 1012 1876 sua
1034 1819 1120 1874 secla
1143 1813 1366 1892 superstitionis
1379 1813 1508 1894 vestigia
1531 1813 1639 1893 inejus
1662 1813 1793 1876 historia.

412 1911 524 1991 passim
548 1909 757 1972 observarunt.
788 1909 866 1972 Nihil
890 1930 930 1972 ex
952 1909 1037 1973 titulo
1060 1909 1165 1972 Patris
1188 1910 1303 1987 Sancti,
1326 1911 1517 1973 etAetistitis
1534 1911 1785 1986 Christianorum,

413 2007 516 2092 colligi
540 2014 655 2088 posset,
679 2009 704 2069 si
728 2007 893 2070 calumniae
917 2008 1002 2070 istius
1026 2007 1113 2072 color
1134 2009 1241 2090 aliquis
1265 2009 1359 2072 leret:
1383 2011 1576 2089 nequeenim
1601 2010 1659 2072 illis
1681 2011 1785 2073 verbis
1883 2071 1887 2078 .

412 2101 487 2170 tides
511 2115 562 2170 aut
583 2123 685 2168 mores
707 2106 835 2170 hominis
859 2107 1155 2189 commendabantur,
1179 2109 1233 2172 sed
1256 2108 1385 2192 dignitas
1413 2126 1500 2189 quam
1528 2110 1557 2171 in
1569 2109 1706 2172 Ecclesia
1730 2127 1785 2172 sua

413 2206 566 2270 obtinebat
589 2205 822 2287 significabatur.

498 2305 592 2368 Multa
621 2321 713 2384 porro
744 2303 958 2386 Ahullaragius
988 2306 1126 2385 scripsit;
1162 2313 1285 2385 praeter
1316 2305 1543 2368 Grammatioam
1569 2305 1692 2388 linguae
1724 2304 1784 2385 Sy-

412 2405 532 2482 riacae,
563 2411 593 2465 et
622 2401 784 2465 Historiam
815 2420 893 2484 quae
922 2403 986 2466 sola
1017 2403 1183 2466 Pococlrius
1219 2403 1345 2470 viderat.
1391 2404 1435 2467 Ea
1465 2412 1563 2467 autem
1594 2405 1659 2486 ejus
1689 2420 1785 2486 opera

413 2504 552 2570 vidimus,
1703 2511 1706 2517 '

499 2602 706 2663 Grammatico
727 2599 859 2682 Syriaca
881 2599 1072 2682 amplissima,
1097 2603 1145 2664 cui
1168 2602 1307 2683 adjuncta
1331 2608 1379 2664 est
1400 2599 1460 2663 Ars
1483 2603 1626 2682 metrica,
1659 2601 1784 2682 Syriaca

412 2700 449 2762 ah
473 2707 578 2762 autore
601 2700 724 2779 scripta,
748 2707 779 2761 et
801 2695 932 2761 hrahioe
955 2699 992 2761 ah
1015 2701 1097 2780 ipso,
1128 2707 1159 2762 ut
1182 2701 1347 2763 existimari
1368 2709 1481 2781 potest,
1506 2709 1612 2764 autore
1635 2717 1785 2764 conversa

413 2807 510 2862 extat:
533 2800 563 2861 in
585 2797 661 2862 bibl.
685 2796 858 2860 Col'hertina
883 2805 914 2859 et
936 2797 967 2858 in
990 2798 1162 2861 Medioca-

498 2897 722 2960 Grammaticoe
745 2897 952 2976 compendium
973 2899 1046 2960 satis
1077 2897 1238 2978 prolixum,
1262 2898 1427 2961 secundum
1450 2897 1618 2961 Dialectum
1648 2898 1785 2960 Edesse-

413 3015 492 3075 nam,
516 3014 594 3078 quae
615 2993 760 3058 Nisibena
783 2995 890 3075 purior
913 2994 1007 3058 fuisse
1031 2995 1154 3058 dicitur:
1179 2997 1303 3078 Syriaca
1326 2997 1356 3058 in
1378 2997 1524 3061 ltledicea.

500 3095 712 3175 compendium
746 3093 960 3172 Philosophiae
992 3093 1206 3157 Aristotelicae
1233 3094 1397 3157 secundum
1432 3095 1574 3158 librorum
1611 3095 1783 3159 Aristotelis

413 3193 548 3256 ordinem
572 3212 638 3255 cum
661 3209 764 3255 eorum
787 3192 926 3272 Epitome
949 3191 1084 3273 Syriaco,
1107 3191 1237 3256 ibidem

499 3291 712 3371 Compendiom
733 3291 869 3371 tropicae
891 3291 1027 3371 Syrisce,
1050 3293 1079 3354 in
1103 3292 1209 3354 cadem
1231 3291 1377 3354 Medicea.

498 3391 695 3470 Philosophia
716 3393 837 3470 integra
859 3390 984 3472 Syriace
1008 3391 1028 3453 2
1050 3391 1124 3467 vol„
1146 3392 1176 3452 in
1199 3390 1314 3454 eadem.

499 3479 711 3567 compendium
733 3487 948 3551 Armononrioe
970 3497 1000 3551 et
1022 3487 1280 3570 Cosmopraphiae
1301 3490 1426 3571 Syriaco
1447 3489 1478 3550 in
1501 3489 1607 3572 llegia.

498 3589 661 3652 Sermones
683 3587 787 3650 Ethici
807 3597 836 3650 et
858 3588 1064 3668 Philosophici
1086 3589 1211 3669 Syriaca
1233 3591 1264 3651 in
1285 3587 1431 3652 Medicea.

500 3686 585 3760 Quae
607 3684 645 3746 ad
668 3685 866 3749 Christianam
888 3687 1076 3769 Religionem
1099 3695 1239 3768 spectant
1261 3696 1340 3752 sunt.
1392 3686 1672 3750 Demonstrationes
1694 3687 1784 3748 intel-

413 3789 565 3864 lectuales,
589 3803 645 3848 seu
668 3786 818 3866 expositio
842 3795 872 3850 et
896 3787 1111 3850 demonstratio
1134 3786 1300 3868 Religionis
1319 3785 1516 3850 Christianae.
1539 3785 1629 3848 Extat
1652 3786 1784 3847 Arabica

414 3883 590 3947 charactere
615 3882 740 3964 Syriaco
762 3886 792 3946 in
816 3885 891 3948 Bihl.
915 3884 1019 3967 Regia.

500 3983 671 4046 thesaurus
692 3983 911 4066 Mysterr'oram,
936 3984 966 4047 in
988 4003 1048 4065 quo
1070 3984 1155 4048 mulli
1177 4003 1283 4047 sacrae
1303 3984 1477 4064 Scripturas
1499 3983 1560 4046 loci
1582 3983 1782 4064 explicantur,

413 4099 472 4144 non
501 4081 591 4145 modo
622 4082 784 4145 secundum
808 4082 924 4145 literam
955 4101 994 4146 ex
1016 4084 1106 4168 Lxx.
1130 4085 1349 4165 interpretum,
1377 4081 1523 4162 Aquilae,
1555 4079 1722 4163 Symmachi
1753 4090 1784 4143 ct

412 4181 539 4243 aliorum
560 4178 853 4257 versionibus,'sed
877 4182 965 4244 etiam
988 4185 1152 4247 secundum
1175 4183 1339 4247 doctrinam
1368 4181 1420 4246 SS.
1452 4181 1569 4244 Patrum
1599 4181 1784 4243 Graecorum

412 4287 443 4341 et
465 4265 620 4360 Syrorum,
644 4297 720 4360 quos
743 4281 822 4342 inter
849 4280 1038 4344 adducuntur
1065 4283 1167 4346 hloses
1197 4281 1370 4362 Barcepha,
1397 4281 1531 4343 loannes
1559 4281 1722 4356 Darensis,
1752 4288 1784 4340 et

412 4379 575 4461 Dionysius
599 4379 754 4442 Barsalihi.
799 4379 891 4443 Extat
914 4383 944 4442 in
967 4381 1030 4444 Bih.
1053 4381 1191 4444 Medicea
1214 4382 1344 4445 Arabica
1368 4380 1543 4442 charactere
1567 4380 1703 4461 Syriaco.

500 4477 641 4543 Collectio
664 4481 820 4544 Caranum
843 4491 872 4544 et
894 4481 1143 4545 Constimtionum
1173 4481 1279 4542 Civilis
1300 4479 1387 4541 Juris
1408 4497 1464 4560 per
1485 4478 1572 4542 locos
1601 4495 1784 4551 communes,

411 4584 491 4658 'opas
514 4579 665 4646 eximium.
710 4581 801 4644 Extat
824 4582 949 4661 Syriaco
979 4580 1204 4665 elegantissime
1234 4581 1347 4660 scripta
1377 4579 1406 4640 in
1436 4578 1501 4641 Bih.
1532 4576 1722 4655 Colbertina,
1750 4583 1784 4637 ut

412 4675 521 4738 ibidem
545 4681 635 4742 totius
657 4682 760 4761 operis
782 4682 885 4743 versio
908 4679 1048 4742 Arabica.
1093 4679 1256 4761 lleperitur
1278 4679 1368 4742 etiam
1390 4679 1420 4739 in
1442 4675 1587 4739 Medicea.

498 4775 636 4840 Historia
656 4779 874 4861 Dyrtusticrum
897 4786 980 4842 extat
1001 4779 1030 4840 in
1058 4781 1150 4841 variis
1173 4777 1376 4854 Bibliothecis,
1398 4777 1509 4858 etjam
1531 4782 1577 4838 est
1599 4776 1629 4838 in
1652 4774 1782 4837 omnium

412 4873 548 4938 manibus
570 4891 629 4954 per
650 4877 819 4940 editionem.
847 4877 921 4940 Eam
942 4883 1031 4940 autor
1053 4877 1179 4959 Syriaca
1202 4879 1292 4941 etiam
1313 4877 1490 4957 scripserat,
1513 4881 1545 4936 ut
1566 4881 1639 4937 nota
1660 4873 1781 4937 Codicis

412 4971 541 5036 bledicei
565 4972 661 5036 docet.
706 4975 779 5056 EJus
802 4976 904 5056 operis
927 4975 1085 5055 Epitomen
1108 4976 1198 5040 hahet
1221 4977 1298 5039 alter
1327 4973 1434 5038 Codex
1460 4973 1538 5036 illius
1568 4972 1781 5036 Bibliothecae.

414 5071 488 5132 Sunt
512 5069 568 5133 alia
592 5091 670 5153 quae
693 5073 730 5137 ad
753 5075 886 5138 notitiam
908 5082 1041 5137 nostram
1064 5092 1123 5137 non
1146 5084 1361 5156 pervenerunt.

1422 5231 1427 5236 '
1495 5226 1569 5299 62*
