4804 6026
600 643 630 719 a
656 641 792 720 nacon
818 643 1003 722 nomon
1027 633 1184 726 vatins
1210 585 1354 725 nomn.
1616 651 1664 725 31

292 825 467 923 Seraphim
502 827 619 924 quibus
653 829 728 902 alae
755 853 840 920 sex,
876 835 931 928 qui
967 832 1095 906 duabus
1131 831 1192 908 alis
1230 844 1347 926 tegunt
1378 834 1483 908 iacies
1520 858 1598 910 suas
1632 848 1667 909 et

292 943 418 1017 duabus
445 945 563 1041 pedes,
591 945 784 1044 duobusque
811 946 893 1020 alter
927 950 970 1020 ad
996 949 1136 1026 alterum
1162 950 1345 1024 volitantes
1371 950 1513 1025 vocibus
1541 953 1664 1026 indeli-

291 1061 464 1150 cientibus,
492 1072 526 1134 et
553 1061 739 1156 Theologia
766 1087 834 1137 non
860 1069 1119 1157 conticescente,
1144 1065 1301 1162 hymnum
1328 1065 1558 1164 triumphalem
1584 1093 1664 1143 rna-

290 1177 581 1268 gnilicentissimae
607 1179 749 1272 gloriae,
776 1203 865 1254 voce
892 1203 1016 1254 canora
1039 1184 1227 1276 concinunt,
1253 1182 1408 1277 clamant,
1434 1183 1664 1260 vociferantur

289 1303 324 1364 et
350 1293 471 1366 dicunt.
921 1369 925 1378 ,

391 1410 554 1504 Populea.
587 1411 742 1501 Sanctus,
776 1412 936 1503 Sanctus,
964 1414 1106 1486 Sanetus
1141 1436 1178 1486 es
1211 1414 1355 1487 Domino
1381 1413 1473 1490 Deus
1501 1417 1662 1509 Sbaaotb,

287 1523 376 1620 pleni
403 1531 491 1598 enim
518 1537 594 1599 sunt
620 1527 705 1601 coeli
732 1539 766 1600 et
793 1539 894 1621 terra,
920 1528 1050 1623 gloria,
1083 1528 1211 1603 honore
1238 1539 1272 1602 et
1297 1535 1473 1624 majestate
1499 1545 1555 1608 tua
1581 1535 1661 1608 Do-

287 1641 384 1729 mine,
412 1639 571 1714 Hosanna
599 1645 633 1714 in
659 1644 815 1717 excelsis.
841 1644 1041 1717 Benedictus
1069 1648 1124 1740 qui
1150 1649 1244 1719 venit
1272 1658 1305 1719 et
1340 1649 1394 1743 qui
1420 1658 1581 1722 venturus
1608 1659 1662 1721 est

287 1759 319 1828 in
345 1761 480 1831 nomine
506 1759 651 1833 Domini.
692 1760 852 1834 Hosanna
880 1763 913 1832 in
940 1762 1096 1834 excelsis.

389 1871 565 1976 Sacerdos
590 1877 782 1948 inclinatus.
808 1876 901 1949 Vere
923 1889 1057 1952 sanctus
1085 1899 1144 1966 eS,
1165 1901 1229 1949 rex
1256 1877 1466 1952 saeculorum
1492 1889 1527 1952 et
1552 1883 1659 1953 omnis

287 1993 469 2064 sanctitatis
501 1992 658 2085 largitor;
699 2003 833 2066 sanctus
867 1997 966 2066 etiam
1001 1997 1189 2086 unigenitus
1222 1993 1324 2068 Filius
1361 2004 1456 2085 tuus,
1496 1993 1658 2068 Dominus

288 2105 381 2179 Deus
410 2116 444 2178 et
469 2107 629 2181 Salvator
654 2121 768 2182 noster
794 2109 895 2182 Jesus
923 2107 1091 2184 Christus:
1118 2120 1252 2182 sanctus
1284 2114 1382 2182 etiam
1409 2111 1551 2206 Spiritus
1583 2098 1680 2186 tuus¹

285 2233 433 2314 sanctus,
461 2225 515 2319 qui
542 2235 707 2297 scrutatur
733 2229 855 2315 omnia,
882 2229 981 2297 etiam
1007 2223 1170 2321 prolunda
1196 2237 1265 2318 tua,
1290 2225 1384 2299 Deus
1411 2225 1521 2300 Pater.
1562 2227 1657 2300 San·

213 2379 215 2384 .
286 2351 357 2412 ctus
385 2343 472 2412 enim
499 2363 537 2414 es
565 2344 620 2436 qui
647 2344 757 2414 omnia
784 2345 954 2431 contines,
981 2345 1209 2437 omnipotens,
1236 2341 1409 2433 terribilis,
1434 2341 1554 2432 bonus,
1583 2367 1658 2416 cum

284 2459 453 2550 unigenito
479 2455 566 2529 Filio
592 2465 660 2545 tuo,
688 2461 742 2553 qui
768 2461 960 2553 passionum
987 2461 1156 2554 particeps
1183 2457 1253 2546 luit,
1281 2468 1315 2530 et
1339 2462 1486 2530 maxime
1518 2466 1657 2555 propter

283 2569 447 2646 bominem
473 2571 664 2666 figmentum
690 2583 793 2663 tuum,
820 2597 918 2669 quem
945 2597 965 2645 e
991 2583 1080 2645 terra
1105 2571 1278 2665 fomnasti,
1318 2582 1352 2645 et
1378 2579 1577 2648 concessisti
1611 2575 1658 2647 illi

284 2687 419 2761 delicias
437 2677 602 2785 'paradisi
630 2687 715 2762 Cum
747 2712 832 2763 vero
870 2699 1104 2781 transgressus
1138 2699 1231 2761 esset
1259 2691 1447 2763 mandatum
1482 2701 1586 2778 tuum,
1623 2699 1657 2760 ct

283 2805 417 2893 cecidit,
450 2828 517 2878 non
549 2805 730 2898 neglexisti
757 2816 813 2877 aut
847 2805 1051 2902 dereliquisti
1077 2804 1183 2894 illum,
1220 2806 1378 2896 obone,
1406 2808 1467 2880 sed
1492 2807 1657 2878 reduxisti

281 2919 387 3011 illum,
424 2923 509 2994 sicut
534 2931 629 3017 pater
664 2945 814 2994 summae
847 2921 1104 2995 misericordiae.
1157 2919 1298 2995 Vocasti
1329 2945 1403 2994 cum
1437 2945 1499 3020 per
1530 2922 1654 3015 legem,

282 3037 433 3110 direxisti
475 3061 551 3110 eum
590 3060 651 3133 per
692 3038 895 3134 Prophetas:
932 3038 1074 3133 denique
1109 3037 1210 3110 lilium
1251 3047 1339 3110 tuum
1378 3043 1582 3132 unigenitum
1621 3041 1655 3110 in

281 3154 435 3226 mundum
460 3156 589 3242 misisti,
616 3164 652 3225 ut
677 3157 855 3258 imaginem
881 3165 970 3227 tuam
995 3165 1196 3242 renovarct;
1231 3157 1285 3248 qui
1320 3154 1508 3245 descendit,
1536 3167 1569 3228 et
1595 3160 1653 3229 in-

282 3281 437 3342 carnatus
464 3280 516 3342 est
542 3269 584 3341 de
610 3271 735 3366 Spiritu
763 3279 892 3356 sancto,
920 3280 953 3342 et
979 3292 1024 3341 ex
1052 3280 1166 3342 sancta
1195 3271 1362 3342 Genitrice
1395 3272 1460 3343 Dei
1495 3293 1652 3366 semper-

282 3409 345 3480 que
371 3387 506 3479 virgine
531 3386 651 3474 Maria,
678 3396 964 3481 conversatusque
996 3395 1049 3458 est
1082 3409 1157 3456 cum
1188 3385 1373 3459 hominibus
1408 3396 1442 3457 et
1473 3389 1582 3458 omnia
1609 3386 1652 3457 ad

281 3505 416 3594 generis
442 3503 548 3575 nostri
574 3498 713 3574 salutem
738 3503 884 3575 instituit.

383 3618 430 3688 Et
457 3617 594 3689 clevans
618 3639 736 3689 cocem
761 3619 891 3711 accipit
918 3616 1083 3704 Oblatum,
1111 3623 1146 3688 ct
1171 3618 1264 3687 dicit.

384 3731 469 3806 Cum
495 3755 581 3827 ergo
608 3744 823 3830 suscepturus
850 3742 942 3806 essct
967 3741 1107 3806 mortem
1122 3731 1343 3806 voluntariam
1360 3755 1422 3830 pro
1448 3729 1545 3806 nobis
1561 3739 1650 3828 pec-

279 3849 458 3936 catoribus,
473 3853 560 3944 ipse
586 3853 739 3922 immunis
766 3873 786 3922 a
813 3857 973 3946 peccato,
1009 3851 1043 3920 in
1078 3872 1119 3921 ea
1154 3859 1253 3922 nocte
1280 3870 1344 3943 qua
1371 3849 1550 3922 tradendus
1577 3861 1650 3922 erat

278 3989 340 4062 pro
366 3968 437 4038 vita
465 3975 499 4037 et
525 3964 631 4038 salute
658 3966 779 4055 mundi,
807 3967 937 4060 accepit
962 3987 1081 4060 panem
1110 3969 1143 4036 in
1169 3987 1286 4037 manus
1303 3987 1382 4039 suas
1410 3976 1552 4054 sanctas,
1580 3969 1648 4037 im-

278 4077 475 4169 maculatas,
501 4090 535 4152 et
560 4083 846 4170 incontaminatas,
875 4091 909 4154 et
934 4080 1055 4153 levatis
1083 4082 1188 4161 oculis
1214 4084 1248 4152 in
1275 4081 1415 4171 coelum,
1443 4085 1576 4179 aspexit
1607 4081 1649 4154 ad

278 4207 311 4270 te
337 4195 564 4284 DeusPater,
591 4207 625 4268 et
650 4200 776 4292 gratias
805 4219 925 4290 agens,
950 4195 1138 4285 benedixit,
1165 4195 1190 4288 †
1217 4197 1454 4287 sanctificavit,
1480 4200 1509 4287 d
1534 4197 1647 4290 fregit,

281 4315 359 4401 †et
386 4311 474 4384 dedit
501 4311 665 4407 discipulis
699 4317 767 4388 suis
795 4318 918 4389 sanctis
936 4325 970 4387 et
987 4313 1163 4408 Apostolis
1195 4312 1326 4385 dicens:
1360 4317 1519 4410 accipite,
1545 4337 1648 4386 man-
1761 4317 1764 4324 '

279 4427 396 4499 ducate
423 4449 537 4500 exeo
564 4449 628 4502 vos
656 4447 784 4518 omnes,
810 4427 885 4503 Hoc
911 4439 964 4504 ost
990 4452 1112 4524 corpus
1139 4451 1261 4521 meum,
1289 4430 1377 4524 quod
1402 4453 1464 4526 pro
1486 4429 1586 4504 vobis
1613 4441 1648 4503 et

276 4567 338 4642 pro
365 4541 474 4616 multis
501 4542 662 4636 frangitur
697 4555 731 4616 et
757 4546 871 4635 datur,
906 4550 940 4618 in
972 4548 1204 4618 remissionem
1236 4555 1449 4639 peccatorum
1483 4556 1517 4618 et
1542 4549 1644 4618 vitam

275 4670 453 4732 aeternam.
877 4731 881 4744 ,

379 4775 563 4849 Sacerdos.
589 4775 747 4850 Similiter
773 4779 873 4850 etiam
899 4787 934 4849 et
958 4777 1099 4851 cabcem
1113 4786 1289 4873 postquam
1315 4787 1554 4865 coenaverunt,
1574 4779 1643 4847 mi-

276 4915 375 4967 scens
401 4893 482 4964 vino
509 4902 543 4965 et
570 4915 672 4988 aqua,
700 4903 735 4965 ot
760 4897 885 4988 gratias
913 4914 1020 4985 agens
1047 4895 1076 4982 ’ς
1103 4891 1272 4965 benedixit
1302 4890 1329 4987 †
1355 4893 1591 4979 sanctificavit,
1617 4887 1644 4982 †

277 5019 309 5081 et
334 5007 424 5081 dedit
448 5008 566 5081 iisdem
594 5007 761 5106 discipulis
788 5019 823 5081 et
848 5008 1022 5105 Apostolis
1048 5012 1172 5082 sanctis
1199 5007 1322 5082 dicens.
1348 5008 1514 5106 Accipite,
1539 5002 1644 5079 bibite

278 5145 322 5196 ex
349 5147 391 5199 eo
419 5145 483 5200 vos
510 5146 637 5199 omnes.
664 5125 727 5199 llic
752 5133 805 5202 est
831 5128 967 5220 sanguis
997 5147 1092 5198 meus
1118 5123 1324 5200 Testamenti
1355 5127 1454 5216 novi,
1490 5127 1545 5221 qui
1579 5141 1643 5217 pro
