<?xml version="1.0" encoding="UTF-8"?>
<!DOCTYPE html PUBLIC "-//W3C//DTD XHTML 1.0 Transitional//EN"
    "http://www.w3.org/TR/xhtml1/DTD/xhtml1-transitional.dtd">
<html xmlns="http://www.w3.org/1999/xhtml" xml:lang="en" lang="en">
 <head>
  <title>
</title>
<meta http-equiv="Content-Type" content="text/html;charset=utf-8" />
  <meta name='ocr-system' content='tesseract 3.04.00' />
  <meta name='ocr-capabilities' content='ocr_page ocr_carea ocr_par ocr_line ocrx_word'/>
</head>
<body>
  <div class='ocr_page' id='page_1' title='image "./liturgiarumorie04renagoog_0092.png"; bbox 0 0 4804 6026; ppageno 0'>
   <div class='ocr_carea' id='block_1_1' title="bbox 624 619 1679 700">
    <p class='ocr_par' dir='ltr' id='par_1_1' title="bbox 624 619 1679 700">
     <span class='ocr_line' id='line_1_1' title="bbox 624 619 1679 700; baseline -0.007 0"><span class='ocrx_word' id='word_1_1' title='bbox 624 623 676 700; x_wconf 88' lang='lat' dir='ltr'><strong>IN</strong></span> <span class='ocrx_word' id='word_1_2' title='bbox 710 622 1022 700; x_wconf 85' lang='lat' dir='ltr'><strong>LlTURGIAS</strong></span> <span class='ocrx_word' id='word_1_3' title='bbox 1057 620 1339 699; x_wconf 82' lang='lat' dir='ltr'><strong>SYRIACAS.</strong></span> <span class='ocrx_word' id='word_1_4' title='bbox 1630 619 1679 694; x_wconf 84' lang='lat'><strong>55</strong></span> 
     </span>
    </p>
   </div>
   <div class='ocr_carea' id='block_1_2' title="bbox 204 803 1939 2869">
    <p class='ocr_par' dir='ltr' id='par_1_2' title="bbox 301 803 1680 988">
     <span class='ocr_line' id='line_1_2' title="bbox 301 803 1680 892; baseline -0.004 -21"><span class='ocrx_word' id='word_1_5' title='bbox 301 804 369 892; x_wconf 76' lang='lat' dir='ltr'><strong>tlrp.</strong></span> <span class='ocrx_word' id='word_1_6' title='bbox 415 810 541 871; x_wconf 88' lang='lat' dir='ltr'><strong>Diaconi</strong></span> <span class='ocrx_word' id='word_1_7' title='bbox 563 807 635 870; x_wconf 92' lang='lat' dir='ltr'><strong>illud</strong></span> <span class='ocrx_word' id='word_1_8' title='bbox 658 816 728 870; x_wconf 89' lang='lat' dir='ltr'><strong>ante</strong></span> <span class='ocrx_word' id='word_1_9' title='bbox 750 816 858 889; x_wconf 91' lang='lat' dir='ltr'><strong>pectus</strong></span> <span class='ocrx_word' id='word_1_10' title='bbox 887 807 919 870; x_wconf 90' lang='lat' dir='ltr'><strong>in</strong></span> <span class='ocrx_word' id='word_1_11' title='bbox 949 805 1074 868; x_wconf 90' lang='lat' dir='ltr'><strong>lormam</strong></span> <span class='ocrx_word' id='word_1_12' title='bbox 1103 805 1201 868; x_wconf 90' lang='lat' dir='ltr'><strong>erucis</strong></span> <span class='ocrx_word' id='word_1_13' title='bbox 1230 824 1293 870; x_wconf 89' lang='lat' dir='ltr'><strong>non</strong></span> <span class='ocrx_word' id='word_1_14' title='bbox 1323 807 1465 888; x_wconf 83' lang='lat' dir='ltr'><strong>cingunt,</strong></span> <span class='ocrx_word' id='word_1_15' title='bbox 1497 812 1529 867; x_wconf 93' lang='lat' dir='ltr'><strong>ut</strong></span> <span class='ocrx_word' id='word_1_16' title='bbox 1559 803 1680 868; x_wconf 89' lang='lat' dir='ltr'><strong>tradunt</strong></span> 
     </span>
     <span class='ocr_line' id='line_1_3' title="bbox 301 903 1613 988; baseline -0.005 -16"><span class='ocrx_word' id='word_1_17' title='bbox 301 908 492 972; x_wconf 87' lang='lat' dir='ltr'><strong>Pontifieales</strong></span> <span class='ocrx_word' id='word_1_18' title='bbox 514 907 584 974; x_wconf 81' lang='lat' dir='ltr'><strong>libri</strong></span> <span class='ocrx_word' id='word_1_19' title='bbox 606 909 692 988; x_wconf 85' lang='lat' dir='ltr'><strong>varii,</strong></span> <span class='ocrx_word' id='word_1_20' title='bbox 716 915 747 972; x_wconf 91' lang='lat' dir='ltr'><strong>et</strong></span> <span class='ocrx_word' id='word_1_21' title='bbox 770 907 848 970; x_wconf 91' lang='lat' dir='ltr'><strong>idem</strong></span> <span class='ocrx_word' id='word_1_22' title='bbox 870 913 1020 970; x_wconf 80' lang='lat' dir='ltr'><strong>testantur</strong></span> <span class='ocrx_word' id='word_1_23' title='bbox 1041 906 1179 984; x_wconf 79' lang='lat' dir='ltr'><strong>picturae</strong></span> <span class='ocrx_word' id='word_1_24' title='bbox 1202 905 1271 968; x_wconf 89' lang='lat' dir='ltr'><strong>illae</strong></span> <span class='ocrx_word' id='word_1_25' title='bbox 1295 903 1414 968; x_wconf 90' lang='lat' dir='ltr'><strong>Codicis</strong></span> <span class='ocrx_word' id='word_1_26' title='bbox 1437 905 1613 968; x_wconf 88' lang='lat' dir='ltr'><strong>Florentini.</strong></span> 
     </span>
    </p>

    <p class='ocr_par' dir='ltr' id='par_1_3' title="bbox 303 1002 1939 1189">
     <span class='ocr_line' id='line_1_4' title="bbox 386 1002 1939 1086; baseline -0.001 -16"><span class='ocrx_word' id='word_1_27' title='bbox 386 1009 433 1072; x_wconf 87' lang='lat' dir='ltr'><strong>De</strong></span> <span class='ocrx_word' id='word_1_28' title='bbox 464 1007 546 1068; x_wconf 88' lang='lat' dir='ltr'><strong>Zona</strong></span> <span class='ocrx_word' id='word_1_29' title='bbox 579 1005 718 1084; x_wconf 84' lang='lat' dir='ltr'>diximus,</span> <span class='ocrx_word' id='word_1_30' title='bbox 752 1013 892 1086; x_wconf 89' lang='lat' dir='ltr'><strong>quantum</strong></span> <span class='ocrx_word' id='word_1_31' title='bbox 930 1023 1006 1086; x_wconf 92' lang='lat' dir='ltr'><strong>opus</strong></span> <span class='ocrx_word' id='word_1_32' title='bbox 1042 1003 1107 1084; x_wconf 89' lang='lat' dir='ltr'><strong>luit,</strong></span> <span class='ocrx_word' id='word_1_33' title='bbox 1137 1005 1168 1066; x_wconf 90' lang='lat' dir='ltr'><strong>in</strong></span> <span class='ocrx_word' id='word_1_34' title='bbox 1194 1002 1415 1067; x_wconf 82' lang='lat' dir='ltr'><strong>Commentario</strong></span> <span class='ocrx_word' id='word_1_35' title='bbox 1446 1004 1484 1067; x_wconf 88' lang='lat' dir='ltr'><strong>ad</strong></span> <span class='ocrx_word' id='word_1_36' title='bbox 1514 1003 1679 1086; x_wconf 84' lang='lat' dir='ltr'><strong>Liturgiam</strong></span> <span class='ocrx_word' id='word_1_37' title='bbox 1727 1011 1808 1064; x_wconf 83' lang='lat' dir='ltr'><strong>zona.</strong></span> <span class='ocrx_word' id='word_1_38' title='bbox 1825 1011 1855 1065; x_wconf 79' lang='lat' dir='ltr'><strong>P.</strong></span> <span class='ocrx_word' id='word_1_39' title='bbox 1875 1005 1939 1068; x_wconf 81' lang='lat'><strong>178.</strong></span> 
     </span>
     <span class='ocr_line' id='line_1_5' title="bbox 303 1108 476 1189; baseline -0.023 -17"><span class='ocrx_word' id='word_1_40' title='bbox 303 1108 476 1189; x_wconf 78' lang='lat' dir='ltr'><strong>Copticam:</strong></span> 
     </span>
    </p>

    <p class='ocr_par' dir='ltr' id='par_1_4' title="bbox 300 1200 1860 1782">
     <span class='ocr_line' id='line_1_6' title="bbox 387 1200 1860 1286; baseline -0.003 -18"><span class='ocrx_word' id='word_1_41' title='bbox 387 1205 574 1286; x_wconf 68' lang='lat' dir='ltr'><strong>manipulum</strong></span> <span class='ocrx_word' id='word_1_42' title='bbox 596 1205 752 1283; x_wconf 87' lang='lat' dir='ltr'><strong>vertimus,</strong></span> <span class='ocrx_word' id='word_1_43' title='bbox 777 1203 858 1285; x_wconf 83' lang='lat' dir='ltr'><strong>quod</strong></span> <span class='ocrx_word' id='word_1_44' title='bbox 869 1204 938 1284; x_wconf 92' lang='lat' dir='ltr'><strong>Syri</strong></span> <span class='ocrx_word' id='word_1_45' title='bbox 960 1212 1071 1266; x_wconf 91' lang='lat' dir='ltr'><strong>vocant</strong></span> <span class='ocrx_word' id='word_1_46' title='bbox 1087 1213 1160 1269; x_wconf 65' lang='lat' dir='ltr'><strong>ttttr</strong></span> <span class='ocrx_word' id='word_1_47' title='bbox 1174 1201 1288 1276; x_wconf 88' lang='lat' dir='ltr'><strong>Zendo,</strong></span> <span class='ocrx_word' id='word_1_48' title='bbox 1310 1209 1343 1264; x_wconf 92' lang='lat' dir='ltr'><strong>ut</strong></span> <span class='ocrx_word' id='word_1_49' title='bbox 1365 1210 1450 1264; x_wconf 89' lang='lat' dir='ltr'><strong>recte</strong></span> <span class='ocrx_word' id='word_1_50' title='bbox 1473 1200 1676 1264; x_wconf 79' lang='lat' dir='ltr'><strong>boderianus:</strong></span> <span class='ocrx_word' id='word_1_51' title='bbox 1727 1201 1860 1270; x_wconf 74' lang='lat' dir='ltr'><strong>manipuli.</strong></span> 
     </span>
     <span class='ocr_line' id='line_1_7' title="bbox 300 1288 1680 1386; baseline -0.006 -18"><span class='ocrx_word' id='word_1_52' title='bbox 300 1304 466 1386; x_wconf 85' lang='lat' dir='ltr'><strong>respondet</strong></span> <span class='ocrx_word' id='word_1_53' title='bbox 479 1312 578 1366; x_wconf 91' lang='lat' dir='ltr'><strong>autem</strong></span> <span class='ocrx_word' id='word_1_54' title='bbox 600 1303 658 1366; x_wconf 93' lang='lat' dir='ltr'><strong>boc</strong></span> <span class='ocrx_word' id='word_1_55' title='bbox 681 1312 890 1366; x_wconf 81' lang='lat' dir='ltr'><strong>ornamentum</strong></span> <span class='ocrx_word' id='word_1_56' title='bbox 912 1302 1025 1384; x_wconf 86' lang='lat' dir='ltr'><strong>duplex</strong></span> <span class='ocrx_word' id='word_1_57' title='bbox 1048 1301 1128 1384; x_wconf 89' lang='lat' dir='ltr'><strong>apud</strong></span> <span class='ocrx_word' id='word_1_58' title='bbox 1142 1301 1249 1382; x_wconf 87' lang='lat' dir='ltr'><strong>Syros,</strong></span> <span class='ocrx_word' id='word_1_59' title='bbox 1273 1309 1306 1362; x_wconf 93' lang='lat' dir='ltr'><strong>ut</strong></span> <span class='ocrx_word' id='word_1_60' title='bbox 1327 1299 1407 1382; x_wconf 87' lang='lat' dir='ltr'><strong>apud</strong></span> <span class='ocrx_word' id='word_1_61' title='bbox 1422 1297 1568 1377; x_wconf 88' lang='lat' dir='ltr'><strong>Graecos,</strong></span> <span class='ocrx_word' id='word_1_62' title='bbox 1590 1288 1680 1361; x_wconf 78' lang='grc' dir='ltr'><em>Ἐπι-</em></span> 
     </span>
     <span class='ocr_line' id='line_1_8' title="bbox 301 1397 1680 1483; baseline -0.005 -17"><span class='ocrx_word' id='word_1_63' title='bbox 301 1400 465 1482; x_wconf 70' lang='lat' dir='ltr'><strong>portatore</strong></span> <span class='ocrx_word' id='word_1_64' title='bbox 486 1404 552 1466; x_wconf 82' lang='lat' dir='ltr'><strong>siue</strong></span> <span class='ocrx_word' id='word_1_65' title='bbox 573 1403 719 1478; x_wconf 80' lang='lat' dir='ltr'><strong>Monieis,</strong></span> <span class='ocrx_word' id='word_1_66' title='bbox 750 1403 788 1466; x_wconf 92' lang='lat' dir='ltr'><strong>dc</strong></span> <span class='ocrx_word' id='word_1_67' title='bbox 819 1420 944 1483; x_wconf 88' lang='lat' dir='ltr'><strong>quarum</strong></span> <span class='ocrx_word' id='word_1_68' title='bbox 975 1401 1070 1464; x_wconf 86' lang='lat' dir='ltr'><strong>lomna</strong></span> <span class='ocrx_word' id='word_1_69' title='bbox 1093 1403 1172 1464; x_wconf 90' lang='lat' dir='ltr'><strong>inter</strong></span> <span class='ocrx_word' id='word_1_70' title='bbox 1196 1399 1367 1462; x_wconf 89' lang='lat' dir='ltr'><strong>Orientales</strong></span> <span class='ocrx_word' id='word_1_71' title='bbox 1397 1397 1584 1462; x_wconf 87' lang='lat' dir='ltr'><strong>Christianos</strong></span> <span class='ocrx_word' id='word_1_72' title='bbox 1608 1397 1680 1460; x_wconf 88' lang='lat' dir='ltr'><strong>nihil</strong></span> 
     </span>
     <span class='ocr_line' id='line_1_9' title="bbox 303 1498 1681 1583; baseline -0.006 -17"><span class='ocrx_word' id='word_1_73' title='bbox 303 1505 378 1566; x_wconf 89' lang='lat' dir='ltr'><strong>certi</strong></span> <span class='ocrx_word' id='word_1_74' title='bbox 402 1502 547 1564; x_wconf 88' lang='lat' dir='ltr'><strong>alllrmare</strong></span> <span class='ocrx_word' id='word_1_75' title='bbox 570 1519 742 1583; x_wconf 91' lang='lat' dir='ltr'><strong>possumus.</strong></span> <span class='ocrx_word' id='word_1_76' title='bbox 788 1502 821 1564; x_wconf 92' lang='lat' dir='ltr'><strong>ln</strong></span> <span class='ocrx_word' id='word_1_77' title='bbox 843 1518 902 1562; x_wconf 90' lang='lat' dir='ltr'><strong>una</strong></span> <span class='ocrx_word' id='word_1_78' title='bbox 925 1501 1108 1582; x_wconf 87' lang='lat' dir='ltr'><strong>picturarum</strong></span> <span class='ocrx_word' id='word_1_79' title='bbox 1132 1499 1249 1562; x_wconf 90' lang='lat' dir='ltr'><strong>illarum</strong></span> <span class='ocrx_word' id='word_1_80' title='bbox 1278 1498 1537 1575; x_wconf 86' lang='lat' dir='ltr'><strong>Florentinarurn,</strong></span> <span class='ocrx_word' id='word_1_81' title='bbox 1568 1498 1681 1560; x_wconf 88' lang='lat' dir='ltr'><strong>Sacer-</strong></span> 
     </span>
     <span class='ocr_line' id='line_1_10' title="bbox 302 1587 1679 1682; baseline -0.001 -18"><span class='ocrx_word' id='word_1_82' title='bbox 302 1602 356 1665; x_wconf 90' lang='lat' dir='ltr'><strong>dos</strong></span> <span class='ocrx_word' id='word_1_83' title='bbox 380 1608 641 1682; x_wconf 87' lang='lat' dir='ltr'><strong>rcpracsentatur,</strong></span> <span class='ocrx_word' id='word_1_84' title='bbox 665 1619 733 1662; x_wconf 90' lang='lat' dir='ltr'><strong>cum</strong></span> <span class='ocrx_word' id='word_1_85' title='bbox 756 1599 933 1680; x_wconf 90' lang='lat' dir='ltr'><strong>quibusdam</strong></span> <span class='ocrx_word' id='word_1_86' title='bbox 961 1587 1207 1676; x_wconf 80' lang='grc' dir='ltr'><strong><em>Ἐπιμανικίοις,</em></strong></span> <span class='ocrx_word' id='word_1_87' title='bbox 1238 1597 1345 1679; x_wconf 91' lang='lat' dir='ltr'><strong>quibus</strong></span> <span class='ocrx_word' id='word_1_88' title='bbox 1370 1597 1491 1660; x_wconf 89' lang='lat' dir='ltr'><strong>braclria</strong></span> <span class='ocrx_word' id='word_1_89' title='bbox 1515 1599 1679 1682; x_wconf 81' lang='lat' dir='ltr'><strong>cinguntur</strong></span> 
     </span>
     <span class='ocr_line' id='line_1_11' title="bbox 302 1697 1309 1782; baseline -0.004 -16"><span class='ocrx_word' id='word_1_90' title='bbox 302 1717 394 1782; x_wconf 89' lang='lat' dir='ltr'><strong>supra</strong></span> <span class='ocrx_word' id='word_1_91' title='bbox 418 1700 548 1778; x_wconf 89' lang='lat' dir='ltr'><strong>cubitos,</strong></span> <span class='ocrx_word' id='word_1_92' title='bbox 572 1717 650 1779; x_wconf 87' lang='lat' dir='ltr'><strong>quae</strong></span> <span class='ocrx_word' id='word_1_93' title='bbox 674 1717 741 1761; x_wconf 91' lang='lat' dir='ltr'><strong>cum</strong></span> <span class='ocrx_word' id='word_1_94' title='bbox 765 1698 889 1762; x_wconf 85' lang='lat' dir='ltr'><strong>Graecis</strong></span> <span class='ocrx_word' id='word_1_95' title='bbox 913 1716 1069 1761; x_wconf 87' lang='lat' dir='ltr'><strong>commune</strong></span> <span class='ocrx_word' id='word_1_96' title='bbox 1092 1697 1165 1760; x_wconf 91' lang='lat' dir='ltr'><strong>nihil</strong></span> <span class='ocrx_word' id='word_1_97' title='bbox 1188 1697 1309 1762; x_wconf 90' lang='lat' dir='ltr'><strong>habent.</strong></span> 
     </span>
    </p>

    <p class='ocr_par' dir='ltr' id='par_1_5' title="bbox 301 1796 1828 2374">
     <span class='ocr_line' id='line_1_12' title="bbox 388 1796 1828 1878; baseline 0.001 -16"><span class='ocrx_word' id='word_1_98' title='bbox 388 1800 484 1862; x_wconf 84' lang='lat' dir='ltr'><strong>Foino</strong></span> <span class='ocrx_word' id='word_1_99' title='bbox 507 1799 644 1876; x_wconf 91' lang='lat' dir='ltr'><strong>tandem,</strong></span> <span class='ocrx_word' id='word_1_100' title='bbox 667 1800 733 1861; x_wconf 88' lang='lat' dir='ltr'><strong>sive</strong></span> <span class='ocrx_word' id='word_1_101' title='bbox 757 1799 873 1873; x_wconf 79' lang='lat' dir='ltr'><strong>cocula,</strong></span> <span class='ocrx_word' id='word_1_102' title='bbox 897 1798 946 1860; x_wconf 88' lang='lat' dir='ltr'><strong>vel</strong></span> <span class='ocrx_word' id='word_1_103' title='bbox 966 1799 1104 1877; x_wconf 86' lang='lat' dir='ltr'><strong>planeto,</strong></span> <span class='ocrx_word' id='word_1_104' title='bbox 1136 1805 1183 1860; x_wconf 90' lang='lat' dir='ltr'><strong>est</strong></span> <span class='ocrx_word' id='word_1_105' title='bbox 1212 1798 1306 1858; x_wconf 90' lang='lat' dir='ltr'><strong>vestis</strong></span> <span class='ocrx_word' id='word_1_106' title='bbox 1336 1796 1534 1860; x_wconf 88' lang='lat' dir='ltr'><strong>sacerdotalis</strong></span> <span class='ocrx_word' id='word_1_107' title='bbox 1564 1797 1677 1878; x_wconf 87' lang='lat' dir='ltr'><strong>ultimo,</strong></span> <span class='ocrx_word' id='word_1_108' title='bbox 1727 1807 1828 1864; x_wconf 81' lang='lat' dir='ltr'><strong>Carula.</strong></span> 
     </span>
     <span class='ocr_line' id='line_1_13' title="bbox 302 1891 1679 1983; baseline -0.004 -21"><span class='ocrx_word' id='word_1_109' title='bbox 302 1915 379 1980; x_wconf 86' lang='lat' dir='ltr'><strong>quae</strong></span> <span class='ocrx_word' id='word_1_110' title='bbox 401 1892 579 1983; x_wconf 75' lang='grc' dir='ltr'><strong><em>φαινωλίῳ,</em></strong></span> <span class='ocrx_word' id='word_1_111' title='bbox 603 1897 652 1959; x_wconf 90' lang='lat' dir='ltr'><strong>vel</strong></span> <span class='ocrx_word' id='word_1_112' title='bbox 675 1891 815 1983; x_wconf 78' lang='grc' dir='ltr'><strong><em>φελονὶῳ</em></strong></span> <span class='ocrx_word' id='word_1_113' title='bbox 838 1896 1021 1960; x_wconf 89' lang='lat' dir='ltr'><strong>Graecorum</strong></span> <span class='ocrx_word' id='word_1_114' title='bbox 1043 1895 1221 1979; x_wconf 83' lang='lat' dir='ltr'><strong>respondet,</strong></span> <span class='ocrx_word' id='word_1_115' title='bbox 1244 1895 1281 1957; x_wconf 87' lang='lat' dir='ltr'><strong>de</strong></span> <span class='ocrx_word' id='word_1_116' title='bbox 1307 1914 1365 1976; x_wconf 92' lang='lat' dir='ltr'><strong>qua</strong></span> <span class='ocrx_word' id='word_1_117' title='bbox 1388 1895 1516 1958; x_wconf 86' lang='lat' dir='ltr'><strong>diximus</strong></span> <span class='ocrx_word' id='word_1_118' title='bbox 1539 1896 1607 1958; x_wconf 93' lang='lat' dir='ltr'><strong>loeo</strong></span> <span class='ocrx_word' id='word_1_119' title='bbox 1631 1897 1679 1960; x_wconf 88' lang='lat' dir='ltr'><strong>ci-</strong></span> 
     </span>
     <span class='ocr_line' id='line_1_14' title="bbox 302 1993 1681 2077; baseline 0 -19"><span class='ocrx_word' id='word_1_120' title='bbox 302 2005 374 2060; x_wconf 89' lang='lat' dir='ltr'><strong>tato.</strong></span> <span class='ocrx_word' id='word_1_121' title='bbox 419 1995 467 2059; x_wconf 94' lang='lat' dir='ltr'><strong>Ab</strong></span> <span class='ocrx_word' id='word_1_122' title='bbox 498 2015 534 2060; x_wconf 89' lang='lat' dir='ltr'><strong>ea</strong></span> <span class='ocrx_word' id='word_1_123' title='bbox 557 2015 659 2077; x_wconf 81' lang='lat' dir='ltr'><strong>‚porro</strong></span> <span class='ocrx_word' id='word_1_124' title='bbox 691 1996 847 2059; x_wconf 91' lang='lat' dir='ltr'><strong>deductam</strong></span> <span class='ocrx_word' id='word_1_125' title='bbox 879 2013 967 2075; x_wconf 88' lang='lat' dir='ltr'><strong>esse,</strong></span> <span class='ocrx_word' id='word_1_126' title='bbox 996 2002 1084 2058; x_wconf 90' lang='lat' dir='ltr'><strong>autor</strong></span> <span class='ocrx_word' id='word_1_127' title='bbox 1106 2002 1152 2058; x_wconf 91' lang='lat' dir='ltr'><strong>est</strong></span> <span class='ocrx_word' id='word_1_128' title='bbox 1174 1995 1301 2076; x_wconf 81' lang='lat' dir='ltr'><strong>insignis</strong></span> <span class='ocrx_word' id='word_1_129' title='bbox 1325 1993 1404 2075; x_wconf 90' lang='lat' dir='ltr'><strong>apud</strong></span> <span class='ocrx_word' id='word_1_130' title='bbox 1427 1994 1521 2076; x_wconf 81' lang='lat' dir='ltr'><strong>Syros</strong></span> <span class='ocrx_word' id='word_1_131' title='bbox 1545 1995 1681 2058; x_wconf 83' lang='lat' dir='ltr'><strong>lexico·</strong></span> 
     </span>
     <span class='ocr_line' id='line_1_15' title="bbox 301 2093 1681 2179; baseline -0.001 -21"><span class='ocrx_word' id='word_1_132' title='bbox 301 2095 436 2179; x_wconf 83' lang='lat' dir='ltr'><strong>graphus</strong></span> <span class='ocrx_word' id='word_1_133' title='bbox 461 2094 706 2160; x_wconf 87' lang='lat' dir='ltr'><strong>lsa-Bar-lloli.</strong></span> <span class='ocrx_word' id='word_1_134' title='bbox 729 2096 836 2170; x_wconf 77' lang='lat' dir='ltr'><strong>Falco,</strong></span> <span class='ocrx_word' id='word_1_135' title='bbox 859 2095 964 2176; x_wconf 89' lang='lat' dir='ltr'><strong>inquit,</strong></span> <span class='ocrx_word' id='word_1_136' title='bbox 988 2103 1043 2156; x_wconf 85' lang='lat' dir='ltr'><strong>ent</strong></span> <span class='ocrx_word' id='word_1_137' title='bbox 1063 2095 1179 2168; x_wconf 85' lang='lat' dir='ltr'><strong>Filono,</strong></span> <span class='ocrx_word' id='word_1_138' title='bbox 1202 2101 1256 2156; x_wconf 86' lang='lat' dir='ltr'><strong>ant</strong></span> <span class='ocrx_word' id='word_1_139' title='bbox 1277 2093 1396 2156; x_wconf 77' lang='lat' dir='ltr'><strong>Phaino</strong></span> <span class='ocrx_word' id='word_1_140' title='bbox 1419 2096 1513 2156; x_wconf 79' lang='lat' dir='ltr'><strong>costis</strong></span> <span class='ocrx_word' id='word_1_141' title='bbox 1534 2112 1594 2175; x_wconf 75' lang='lat' dir='ltr'><strong>paro</strong></span> <span class='ocrx_word' id='word_1_142' title='bbox 1615 2095 1681 2157; x_wconf 88' lang='lat' dir='ltr'><strong>Sa-</strong></span> 
     </span>
     <span class='ocr_line' id='line_1_16' title="bbox 302 2186 1680 2274; baseline 0.001 -19"><span class='ocrx_word' id='word_1_143' title='bbox 302 2195 441 2258; x_wconf 84' lang='lat' dir='ltr'><strong>cerdotes</strong></span> <span class='ocrx_word' id='word_1_144' title='bbox 469 2195 636 2256; x_wconf 73' lang='lat' dir='ltr'><strong>inducantur</strong></span> <span class='ocrx_word' id='word_1_145' title='bbox 665 2196 735 2257; x_wconf 84' lang='lat' dir='ltr'><strong>dnm</strong></span> <span class='ocrx_word' id='word_1_146' title='bbox 763 2212 857 2256; x_wconf 83' lang='lat' dir='ltr'><strong>socru</strong></span> <span class='ocrx_word' id='word_1_147' title='bbox 888 2193 1055 2270; x_wconf 78' lang='lat' dir='ltr'><strong>celebrarat,</strong></span> <span class='ocrx_word' id='word_1_148' title='bbox 1090 2194 1157 2255; x_wconf 88' lang='lat' dir='ltr'><strong>loco</strong></span> <span class='ocrx_word' id='word_1_149' title='bbox 1187 2191 1315 2268; x_wconf 72' lang='lat' dir='ltr'><strong>diutino,</strong></span> <span class='ocrx_word' id='word_1_150' title='bbox 1346 2193 1411 2254; x_wconf 81' lang='lat' dir='ltr'><strong>sice</strong></span> <span class='ocrx_word' id='word_1_151' title='bbox 1438 2186 1592 2272; x_wconf 78' lang='grc' dir='ltr'><em>χιτωνίου</em></span> <span class='ocrx_word' id='word_1_152' title='bbox 1622 2213 1680 2274; x_wconf 85' lang='lat' dir='ltr'><strong>quo</strong></span> 
     </span>
     <span class='ocr_line' id='line_1_17' title="bbox 301 2289 1681 2374; baseline -0.001 -19"><span class='ocrx_word' id='word_1_153' title='bbox 301 2295 465 2356; x_wconf 80' lang='lat' dir='ltr'><strong>induuntur</strong></span> <span class='ocrx_word' id='word_1_154' title='bbox 486 2293 627 2356; x_wconf 82' lang='lat' dir='ltr'><strong>Diocom‘.</strong></span> <span class='ocrx_word' id='word_1_155' title='bbox 673 2293 812 2374; x_wconf 83' lang='lat' dir='ltr'><strong>Explicat</strong></span> <span class='ocrx_word' id='word_1_156' title='bbox 835 2291 915 2353; x_wconf 88' lang='lat' dir='ltr'><strong>illam</strong></span> <span class='ocrx_word' id='word_1_157' title='bbox 938 2290 1069 2354; x_wconf 90' lang='lat' dir='ltr'><strong>Arabico</strong></span> <span class='ocrx_word' id='word_1_158' title='bbox 1093 2310 1149 2371; x_wconf 92' lang='lat' dir='ltr'><strong>per</strong></span> <span class='ocrx_word' id='word_1_159' title='bbox 1170 2289 1340 2366; x_wconf 72' lang='lat' dir='ltr'><strong>Abarnos,</strong></span> <span class='ocrx_word' id='word_1_160' title='bbox 1370 2297 1442 2370; x_wconf 81' lang='lat' dir='ltr'><strong>qua¹</strong></span> <span class='ocrx_word' id='word_1_161' title='bbox 1456 2307 1534 2353; x_wconf 91' lang='lat' dir='ltr'><strong>voce</strong></span> <span class='ocrx_word' id='word_1_162' title='bbox 1557 2299 1681 2354; x_wconf 89' lang='lat' dir='ltr'><strong>utuntur</strong></span> 
     </span>
    </p>

    <p class='ocr_par' dir='ltr' id='par_1_6' title="bbox 204 2389 1682 2473">
     <span class='ocr_line' id='line_1_18' title="bbox 204 2389 1682 2473; baseline -0.001 -17"><span class='ocrx_word' id='word_1_163' title='bbox 204 2431 207 2439; x_wconf 87' lang='lat'>·</span> <span class='ocrx_word' id='word_1_164' title='bbox 303 2391 500 2473; x_wconf 82' lang='lat' dir='ltr'><strong>Coptitae-in</strong></span> <span class='ocrx_word' id='word_1_165' title='bbox 531 2391 615 2453; x_wconf 89' lang='lat' dir='ltr'><strong>libris</strong></span> <span class='ocrx_word' id='word_1_166' title='bbox 645 2393 708 2454; x_wconf 92' lang='lat' dir='ltr'><strong>suis</strong></span> <span class='ocrx_word' id='word_1_167' title='bbox 736 2390 888 2454; x_wconf 84' lang='lat' dir='ltr'><strong>Arabicis.</strong></span> <span class='ocrx_word' id='word_1_168' title='bbox 934 2390 972 2452; x_wconf 93' lang='lat' dir='ltr'><strong>Ut</strong></span> <span class='ocrx_word' id='word_1_169' title='bbox 995 2397 1243 2472; x_wconf 87' lang='lat' dir='ltr'><strong>repraesentatur</strong></span> <span class='ocrx_word' id='word_1_170' title='bbox 1265 2390 1295 2450; x_wconf 91' lang='lat' dir='ltr'><strong>in</strong></span> <span class='ocrx_word' id='word_1_171' title='bbox 1318 2389 1484 2452; x_wconf 83' lang='lat' dir='ltr'><strong>Pontificali</strong></span> <span class='ocrx_word' id='word_1_172' title='bbox 1505 2389 1583 2470; x_wconf 89' lang='lat' dir='ltr'><strong>Syro</strong></span> <span class='ocrx_word' id='word_1_173' title='bbox 1606 2391 1682 2454; x_wconf 82' lang='lat' dir='ltr'><strong>Flo-</strong></span> 
     </span>
    </p>

    <p class='ocr_par' dir='ltr' id='par_1_7' title="bbox 301 2489 1681 2772">
     <span class='ocr_line' id='line_1_19' title="bbox 301 2489 1681 2572; baseline 0 -19"><span class='ocrx_word' id='word_1_174' title='bbox 301 2494 430 2568; x_wconf 88' lang='lat' dir='ltr'><strong>rentino,</strong></span> <span class='ocrx_word' id='word_1_175' title='bbox 454 2490 621 2572; x_wconf 86' lang='lat' dir='ltr'><strong>respondet</strong></span> <span class='ocrx_word' id='word_1_176' title='bbox 643 2489 759 2552; x_wconf 89' lang='lat' dir='ltr'><strong>lormac</strong></span> <span class='ocrx_word' id='word_1_177' title='bbox 783 2491 880 2561; x_wconf 85' lang='lat' dir='ltr'><strong>veteri</strong></span> <span class='ocrx_word' id='word_1_178' title='bbox 902 2489 1089 2552; x_wconf 85' lang='lat' dir='ltr'><strong>Planetarum</strong></span> <span class='ocrx_word' id='word_1_179' title='bbox 1113 2489 1329 2566; x_wconf 87' lang='lat' dir='ltr'><strong>Romanarum,</strong></span> <span class='ocrx_word' id='word_1_180' title='bbox 1353 2507 1430 2569; x_wconf 90' lang='lat' dir='ltr'><strong>quae</strong></span> <span class='ocrx_word' id='word_1_181' title='bbox 1453 2495 1547 2552; x_wconf 91' lang='lat' dir='ltr'><strong>totum</strong></span> <span class='ocrx_word' id='word_1_182' title='bbox 1570 2508 1681 2572; x_wconf 89' lang='lat' dir='ltr'><strong>corpus</strong></span> 
     </span>
     <span class='ocr_line' id='line_1_20' title="bbox 301 2585 1681 2668; baseline 0 -16"><span class='ocrx_word' id='word_1_183' title='bbox 301 2589 483 2654; x_wconf 86' lang='lat' dir='ltr'><strong>ambiebant.</strong></span> <span class='ocrx_word' id='word_1_184' title='bbox 531 2588 714 2652; x_wconf 89' lang='lat' dir='ltr'><strong>Graecarum</strong></span> <span class='ocrx_word' id='word_1_185' title='bbox 745 2590 864 2652; x_wconf 90' lang='lat' dir='ltr'><strong>iconem</strong></span> <span class='ocrx_word' id='word_1_186' title='bbox 895 2589 1021 2660; x_wconf 84' lang='lat' dir='ltr'><strong>inseruit</strong></span> <span class='ocrx_word' id='word_1_187' title='bbox 1050 2589 1130 2652; x_wconf 91' lang='lat' dir='ltr'><strong>notis</strong></span> <span class='ocrx_word' id='word_1_188' title='bbox 1160 2587 1224 2650; x_wconf 91' lang='lat' dir='ltr'><strong>suis</strong></span> <span class='ocrx_word' id='word_1_189' title='bbox 1255 2585 1399 2666; x_wconf 89' lang='lat' dir='ltr'><strong>Goarius,</strong></span> <span class='ocrx_word' id='word_1_190' title='bbox 1430 2607 1520 2668; x_wconf 87' lang='lat' dir='ltr'><strong>quem</strong></span> <span class='ocrx_word' id='word_1_191' title='bbox 1549 2588 1618 2652; x_wconf 86' lang='lat' dir='ltr'><strong>vide</strong></span> <span class='ocrx_word' id='word_1_192' title='bbox 1642 2589 1681 2652; x_wconf 89' lang='lat' dir='ltr'><strong>de</strong></span> 
     </span>
     <span class='ocr_line' id='line_1_21' title="bbox 304 2688 766 2772; baseline -0.002 -20"><span class='ocrx_word' id='word_1_193' title='bbox 304 2689 477 2768; x_wconf 89' lang='lat' dir='ltr'><strong>Phaenolio,</strong></span> <span class='ocrx_word' id='word_1_194' title='bbox 500 2695 534 2752; x_wconf 89' lang='lat' dir='ltr'><strong>nt</strong></span> <span class='ocrx_word' id='word_1_195' title='bbox 556 2696 587 2750; x_wconf 90' lang='lat' dir='ltr'><strong>et</strong></span> <span class='ocrx_word' id='word_1_196' title='bbox 611 2688 766 2772; x_wconf 83' lang='lat' dir='ltr'><strong>Cangium.</strong></span> 
     </span>
    </p>

    <p class='ocr_par' dir='ltr' id='par_1_8' title="bbox 387 2783 1682 2869">
     <span class='ocr_line' id='line_1_22' title="bbox 387 2783 1682 2869; baseline -0.001 -18"><span class='ocrx_word' id='word_1_197' title='bbox 387 2789 433 2851; x_wconf 87' lang='lat' dir='ltr'><strong>De</strong></span> <span class='ocrx_word' id='word_1_198' title='bbox 457 2787 705 2852; x_wconf 85' lang='lat' dir='ltr'><strong>vestimentorum</strong></span> <span class='ocrx_word' id='word_1_199' title='bbox 728 2787 847 2850; x_wconf 91' lang='lat' dir='ltr'><strong>illorum</strong></span> <span class='ocrx_word' id='word_1_200' title='bbox 871 2787 964 2850; x_wconf 86' lang='lat' dir='ltr'><strong>variis</strong></span> <span class='ocrx_word' id='word_1_201' title='bbox 988 2785 1240 2869; x_wconf 86' lang='lat' dir='ltr'><strong>appellationibus</strong></span> <span class='ocrx_word' id='word_1_202' title='bbox 1265 2793 1296 2848; x_wconf 88' lang='lat' dir='ltr'><strong>et</strong></span> <span class='ocrx_word' id='word_1_203' title='bbox 1318 2783 1432 2864; x_wconf 87' lang='lat' dir='ltr'><strong>lorma,</strong></span> <span class='ocrx_word' id='word_1_204' title='bbox 1456 2789 1627 2850; x_wconf 86' lang='lat' dir='ltr'><strong>accuratius</strong></span> <span class='ocrx_word' id='word_1_205' title='bbox 1650 2793 1682 2850; x_wconf 89' lang='lat' dir='ltr'><strong>et</strong></span> 
     </span>
    </p>
   </div>
   <div class='ocr_carea' id='block_1_3' title="bbox 1691 2547 2007 2707">
    <p class='ocr_par' dir='ltr' id='par_1_9' title="bbox 1691 2547 2007 2707">
     <span class='ocr_line' id='line_1_23' title="bbox 1717 2547 2007 2602; baseline 0.007 -2"><span class='ocrx_word' id='word_1_206' title='bbox 1717 2548 1748 2600; x_wconf 88' lang='lat' dir='ltr'><strong>P.</strong></span> <span class='ocrx_word' id='word_1_207' title='bbox 1767 2549 1828 2602; x_wconf 83' lang='lat'><strong>113.</strong></span> <span class='ocrx_word' id='word_1_208' title='bbox 1848 2557 1871 2600; x_wconf 90' lang='lat' dir='ltr'><strong>cl</strong></span> <span class='ocrx_word' id='word_1_209' title='bbox 1887 2549 1942 2602; x_wconf 86' lang='lat' dir='ltr'><strong>Nol.</strong></span> <span class='ocrx_word' id='word_1_210' title='bbox 1960 2547 2007 2602; x_wconf 81' lang='grc'><strong>20.</strong></span> 
     </span>
     <span class='ocr_line' id='line_1_24' title="bbox 1691 2636 1800 2707; baseline 0.037 -19"><span class='ocrx_word' id='word_1_211' title='bbox 1691 2656 1718 2707; x_wconf 82' lang='lat' dir='ltr'><strong>p.</strong></span> <span class='ocrx_word' id='word_1_212' title='bbox 1739 2636 1800 2692; x_wconf 82' lang='lat'><strong>112.</strong></span> 
     </span>
    </p>
   </div>
   <div class='ocr_carea' id='block_1_4' title="bbox 232 2885 1705 5051">
    <p class='ocr_par' dir='ltr' id='par_1_10' title="bbox 301 2885 1682 3462">
     <span class='ocr_line' id='line_1_25' title="bbox 301 2885 1681 2970; baseline 0 -20"><span class='ocrx_word' id='word_1_213' title='bbox 301 2888 450 2970; x_wconf 92' lang='lat' dir='ltr'><strong>prolixius</strong></span> <span class='ocrx_word' id='word_1_214' title='bbox 473 2886 628 2967; x_wconf 82' lang='lat' dir='ltr'><strong>inquirere</strong></span> <span class='ocrx_word' id='word_1_215' title='bbox 651 2886 761 2950; x_wconf 89' lang='lat' dir='ltr'><strong>nullius</strong></span> <span class='ocrx_word' id='word_1_216' title='bbox 784 2885 918 2949; x_wconf 88' lang='lat' dir='ltr'><strong>utilitatis</strong></span> <span class='ocrx_word' id='word_1_217' title='bbox 942 2894 1002 2949; x_wconf 88' lang='lat' dir='ltr'><strong>est:</strong></span> <span class='ocrx_word' id='word_1_218' title='bbox 1037 2904 1104 2948; x_wconf 92' lang='lat' dir='ltr'><strong>cum</strong></span> <span class='ocrx_word' id='word_1_219' title='bbox 1134 2889 1253 2948; x_wconf 91' lang='lat' dir='ltr'><strong>nomina</strong></span> <span class='ocrx_word' id='word_1_220' title='bbox 1282 2887 1347 2967; x_wconf 91' lang='lat' dir='ltr'><strong>ipsa</strong></span> <span class='ocrx_word' id='word_1_221' title='bbox 1370 2885 1470 2947; x_wconf 88' lang='lat' dir='ltr'><strong>varias</strong></span> <span class='ocrx_word' id='word_1_222' title='bbox 1494 2886 1681 2967; x_wconf 89' lang='lat' dir='ltr'><strong>interpreta-</strong></span> 
     </span>
     <span class='ocr_line' id='line_1_26' title="bbox 302 2984 1681 3070; baseline 0.001 -23"><span class='ocrx_word' id='word_1_223' title='bbox 302 2988 400 3048; x_wconf 90' lang='lat' dir='ltr'><strong>tiones</strong></span> <span class='ocrx_word' id='word_1_224' title='bbox 423 2985 547 3049; x_wconf 88' lang='lat' dir='ltr'><strong>tuleriat</strong></span> <span class='ocrx_word' id='word_1_225' title='bbox 569 2986 606 3050; x_wconf 91' lang='lat' dir='ltr'><strong>ab</strong></span> <span class='ocrx_word' id='word_1_226' title='bbox 629 2987 807 3070; x_wconf 86' lang='lat' dir='ltr'><strong>Aegyptiis,</strong></span> <span class='ocrx_word' id='word_1_227' title='bbox 840 2985 926 3067; x_wconf 91' lang='lat' dir='ltr'><strong>Syris</strong></span> <span class='ocrx_word' id='word_1_228' title='bbox 948 2994 978 3048; x_wconf 91' lang='lat' dir='ltr'><strong>et</strong></span> <span class='ocrx_word' id='word_1_229' title='bbox 1000 2986 1066 3048; x_wconf 92' lang='lat' dir='ltr'><strong>aliis</strong></span> <span class='ocrx_word' id='word_1_230' title='bbox 1090 2987 1139 3067; x_wconf 89' lang='lat' dir='ltr'><strong>qui</strong></span> <span class='ocrx_word' id='word_1_231' title='bbox 1161 2984 1294 3050; x_wconf 88' lang='lat' dir='ltr'><strong>Arabica</strong></span> <span class='ocrx_word' id='word_1_232' title='bbox 1322 2985 1528 3066; x_wconf 89' lang='lat' dir='ltr'><strong>scripserunt,</strong></span> <span class='ocrx_word' id='word_1_233' title='bbox 1558 2993 1681 3066; x_wconf 92' lang='lat' dir='ltr'><strong>etymon</strong></span> 
     </span>
     <span class='ocr_line' id='line_1_27' title="bbox 304 3083 1682 3167; baseline 0.001 -20"><span class='ocrx_word' id='word_1_234' title='bbox 304 3086 422 3148; x_wconf 91' lang='lat' dir='ltr'><strong>illorum</strong></span> <span class='ocrx_word' id='word_1_235' title='bbox 446 3085 534 3165; x_wconf 87' lang='lat' dir='ltr'><strong>plane</strong></span> <span class='ocrx_word' id='word_1_236' title='bbox 558 3087 597 3148; x_wconf 93' lang='lat' dir='ltr'><strong>sit</strong></span> <span class='ocrx_word' id='word_1_237' title='bbox 619 3087 694 3166; x_wconf 91' lang='lat' dir='ltr'><strong>ipsis</strong></span> <span class='ocrx_word' id='word_1_238' title='bbox 716 3088 866 3167; x_wconf 82' lang='lat' dir='ltr'><strong>ignotum:</strong></span> <span class='ocrx_word' id='word_1_239' title='bbox 897 3083 1022 3148; x_wconf 87' lang='lat' dir='ltr'><strong>lormam</strong></span> <span class='ocrx_word' id='word_1_240' title='bbox 1045 3104 1137 3164; x_wconf 88' lang='lat' dir='ltr'><strong>vero,</strong></span> <span class='ocrx_word' id='word_1_241' title='bbox 1169 3104 1246 3166; x_wconf 88' lang='lat' dir='ltr'><strong>quac</strong></span> <span class='ocrx_word' id='word_1_242' title='bbox 1270 3094 1316 3149; x_wconf 91' lang='lat' dir='ltr'><strong>tot</strong></span> <span class='ocrx_word' id='word_1_243' title='bbox 1337 3085 1527 3148; x_wconf 90' lang='lat' dir='ltr'><strong>saeculorum</strong></span> <span class='ocrx_word' id='word_1_244' title='bbox 1549 3083 1682 3148; x_wconf 91' lang='lat' dir='ltr'><strong>decursu</strong></span> 
     </span>
     <span class='ocr_line' id='line_1_28' title="bbox 302 3183 1682 3266; baseline 0.001 -20"><span class='ocrx_word' id='word_1_245' title='bbox 302 3185 496 3247; x_wconf 87' lang='lat' dir='ltr'><strong>mutationem</strong></span> <span class='ocrx_word' id='word_1_246' title='bbox 517 3183 596 3246; x_wconf 92' lang='lat' dir='ltr'><strong>baud</strong></span> <span class='ocrx_word' id='word_1_247' title='bbox 619 3184 708 3248; x_wconf 92' lang='lat' dir='ltr'><strong>dubie</strong></span> <span class='ocrx_word' id='word_1_248' title='bbox 732 3203 822 3266; x_wconf 84' lang='lat' dir='ltr'><strong>passa</strong></span> <span class='ocrx_word' id='word_1_249' title='bbox 845 3192 901 3262; x_wconf 90' lang='lat' dir='ltr'><strong>est,</strong></span> <span class='ocrx_word' id='word_1_250' title='bbox 925 3185 1078 3247; x_wconf 89' lang='lat' dir='ltr'><strong>delineare</strong></span> <span class='ocrx_word' id='word_1_251' title='bbox 1101 3204 1141 3247; x_wconf 92' lang='lat' dir='ltr'><strong>cx</strong></span> <span class='ocrx_word' id='word_1_252' title='bbox 1163 3186 1346 3265; x_wconf 88' lang='lat' dir='ltr'><strong>conjecturis</strong></span> <span class='ocrx_word' id='word_1_253' title='bbox 1369 3184 1441 3246; x_wconf 88' lang='lat' dir='ltr'><strong>nibil</strong></span> <span class='ocrx_word' id='word_1_254' title='bbox 1459 3185 1555 3266; x_wconf 89' lang='lat' dir='ltr'><strong>juvat.</strong></span> <span class='ocrx_word' id='word_1_255' title='bbox 1582 3183 1682 3248; x_wconf 88' lang='lat' dir='ltr'><strong>Grae-</strong></span> 
     </span>
     <span class='ocr_line' id='line_1_29' title="bbox 303 3282 1681 3366; baseline 0.002 -22"><span class='ocrx_word' id='word_1_256' title='bbox 303 3299 406 3344; x_wconf 89' lang='lat' dir='ltr'><strong>eorum</strong></span> <span class='ocrx_word' id='word_1_257' title='bbox 428 3285 642 3361; x_wconf 86' lang='lat' dir='ltr'><strong>recentiorum,</strong></span> <span class='ocrx_word' id='word_1_258' title='bbox 666 3283 724 3364; x_wconf 80' lang='lat' dir='ltr'><strong>qui.</strong></span> <span class='ocrx_word' id='word_1_259' title='bbox 739 3282 777 3346; x_wconf 91' lang='lat' dir='ltr'><strong>de</strong></span> <span class='ocrx_word' id='word_1_260' title='bbox 802 3283 919 3346; x_wconf 91' lang='lat' dir='ltr'><strong>illarum</strong></span> <span class='ocrx_word' id='word_1_261' title='bbox 942 3284 1077 3364; x_wconf 82' lang='lat' dir='ltr'><strong>mysticis</strong></span> <span class='ocrx_word' id='word_1_262' title='bbox 1101 3284 1369 3366; x_wconf 82' lang='lat' dir='ltr'><strong>significationibus</strong></span> <span class='ocrx_word' id='word_1_263' title='bbox 1392 3282 1460 3347; x_wconf 85' lang='lat' dir='ltr'><strong>lose</strong></span> <span class='ocrx_word' id='word_1_264' title='bbox 1483 3283 1681 3364; x_wconf 90' lang='lat' dir='ltr'><strong>scripserunt,</strong></span> 
     </span>
     <span class='ocr_line' id='line_1_30' title="bbox 304 3380 1682 3462; baseline 0.001 -18"><span class='ocrx_word' id='word_1_265' title='bbox 304 3383 521 3462; x_wconf 85' lang='lat' dir='ltr'><strong>commentarii,</strong></span> <span class='ocrx_word' id='word_1_266' title='bbox 545 3383 617 3444; x_wconf 91' lang='lat' dir='ltr'><strong>nibil</strong></span> <span class='ocrx_word' id='word_1_267' title='bbox 631 3383 668 3444; x_wconf 90' lang='lat' dir='ltr'><strong>ad</strong></span> <span class='ocrx_word' id='word_1_268' title='bbox 682 3381 854 3445; x_wconf 88' lang='lat' dir='ltr'><strong>Orientales</strong></span> <span class='ocrx_word' id='word_1_269' title='bbox 878 3380 1005 3444; x_wconf 81' lang='lat' dir='ltr'><strong>faciunt:</strong></span> <span class='ocrx_word' id='word_1_270' title='bbox 1029 3382 1211 3462; x_wconf 89' lang='lat' dir='ltr'><strong>praesertim</strong></span> <span class='ocrx_word' id='word_1_271' title='bbox 1224 3382 1383 3462; x_wconf 88' lang='lat' dir='ltr'><strong>Symeonis</strong></span> <span class='ocrx_word' id='word_1_272' title='bbox 1401 3381 1682 3454; x_wconf 82' lang='lat' dir='ltr'><strong>Thessalonicensis</strong></span> 
     </span>
    </p>

    <p class='ocr_par' dir='ltr' id='par_1_11' title="bbox 232 3480 1682 4353">
     <span class='ocr_line' id='line_1_31' title="bbox 232 3480 1682 3566; baseline 0.001 -24"><span class='ocrx_word' id='word_1_273' title='bbox 232 3557 233 3560; x_wconf 8' lang='grc' dir='ltr'><strong>Ἴ</strong></span> <span class='ocrx_word' id='word_1_274' title='bbox 304 3488 333 3542; x_wconf 91' lang='lat' dir='ltr'><strong>et</strong></span> <span class='ocrx_word' id='word_1_275' title='bbox 356 3480 482 3543; x_wconf 87' lang='lat' dir='ltr'><strong>aliorum</strong></span> <span class='ocrx_word' id='word_1_276' title='bbox 505 3489 631 3566; x_wconf 85' lang='lat' dir='ltr'><strong>argutae</strong></span> <span class='ocrx_word' id='word_1_277' title='bbox 655 3481 775 3543; x_wconf 90' lang='lat' dir='ltr'><strong>nimium</strong></span> <span class='ocrx_word' id='word_1_278' title='bbox 798 3481 982 3564; x_wconf 83' lang='lat' dir='ltr'><strong>allegoriae,</strong></span> <span class='ocrx_word' id='word_1_279' title='bbox 1015 3480 1052 3542; x_wconf 92' lang='lat' dir='ltr'><strong>de</strong></span> <span class='ocrx_word' id='word_1_280' title='bbox 1075 3480 1167 3542; x_wconf 88' lang='lat' dir='ltr'><strong>variis</strong></span> <span class='ocrx_word' id='word_1_281' title='bbox 1191 3481 1354 3564; x_wconf 82' lang='lat' dir='ltr'><strong>figurarum</strong></span> <span class='ocrx_word' id='word_1_282' title='bbox 1377 3483 1559 3544; x_wconf 73' lang='lat' dir='ltr'><strong>intexturam</strong></span> <span class='ocrx_word' id='word_1_283' title='bbox 1581 3483 1682 3563; x_wconf 82' lang='lat' dir='ltr'><strong>signi-</strong></span> 
     </span>
     <span class='ocr_line' id='line_1_32' title="bbox 303 3579 1682 3666; baseline -0.001 -25"><span class='ocrx_word' id='word_1_284' title='bbox 303 3579 508 3660; x_wconf 88' lang='lat' dir='ltr'><strong>ficationibus,</strong></span> <span class='ocrx_word' id='word_1_285' title='bbox 539 3599 614 3662; x_wconf 85' lang='lat' dir='ltr'><strong>quas</strong></span> <span class='ocrx_word' id='word_1_286' title='bbox 646 3581 733 3646; x_wconf 89' lang='lat' dir='ltr'><strong>alteri</strong></span> <span class='ocrx_word' id='word_1_287' title='bbox 762 3583 912 3666; x_wconf 85' lang='lat' dir='ltr'><strong>ignorant.</strong></span> <span class='ocrx_word' id='word_1_288' title='bbox 957 3580 1062 3660; x_wconf 86' lang='lat' dir='ltr'><strong>Neque</strong></span> <span class='ocrx_word' id='word_1_289' title='bbox 1093 3579 1171 3642; x_wconf 90' lang='lat' dir='ltr'><strong>enim</strong></span> <span class='ocrx_word' id='word_1_290' title='bbox 1202 3579 1289 3642; x_wconf 91' lang='lat' dir='ltr'><strong>color</strong></span> <span class='ocrx_word' id='word_1_291' title='bbox 1319 3587 1370 3642; x_wconf 88' lang='lat' dir='ltr'><strong>aut</strong></span> <span class='ocrx_word' id='word_1_292' title='bbox 1402 3580 1496 3642; x_wconf 88' lang='lat' dir='ltr'><strong>lorma</strong></span> <span class='ocrx_word' id='word_1_293' title='bbox 1527 3595 1682 3640; x_wconf 88' lang='lat' dir='ltr'><strong>sacrarum</strong></span> 
     </span>
     <span class='ocr_line' id='line_1_33' title="bbox 303 3663 1682 3760; baseline -0.003 -19"><span class='ocrx_word' id='word_1_294' title='bbox 303 3663 432 3742; x_wconf 83' lang='lat' dir='ltr'><strong>vestium</strong></span> <span class='ocrx_word' id='word_1_295' title='bbox 455 3678 621 3760; x_wconf 86' lang='lat' dir='ltr'><strong>perlectam</strong></span> <span class='ocrx_word' id='word_1_296' title='bbox 644 3680 724 3742; x_wconf 89' lang='lat' dir='ltr'><strong>inter</strong></span> <span class='ocrx_word' id='word_1_297' title='bbox 746 3699 781 3743; x_wconf 89' lang='lat' dir='ltr'><strong>se</strong></span> <span class='ocrx_word' id='word_1_298' title='bbox 804 3680 1024 3742; x_wconf 90' lang='lat' dir='ltr'><strong>similitudinem</strong></span> <span class='ocrx_word' id='word_1_299' title='bbox 1047 3678 1167 3741; x_wconf 89' lang='lat' dir='ltr'><strong>babent.</strong></span> <span class='ocrx_word' id='word_1_300' title='bbox 1214 3677 1296 3742; x_wconf 92' lang='lat' dir='ltr'><strong>Stola</strong></span> <span class='ocrx_word' id='word_1_301' title='bbox 1319 3678 1518 3742; x_wconf 87' lang='lat' dir='ltr'><strong>sacerdotalis</strong></span> <span class='ocrx_word' id='word_1_302' title='bbox 1535 3679 1682 3758; x_wconf 82' lang='lat' dir='ltr'><strong>Syrorum</strong></span> 
     </span>
     <span class='ocr_line' id='line_1_34' title="bbox 303 3776 1682 3862; baseline -0.002 -22"><span class='ocrx_word' id='word_1_303' title='bbox 303 3777 519 3854; x_wconf 86' lang='lat' dir='ltr'><strong>lacobitarum‚</strong></span> <span class='ocrx_word' id='word_1_304' title='bbox 542 3797 609 3841; x_wconf 92' lang='lat' dir='ltr'><strong>cum</strong></span> <span class='ocrx_word' id='word_1_305' title='bbox 633 3778 795 3841; x_wconf 88' lang='lat' dir='ltr'><strong>cruciculis</strong></span> <span class='ocrx_word' id='word_1_306' title='bbox 818 3781 952 3862; x_wconf 84' lang='lat' dir='ltr'><strong>pingitur</strong></span> <span class='ocrx_word' id='word_1_307' title='bbox 975 3779 1004 3840; x_wconf 94' lang='lat' dir='ltr'><strong>in</strong></span> <span class='ocrx_word' id='word_1_308' title='bbox 1022 3777 1136 3842; x_wconf 87' lang='lat' dir='ltr'><strong>Codice</strong></span> <span class='ocrx_word' id='word_1_309' title='bbox 1160 3776 1345 3858; x_wconf 86' lang='lat' dir='ltr'><strong>Florentino,</strong></span> <span class='ocrx_word' id='word_1_310' title='bbox 1368 3786 1419 3841; x_wconf 91' lang='lat' dir='ltr'><strong>aut</strong></span> <span class='ocrx_word' id='word_1_311' title='bbox 1441 3777 1560 3840; x_wconf 93' lang='lat' dir='ltr'><strong>lineolis</strong></span> <span class='ocrx_word' id='word_1_312' title='bbox 1583 3778 1682 3838; x_wconf 88' lang='lat' dir='ltr'><strong>inter-</strong></span> 
     </span>
     <span class='ocr_line' id='line_1_35' title="bbox 294 3875 1682 3958; baseline -0.002 -19"><span class='ocrx_word' id='word_1_313' title='bbox 294 3878 381 3940; x_wconf 83' lang='lat' dir='ltr'><strong>cisa:</strong></span> <span class='ocrx_word' id='word_1_314' title='bbox 405 3877 596 3958; x_wconf 87' lang='lat' dir='ltr'><strong>Episcopalis</strong></span> <span class='ocrx_word' id='word_1_315' title='bbox 619 3897 740 3958; x_wconf 88' lang='lat' dir='ltr'><strong>semper</strong></span> <span class='ocrx_word' id='word_1_316' title='bbox 763 3897 830 3941; x_wconf 91' lang='lat' dir='ltr'><strong>cum</strong></span> <span class='ocrx_word' id='word_1_317' title='bbox 853 3881 945 3941; x_wconf 85' lang='lat' dir='ltr'><strong>variis</strong></span> <span class='ocrx_word' id='word_1_318' title='bbox 969 3876 1137 3940; x_wconf 89' lang='lat' dir='ltr'><strong>cruciculis.</strong></span> <span class='ocrx_word' id='word_1_319' title='bbox 1178 3877 1288 3940; x_wconf 91' lang='lat' dir='ltr'><strong>Casula</strong></span> <span class='ocrx_word' id='word_1_320' title='bbox 1310 3897 1386 3941; x_wconf 90' lang='lat' dir='ltr'><strong>vero</strong></span> <span class='ocrx_word' id='word_1_321' title='bbox 1408 3877 1458 3939; x_wconf 91' lang='lat' dir='ltr'><strong>vel</strong></span> <span class='ocrx_word' id='word_1_322' title='bbox 1481 3875 1603 3938; x_wconf 89' lang='lat' dir='ltr'><strong>Planeta</strong></span> <span class='ocrx_word' id='word_1_323' title='bbox 1626 3892 1682 3937; x_wconf 89' lang='lat' dir='ltr'><strong>seu</strong></span> 
     </span>
     <span class='ocr_line' id='line_1_36' title="bbox 304 3975 1682 4059; baseline -0.001 -22"><span class='ocrx_word' id='word_1_324' title='bbox 304 3977 400 4038; x_wconf 84' lang='lat' dir='ltr'><strong>Foino</strong></span> <span class='ocrx_word' id='word_1_325' title='bbox 423 3977 582 4056; x_wconf 90' lang='lat' dir='ltr'><strong>aliquando</strong></span> <span class='ocrx_word' id='word_1_326' title='bbox 606 3977 754 4056; x_wconf 89' lang='lat' dir='ltr'><strong>unicolor,</strong></span> <span class='ocrx_word' id='word_1_327' title='bbox 779 3997 933 4059; x_wconf 91' lang='lat' dir='ltr'><strong>purpurea</strong></span> <span class='ocrx_word' id='word_1_328' title='bbox 956 3976 1072 4039; x_wconf 90' lang='lat' dir='ltr'><strong>scilicet</strong></span> <span class='ocrx_word' id='word_1_329' title='bbox 1094 3977 1125 4038; x_wconf 91' lang='lat' dir='ltr'><strong>in</strong></span> <span class='ocrx_word' id='word_1_330' title='bbox 1147 3977 1243 4040; x_wconf 90' lang='lat' dir='ltr'><strong>tribus</strong></span> <span class='ocrx_word' id='word_1_331' title='bbox 1265 3976 1352 4054; x_wconf 90' lang='lat' dir='ltr'><strong>locis,</strong></span> <span class='ocrx_word' id='word_1_332' title='bbox 1377 3975 1480 4040; x_wconf 84' lang='lat' dir='ltr'><strong>viridis</strong></span> <span class='ocrx_word' id='word_1_333' title='bbox 1503 3977 1534 4036; x_wconf 89' lang='lat' dir='ltr'><strong>in</strong></span> <span class='ocrx_word' id='word_1_334' title='bbox 1556 3975 1626 4055; x_wconf 90' lang='lat' dir='ltr'><strong>alio,</strong></span> <span class='ocrx_word' id='word_1_335' title='bbox 1650 3981 1682 4036; x_wconf 91' lang='lat' dir='ltr'><strong>et</strong></span> 
     </span>
     <span class='ocr_line' id='line_1_37' title="bbox 304 4071 1682 4156; baseline 0.001 -23"><span class='ocrx_word' id='word_1_336' title='bbox 304 4074 333 4134; x_wconf 94' lang='lat' dir='ltr'><strong>in</strong></span> <span class='ocrx_word' id='word_1_337' title='bbox 357 4093 416 4137; x_wconf 93' lang='lat' dir='ltr'><strong>uno</strong></span> <span class='ocrx_word' id='word_1_338' title='bbox 440 4073 564 4137; x_wconf 88' lang='lat' dir='ltr'><strong>lloribus</strong></span> <span class='ocrx_word' id='word_1_339' title='bbox 588 4076 733 4156; x_wconf 87' lang='lat' dir='ltr'><strong>acupictis</strong></span> <span class='ocrx_word' id='word_1_340' title='bbox 757 4077 905 4140; x_wconf 88' lang='lat' dir='ltr'><strong>distincta.</strong></span> <span class='ocrx_word' id='word_1_341' title='bbox 949 4075 1134 4138; x_wconf 88' lang='lat' dir='ltr'><strong>Graecorum</strong></span> <span class='ocrx_word' id='word_1_342' title='bbox 1157 4071 1304 4153; x_wconf 81' lang='grc' dir='ltr'><strong><em>ποταμοὶ</em></strong></span> <span class='ocrx_word' id='word_1_343' title='bbox 1318 4076 1559 4138; x_wconf 83' lang='lat' dir='ltr'><strong>sivecndulotac</strong></span> <span class='ocrx_word' id='word_1_344' title='bbox 1573 4076 1682 4150; x_wconf 80' lang='lat' dir='ltr'><strong>lineae,</strong></span> 
     </span>
     <span class='ocr_line' id='line_1_38' title="bbox 303 4173 1681 4256; baseline 0 -21"><span class='ocrx_word' id='word_1_345' title='bbox 303 4180 333 4235; x_wconf 90' lang='lat' dir='ltr'><strong>et</strong></span> <span class='ocrx_word' id='word_1_346' title='bbox 356 4173 413 4236; x_wconf 88' lang='lat' dir='ltr'><strong>alia</strong></span> <span class='ocrx_word' id='word_1_347' title='bbox 436 4193 513 4255; x_wconf 87' lang='lat' dir='ltr'><strong>quac</strong></span> <span class='ocrx_word' id='word_1_348' title='bbox 537 4173 661 4238; x_wconf 89' lang='lat' dir='ltr'><strong>Graecis</strong></span> <span class='ocrx_word' id='word_1_349' title='bbox 685 4175 808 4238; x_wconf 89' lang='lat' dir='ltr'><strong>uberem</strong></span> <span class='ocrx_word' id='word_1_350' title='bbox 829 4175 1032 4239; x_wconf 90' lang='lat' dir='ltr'><strong>rhetoricandi</strong></span> <span class='ocrx_word' id='word_1_351' title='bbox 1055 4177 1209 4237; x_wconf 89' lang='lat' dir='ltr'><strong>materiam</strong></span> <span class='ocrx_word' id='word_1_352' title='bbox 1232 4175 1453 4256; x_wconf 88' lang='lat' dir='ltr'><strong>praebuerunt,</strong></span> <span class='ocrx_word' id='word_1_353' title='bbox 1484 4173 1567 4236; x_wconf 95' lang='lat' dir='ltr'><strong>nullo</strong></span> <span class='ocrx_word' id='word_1_354' title='bbox 1590 4174 1681 4236; x_wconf 91' lang='lat' dir='ltr'><strong>modo</strong></span> 
     </span>
     <span class='ocr_line' id='line_1_39' title="bbox 305 4281 462 4353; baseline 0 -20"><span class='ocrx_word' id='word_1_355' title='bbox 305 4281 462 4353; x_wconf 86' lang='lat' dir='ltr'><strong>apparent.</strong></span> 
     </span>
    </p>

    <p class='ocr_par' dir='ltr' id='par_1_12' title="bbox 304 4371 1705 5051">
     <span class='ocr_line' id='line_1_40' title="bbox 390 4371 1705 4454; baseline -0.001 -20"><span class='ocrx_word' id='word_1_356' title='bbox 390 4372 551 4453; x_wconf 86' lang='lat' dir='ltr'><strong>Perpcram</strong></span> <span class='ocrx_word' id='word_1_357' title='bbox 590 4391 666 4435; x_wconf 90' lang='lat' dir='ltr'><strong>vero</strong></span> <span class='ocrx_word' id='word_1_358' title='bbox 700 4390 807 4436; x_wconf 89' lang='lat' dir='ltr'><strong>vocem</strong></span> <span class='ocrx_word' id='word_1_359' title='bbox 842 4374 938 4436; x_wconf 81' lang='lat' dir='ltr'><strong>Fuino</strong></span> <span class='ocrx_word' id='word_1_360' title='bbox 971 4371 1157 4436; x_wconf 89' lang='lat' dir='ltr'><strong>Boderianus</strong></span> <span class='ocrx_word' id='word_1_361' title='bbox 1192 4374 1334 4434; x_wconf 80' lang='lat' dir='ltr'><strong>amictam</strong></span> <span class='ocrx_word' id='word_1_362' title='bbox 1369 4380 1417 4436; x_wconf 93' lang='lat' dir='ltr'><strong>cst</strong></span> <span class='ocrx_word' id='word_1_363' title='bbox 1452 4373 1705 4454; x_wconf 65' lang='lat' dir='ltr'><strong>interpretatus·</strong></span> 
     </span>
     <span class='ocr_line' id='line_1_41' title="bbox 305 4471 1681 4554; baseline 0 -22"><span class='ocrx_word' id='word_1_364' title='bbox 305 4489 371 4532; x_wconf 92' lang='lat' dir='ltr'><strong>nam</strong></span> <span class='ocrx_word' id='word_1_365' title='bbox 394 4471 474 4534; x_wconf 89' lang='lat' dir='ltr'><strong>illius</strong></span> <span class='ocrx_word' id='word_1_366' title='bbox 497 4472 528 4532; x_wconf 93' lang='lat' dir='ltr'><strong>in</strong></span> <span class='ocrx_word' id='word_1_367' title='bbox 551 4471 698 4536; x_wconf 87' lang='lat' dir='ltr'><strong>Orientali</strong></span> <span class='ocrx_word' id='word_1_368' title='bbox 722 4471 860 4536; x_wconf 87' lang='lat' dir='ltr'><strong>Ecclesia</strong></span> <span class='ocrx_word' id='word_1_369' title='bbox 883 4491 955 4536; x_wconf 90' lang='lat' dir='ltr'><strong>usus</strong></span> <span class='ocrx_word' id='word_1_370' title='bbox 979 4472 1077 4535; x_wconf 83' lang='lat' dir='ltr'><strong>nullus</strong></span> <span class='ocrx_word' id='word_1_371' title='bbox 1102 4480 1157 4536; x_wconf 91' lang='lat' dir='ltr'><strong>est.</strong></span> <span class='ocrx_word' id='word_1_372' title='bbox 1180 4472 1271 4553; x_wconf 84' lang='lat' dir='ltr'><strong>Apud</strong></span> <span class='ocrx_word' id='word_1_373' title='bbox 1293 4490 1349 4536; x_wconf 92' lang='lat' dir='ltr'><strong>nos</strong></span> <span class='ocrx_word' id='word_1_374' title='bbox 1363 4474 1458 4552; x_wconf 91' lang='lat' dir='ltr'><strong>prima</strong></span> <span class='ocrx_word' id='word_1_375' title='bbox 1473 4491 1544 4554; x_wconf 91' lang='lat' dir='ltr'><strong>pars</strong></span> <span class='ocrx_word' id='word_1_376' title='bbox 1556 4479 1681 4534; x_wconf 90' lang='lat' dir='ltr'><strong>ornatus</strong></span> 
     </span>
     <span class='ocr_line' id='line_1_42' title="bbox 305 4570 1681 4653; baseline 0 -22"><span class='ocrx_word' id='word_1_377' title='bbox 305 4570 499 4632; x_wconf 87' lang='lat' dir='ltr'><strong>sacerdotalis</strong></span> <span class='ocrx_word' id='word_1_378' title='bbox 523 4578 579 4648; x_wconf 92' lang='lat' dir='ltr'><strong>est,</strong></span> <span class='ocrx_word' id='word_1_379' title='bbox 603 4579 633 4633; x_wconf 90' lang='lat' dir='ltr'><strong>at</strong></span> <span class='ocrx_word' id='word_1_380' title='bbox 655 4572 752 4634; x_wconf 81' lang='lat' dir='ltr'><strong>Fcino</strong></span> <span class='ocrx_word' id='word_1_381' title='bbox 774 4572 839 4634; x_wconf 89' lang='lat' dir='ltr'><strong>sive</strong></span> <span class='ocrx_word' id='word_1_382' title='bbox 853 4571 1028 4634; x_wconf 83' lang='lat' dir='ltr'><strong>Pbenolium</strong></span> <span class='ocrx_word' id='word_1_383' title='bbox 1050 4570 1163 4648; x_wconf 88' lang='lat' dir='ltr'><strong>ultima,</strong></span> <span class='ocrx_word' id='word_1_384' title='bbox 1186 4590 1263 4653; x_wconf 89' lang='lat' dir='ltr'><strong>quae</strong></span> <span class='ocrx_word' id='word_1_385' title='bbox 1286 4571 1410 4652; x_wconf 88' lang='lat' dir='ltr'><strong>reliquis</strong></span> <span class='ocrx_word' id='word_1_386' title='bbox 1434 4572 1681 4652; x_wconf 89' lang='lat' dir='ltr'><strong>circumponitur,</strong></span> 
     </span>
     <span class='ocr_line' id='line_1_43' title="bbox 305 4669 1682 4756; baseline -0.001 -26"><span class='ocrx_word' id='word_1_387' title='bbox 305 4686 362 4748; x_wconf 89' lang='lat' dir='ltr'><strong>qua</strong></span> <span class='ocrx_word' id='word_1_388' title='bbox 386 4671 505 4732; x_wconf 88' lang='lat' dir='ltr'><strong>ratione</strong></span> <span class='ocrx_word' id='word_1_389' title='bbox 528 4669 656 4733; x_wconf 90' lang='lat' dir='ltr'><strong>divorsis</strong></span> <span class='ocrx_word' id='word_1_390' title='bbox 678 4670 819 4734; x_wconf 82' lang='lat' dir='ltr'><strong>Arabicis</strong></span> <span class='ocrx_word' id='word_1_391' title='bbox 847 4671 975 4734; x_wconf 84' lang='lat' dir='ltr'><strong>vocibus</strong></span> <span class='ocrx_word' id='word_1_392' title='bbox 1003 4672 1059 4734; x_wconf 92' lang='lat' dir='ltr'><strong>ista</strong></span> <span class='ocrx_word' id='word_1_393' title='bbox 1082 4689 1231 4751; x_wconf 87' lang='lat' dir='ltr'><strong>expressa</strong></span> <span class='ocrx_word' id='word_1_394' title='bbox 1255 4680 1318 4747; x_wconf 90' lang='lat' dir='ltr'><strong>cst,</strong></span> <span class='ocrx_word' id='word_1_395' title='bbox 1347 4679 1378 4734; x_wconf 91' lang='lat' dir='ltr'><strong>ot</strong></span> <span class='ocrx_word' id='word_1_396' title='bbox 1405 4672 1497 4756; x_wconf 87' lang='lat' dir='ltr'><strong>vulgo</strong></span> <span class='ocrx_word' id='word_1_397' title='bbox 1528 4670 1682 4733; x_wconf 74' lang='lat' dir='ltr'><strong>Albornoz</strong></span> 
     </span>
     <span class='ocr_line' id='line_1_44' title="bbox 304 4764 1682 4851; baseline 0.002 -23"><span class='ocrx_word' id='word_1_398' title='bbox 304 4764 341 4828; x_wconf 93' lang='lat' dir='ltr'><strong>ab</strong></span> <span class='ocrx_word' id='word_1_399' title='bbox 364 4766 527 4850; x_wconf 76' lang='lat' dir='ltr'><strong>Aegyptiis</strong></span> <span class='ocrx_word' id='word_1_400' title='bbox 551 4769 729 4851; x_wconf 88' lang='lat' dir='ltr'><strong>appellatur,</strong></span> <span class='ocrx_word' id='word_1_401' title='bbox 753 4788 813 4851; x_wconf 89' lang='lat' dir='ltr'><strong>qua</strong></span> <span class='ocrx_word' id='word_1_402' title='bbox 835 4771 925 4832; x_wconf 87' lang='lat' dir='ltr'><strong>ctiam</strong></span> <span class='ocrx_word' id='word_1_403' title='bbox 947 4788 1025 4834; x_wconf 88' lang='lat' dir='ltr'><strong>voce</strong></span> <span class='ocrx_word' id='word_1_404' title='bbox 1048 4771 1128 4833; x_wconf 89' lang='lat' dir='ltr'><strong>illam</strong></span> <span class='ocrx_word' id='word_1_405' title='bbox 1151 4771 1293 4851; x_wconf 89' lang='lat' dir='ltr'><strong>exposuit</strong></span> <span class='ocrx_word' id='word_1_406' title='bbox 1315 4770 1529 4834; x_wconf 78' lang='lat' dir='ltr'><strong>lea-Bar-Hali</strong></span> <span class='ocrx_word' id='word_1_407' title='bbox 1553 4786 1682 4849; x_wconf 88' lang='lat' dir='ltr'><strong>compa-</strong></span> 
     </span>
     <span class='ocr_line' id='line_1_45' title="bbox 304 4865 1679 4949; baseline 0.002 -25"><span class='ocrx_word' id='word_1_408' title='bbox 304 4865 422 4927; x_wconf 88' lang='lat' dir='ltr'><strong>ratione</strong></span> <span class='ocrx_word' id='word_1_409' title='bbox 445 4867 534 4931; x_wconf 91' lang='lat' dir='ltr'><strong>duota</strong></span> <span class='ocrx_word' id='word_1_410' title='bbox 558 4889 574 4932; x_wconf 91' lang='lat' dir='ltr'><strong>a</strong></span> <span class='ocrx_word' id='word_1_411' title='bbox 596 4869 689 4949; x_wconf 90' lang='lat' dir='ltr'><strong>pallio</strong></span> <span class='ocrx_word' id='word_1_412' title='bbox 713 4869 764 4932; x_wconf 96' lang='lat' dir='ltr'><strong>illo</strong></span> <span class='ocrx_word' id='word_1_413' title='bbox 787 4869 933 4945; x_wconf 88' lang='lat' dir='ltr'><strong>Arabum,</strong></span> <span class='ocrx_word' id='word_1_414' title='bbox 955 4871 1126 4933; x_wconf 85' lang='lat' dir='ltr'><strong>notissimo:</strong></span> <span class='ocrx_word' id='word_1_415' title='bbox 1148 4877 1181 4932; x_wconf 90' lang='lat' dir='ltr'><strong>ut</strong></span> <span class='ocrx_word' id='word_1_416' title='bbox 1203 4868 1376 4948; x_wconf 77' lang='lat' dir='ltr'><strong>Mabsouro,</strong></span> <span class='ocrx_word' id='word_1_417' title='bbox 1399 4870 1465 4932; x_wconf 90' lang='lat' dir='ltr'><strong>sive</strong></span> <span class='ocrx_word' id='word_1_418' title='bbox 1479 4869 1679 4949; x_wconf 72' lang='lat' dir='ltr'><strong>diaphoniam,</strong></span> 
     </span>
     <span class='ocr_line' id='line_1_46' title="bbox 306 4963 1681 5051; baseline 0.001 -25"><span class='ocrx_word' id='word_1_419' title='bbox 306 4971 337 5026; x_wconf 87' lang='lat' dir='ltr'><strong>et</strong></span> <span class='ocrx_word' id='word_1_420' title='bbox 357 4963 506 5042; x_wconf 81' lang='lat' dir='ltr'><strong>Bironno,</strong></span> <span class='ocrx_word' id='word_1_421' title='bbox 530 4987 547 5030; x_wconf 90' lang='lat' dir='ltr'><strong>a</strong></span> <span class='ocrx_word' id='word_1_422' title='bbox 569 4968 670 5030; x_wconf 85' lang='lat' dir='ltr'><strong>Birro.</strong></span> <span class='ocrx_word' id='word_1_423' title='bbox 705 4968 767 5032; x_wconf 88' lang='lat' dir='ltr'><strong>Sed</strong></span> <span class='ocrx_word' id='word_1_424' title='bbox 789 4968 864 5032; x_wconf 90' lang='lat' dir='ltr'><strong>haec</strong></span> <span class='ocrx_word' id='word_1_425' title='bbox 888 4971 961 5032; x_wconf 90' lang='lat' dir='ltr'><strong>satis</strong></span> <span class='ocrx_word' id='word_1_426' title='bbox 984 4987 1136 5051; x_wconf 88' lang='lat' dir='ltr'><strong>superque</strong></span> <span class='ocrx_word' id='word_1_427' title='bbox 1159 4976 1245 5032; x_wconf 89' lang='lat' dir='ltr'><strong>sunt:</strong></span> <span class='ocrx_word' id='word_1_428' title='bbox 1269 4969 1374 5032; x_wconf 85' lang='lat' dir='ltr'><strong>sufficit</strong></span> <span class='ocrx_word' id='word_1_429' title='bbox 1388 4969 1571 5032; x_wconf 88' lang='lat' dir='ltr'><strong>observasse</strong></span> <span class='ocrx_word' id='word_1_430' title='bbox 1585 4966 1681 5046; x_wconf 86' lang='lat' dir='ltr'><strong>Syros</strong></span> 
     </span>
    </p>
   </div>
   <div class='ocr_carea' id='block_1_5' title="bbox 306 5064 1683 5150">
    <p class='ocr_par' dir='ltr' id='par_1_13' title="bbox 306 5064 1683 5150">
     <span class='ocr_line' id='line_1_47' title="bbox 306 5064 1683 5150; baseline 0.004 -28"><span class='ocrx_word' id='word_1_431' title='bbox 306 5079 366 5123; x_wconf 95' lang='lat' dir='ltr'><strong>non</strong></span> <span class='ocrx_word' id='word_1_432' title='bbox 389 5064 486 5127; x_wconf 92' lang='lat' dir='ltr'><strong>minus</strong></span> <span class='ocrx_word' id='word_1_433' title='bbox 510 5083 598 5148; x_wconf 87' lang='lat' dir='ltr'><strong>quam</strong></span> <span class='ocrx_word' id='word_1_434' title='bbox 622 5065 771 5148; x_wconf 84' lang='lat' dir='ltr'><strong>Coptitas‚</strong></span> <span class='ocrx_word' id='word_1_435' title='bbox 793 5075 824 5131; x_wconf 88' lang='lat' dir='ltr'><strong>et</strong></span> <span class='ocrx_word' id='word_1_436' title='bbox 847 5068 923 5131; x_wconf 90' lang='lat' dir='ltr'><strong>alios</strong></span> <span class='ocrx_word' id='word_1_437' title='bbox 948 5069 1164 5150; x_wconf 87' lang='lat' dir='ltr'><strong>cujuscumque</strong></span> <span class='ocrx_word' id='word_1_438' title='bbox 1187 5074 1290 5131; x_wconf 86' lang='lat' dir='ltr'><strong>sectae</strong></span> <span class='ocrx_word' id='word_1_439' title='bbox 1313 5068 1364 5130; x_wconf 92' lang='lat' dir='ltr'><strong>vel</strong></span> <span class='ocrx_word' id='word_1_440' title='bbox 1387 5068 1507 5150; x_wconf 84' lang='lat' dir='ltr'><strong>linguae</strong></span> <span class='ocrx_word' id='word_1_441' title='bbox 1532 5065 1683 5129; x_wconf 85' lang='lat' dir='ltr'><strong>Christia-</strong></span> 
     </span>
    </p>
   </div>
   <div class='ocr_carea' id='block_1_6' title="bbox 0 0 2411 6020">
    <p class='ocr_par' dir='ltr' id='par_1_14' title="bbox 0 0 2411 6020">
     <span class='ocr_line' id='line_1_48' title="bbox 0 0 2411 6020; baseline 0 0"><span class='ocrx_word' id='word_1_442' title='bbox 0 0 2411 6020; x_wconf 95' lang='lat' dir='ltr'><strong> </strong></span> 
     </span>
    </p>
   </div>
  </div>
 </body>
</html>
