4804 6026
569 541 571 552 ’
627 543 658 622 S.
684 542 821 621 Jacout
845 542 1031 620 APOSTOLI
1056 543 1212 621 FRATRIS
1237 543 1382 620 DOMINI.
1644 542 1693 617 35

422 729 598 802 Sacerdos
625 731 816 802 inclinatus.
855 728 985 804 Rursus
1012 731 1202 804 meminisse
1230 729 1371 822 dignare
1397 749 1513 802 eorum
1540 734 1594 824 qui
1621 753 1691 806 no-

318 847 445 921 biscum
472 849 505 916 in
533 849 685 920 oratioue
712 850 909 936 consistunt,
934 855 1083 941 patrum,
1109 844 1269 936 fratrum,
1295 846 1596 942 magistrorumque
1621 868 1692 919 no-

320 974 475 1048 strorum,
503 970 679 1034 eteorum
706 964 761 1056 qui
788 961 916 1034 absunt.
969 960 1137 1034 Memento
1165 964 1279 1049 etiam,
1305 960 1466 1049 Domine,
1494 984 1610 1036 eorum
1637 965 1693 1056 qui

319 1085 563 1173 praeceperunt
578 1073 676 1146 nobis
703 1083 738 1146 ut
760 1097 876 1162 eorum
901 1079 1095 1148 memoriam
1116 1097 1294 1169 ageremus
1317 1079 1351 1146 in
1370 1075 1575 1150 orationibus
1591 1076 1634 1148 ad
1659 1085 1695 1148 te

319 1191 428 1262 Deum
453 1201 612 1264 nostrum.
639 1189 825 1285 Unicuique
852 1189 981 1262 ihorum
1009 1191 1169 1279 concede,
1195 1191 1357 1280 Domine,
1397 1194 1577 1286 petitiones
1604 1211 1693 1280 suas,

320 1329 405 1402 quae
432 1307 564 1400 quidem
591 1305 798 1378 adsalutem
826 1316 986 1402 spectant.
1013 1305 1198 1395 Memento,
1224 1308 1384 1396 Domine,
1412 1318 1446 1378 et
1475 1305 1606 1380 illorum
1639 1311 1695 1402 qui

320 1419 498 1493 intulerunt
530 1418 718 1494 oblationes
752 1420 795 1492 ad
821 1418 926 1492 altare
952 1430 1043 1492 tuum
1078 1431 1247 1509 sanctum,
1280 1432 1454 1494 eteorum
1486 1443 1548 1516 pro
1576 1423 1693 1517 quibus

323 1537 443 1630 singuli
471 1536 675 1623 obtuleruut,
703 1545 879 1610 eteorum
906 1539 961 1631 qui
990 1536 1112 1609 ollerre
1145 1537 1344 1626 voluerunt,
1379 1536 1440 1611 sed
1474 1558 1542 1608 non
1567 1549 1694 1633 potue-

320 1665 412 1725 runt:
441 1674 557 1724 eorum
585 1674 668 1746 quos
695 1655 921 1746 unusquisque
953 1649 1054 1725 habet
1086 1656 1120 1724 in
1146 1662 1274 1740 mente,
1309 1662 1342 1724 et
1375 1650 1490 1723 eorum
1527 1653 1582 1747 qui
1607 1675 1695 1724 nunc

320 1770 538 1840 nominantur.
577 1767 625 1836 Et
658 1765 794 1837 clevans
818 1787 945 1836 nocem.
972 1767 1159 1854 Memento,
1185 1766 1347 1857 Domine,
1376 1759 1520 1840 omnium
1555 1789 1693 1862 quorum

321 1886 540 1971 meminimus,
567 1891 599 1953 et
627 1902 742 1952 eorum
771 1902 909 1978 quorum
936 1903 1003 1953 non
1029 1884 1250 1970 meminimus,
1278 1892 1312 1954 et
1338 1880 1517 1956 secundum
1544 1883 1694 1956 multitu-

323 1997 433 2068 dinem
459 1995 719 2068 mansuetudinis
750 2005 845 2083 tuae,
880 1994 1027 2067 retribue
1052 1993 1116 2069 iMis
1144 1989 1301 2092 g'audium
1319 1994 1435 2070 salutis
1464 2007 1551 2084 orac,
1579 2002 1693 2070 susci-

322 2117 418 2209 piens
451 2111 614 2186 sacrificia
647 2109 776 2182 ihorum
809 2114 842 2182 in
875 2114 1038 2183 immenso
1078 2110 1176 2183 coelo
1216 2120 1291 2200 tuo,
1327 2109 1514 2208 dignosque
1550 2113 1695 2186 alliciens

321 2229 513 2300 visitatione
549 2237 583 2298 et
618 2226 743 2298 auxiho
776 2235 852 2298 tuo:
887 2224 1047 2298 confirma
1082 2225 1157 2297 illos
1184 2229 1307 2298 virtuto
1335 2237 1408 2314 tua,
1445 2236 1479 2298 et
1503 2224 1696 2300 fortitudine

321 2352 375 2414 tua
403 2341 479 2415 illos
507 2346 653 2428 instrue,
681 2344 757 2436 quia
784 2347 819 2411 tu
845 2362 884 2413 es
910 2343 1103 2414 misericors
1128 2351 1162 2412 et
1175 2343 1435 2414 misericordiam
1462 2344 1567 2438 cupis,
1594 2350 1696 2437 teque

323 2457 418 2530 decet
450 2455 576 2550 gloria,
610 2456 717 2529 honor
753 2464 786 2526 et
817 2458 981 2549 potentia,
1014 2455 1111 2528 simul
1144 2478 1219 2528 cum
1252 2460 1422 2548 unigenito
1457 2457 1544 2532 Filio
1578 2468 1634 2530 tuo
1661 2469 1697 2530 et

322 2571 445 2668 Spiritu
472 2583 539 2646 tuo.
695 2569 857 2664 Populus.
886 2572 1006 2646 Amen.
1712 2641 1716 2646 .

423 2687 611 2760 Diaconos.
638 2685 712 2756 Pro
739 2685 901 2781 Regibus.
927 2686 1048 2757 lterum
1077 2695 1110 2757 et
1127 2688 1245 2758 iterum
1261 2707 1558 2760 commemoramus
1577 2710 1695 2762 omnes

321 2801 437 2896 Reges
464 2801 591 2890 fideles,
620 2799 828 2874 Christianos
855 2824 979 2876 veros:
1007 2803 1062 2895 qui
1087 2800 1261 2874 Ecclesias
1289 2813 1324 2873 et
1348 2800 1554 2875 Mouasteria
1580 2805 1647 2876 Dei
1661 2807 1697 2876 in

323 2929 467 3016 quatuor
492 2916 602 2990 muudi
628 2915 777 3012 partibus
805 2916 1065 2989 aedificaverunt
1091 2926 1125 2989 et
1139 2915 1374 2990 fundaverunt:
1403 2926 1572 3013 totamque
1597 2942 1696 2993 rem-

322 3033 487 3130 publicam
523 3028 762 3120 Christianam,
799 3029 933 3103 Clerum
968 3040 1002 3104 et
1033 3032 1191 3127 populum
1217 3031 1368 3124 fidelem,
1397 3045 1433 3106 ut
1459 3037 1493 3107 in
1520 3033 1696 3109 virtutibus

321 3146 508 3243 proficiant,
534 3148 711 3219 Dominum
740 3144 968 3240 deprecemur.

425 3262 601 3334 Sacerdos
626 3263 817 3332 inclinatas.
844 3261 1014 3335 Memento
1046 3263 1164 3352 etiam,
1195 3263 1360 3354 Domine,
1398 3266 1528 3358 piorum
1562 3265 1697 3360 Regum

322 3390 511 3452 nostrorum
537 3389 571 3450 et
586 3377 809 3470 Reginorum:
838 3376 1051 3473 apprehende
1078 3397 1170 3448 arma
1197 3387 1231 3448 et
1258 3387 1398 3467 scutum,
1426 3386 1460 3448 et
1486 3399 1637 3473 exsurge
1663 3386 1698 3453 in

323 3493 479 3566 auxihum
507 3515 632 3567 eorum.
659 3493 797 3586 Subjice
828 3491 892 3564 illis
925 3491 1040 3564 hostes
1076 3513 1193 3564 omnes
1220 3503 1255 3564 et
1280 3492 1516 3584 adversarios,
1547 3502 1584 3566 ut
1615 3494 1698 3591 pla-

323 3608 429 3680 cidam
456 3608 730 3704 tranquillamque
756 3610 858 3678 vitam
886 3629 1048 3699 agamus,
1079 3607 1114 3676 in
1150 3608 1239 3678 omui
1264 3609 1383 3681 timore
1409 3609 1474 3680 Dei
1501 3620 1535 3682 et
1560 3608 1699 3682 humili-

323 3733 407 3797 tate:
448 3727 525 3819 quia
552 3734 585 3794 tu
613 3722 726 3795 salutis
753 3721 918 3814 refugium
945 3744 995 3810 es,
1023 3731 1057 3794 et
1082 3729 1233 3815 potestas
1271 3723 1480 3796 auxiliatrix:
1506 3727 1699 3797 victoriae-

324 3863 387 3936 que
416 3839 638 3936 dispensator,
666 3861 748 3931 erga
776 3861 837 3910 eos
865 3858 982 3910 ornnes
1009 3839 1065 3931 qui
1091 3846 1126 3907 te
1151 3840 1327 3927 invocant,
1361 3849 1395 3911 et
1427 3849 1564 3936 sperant
1589 3843 1622 3912 in
1651 3847 1706 3930 te,

322 3955 476 4027 Domine.
503 3954 547 4025 llt
573 3952 631 4026 tibi
657 3955 799 4046 gloriam
827 3962 860 4024 et
885 3951 1017 4024 laudem
1044 3950 1241 4024 referemus.
1336 3953 1497 4048 Populus.
1523 3955 1643 4029 Amen.

427 4069 616 4141 Diaconos.
643 4070 812 4141 hismeria
838 4073 1041 4139 sanctornm.
1069 4067 1191 4139 lterum
1219 4077 1319 4163 atque
1344 4071 1462 4140 iterum
1486 4090 1697 4142 commemo-

323 4207 435 4257 ramus
461 4207 546 4258 vere
572 4185 726 4275 beatam,
761 4182 993 4278 laudatamque
1026 4181 1068 4256 ab
1097 4180 1250 4256 omnibus
1284 4184 1555 4275 generationibus
1586 4194 1700 4257 terrac

325 4311 483 4389 sanctam,
510 4300 729 4390 benedictam,
759 4321 891 4394 semper
923 4299 1096 4389 Virginem
1123 4301 1319 4390 genitricem
1353 4300 1422 4371 Dei
1449 4299 1609 4388 Mariam,
1645 4300 1698 4370 si-

325 4415 458 4512 mulque
474 4421 668 4488 memoriam
686 4419 815 4506 agimus
839 4411 1091 4508 Prophetarum,
1117 4412 1369 4508 Apostolorum,
1395 4413 1699 4506 Evangelistarum,

326 4529 609 4620 Praedicatorum,
637 4529 834 4624 Martyrum,
867 4537 900 4600 et
932 4526 1194 4617 Conlessorum3
1221 4538 1255 4598 et
1289 4527 1327 4599 B.
1359 4528 1498 4600 loannis
1529 4528 1700 4622 Baptistae

327 4651 575 4741 praecursoris:
603 4647 743 4740 gloriosi
771 4646 806 4717 S.
833 4642 993 4740 Stephani
1020 4647 1116 4740 primi
1142 4646 1315 4738 martyris,
1352 4667 1392 4716 ac
1419 4646 1516 4739 primi
1540 4644 1700 4715 Diaconi:

327 4771 359 4831 et
384 4785 650 4858 unumquemque
677 4784 793 4835 eorum
819 4769 1131 4848 commemorantes,
1157 4757 1333 4831 Dominum
1360 4759 1586 4856 deprecemur.

429 4878 606 4950 Sacerdos
633 4879 823 4948 inclinatus.
857 4877 1022 4963 Quoniam
1049 4877 1148 4966 igitur
1180 4883 1232 4945 est
1264 4872 1322 4945 tibi
1355 4883 1506 4969 potestas
1541 4875 1632 4946 vitae
1668 4881 1702 4942 et

328 4996 454 5081 mortis,
482 4994 636 5083 Domine,
662 4994 822 5089 Deusque
857 4989 1159 5064 misericordiarum
1194 4998 1228 5059 et
1260 4991 1382 5096 amoris
1418 5010 1501 5080 erga
1534 4985 1700 5060 homiuem

365 5131 451 5174 Tonans
464 5129 489 5174 u
1264 5121 1268 5130 “
1475 5101 1499 5171 8
