<?xml version="1.0" encoding="UTF-8"?>
<!DOCTYPE html PUBLIC "-//W3C//DTD XHTML 1.0 Transitional//EN"
    "http://www.w3.org/TR/xhtml1/DTD/xhtml1-transitional.dtd">
<html xmlns="http://www.w3.org/1999/xhtml" xml:lang="en" lang="en">
 <head>
  <title>
</title>
<meta http-equiv="Content-Type" content="text/html;charset=utf-8" />
  <meta name='ocr-system' content='tesseract 3.04.00' />
  <meta name='ocr-capabilities' content='ocr_page ocr_carea ocr_par ocr_line ocrx_word'/>
</head>
<body>
  <div class='ocr_page' id='page_1' title='image "./liturgiarumorie04renagoog_0300.png"; bbox 0 0 4712 6032; ppageno 0'>
   <div class='ocr_carea' id='block_1_1' title="bbox 520 493 1636 590">
    <p class='ocr_par' dir='ltr' id='par_1_1' title="bbox 520 493 1636 590">
     <span class='ocr_line' id='line_1_1' title="bbox 520 493 1636 590; baseline -0.004 -16"><span class='ocrx_word' id='word_1_1' title='bbox 520 497 926 576; x_wconf 72' lang='lat' dir='ltr'>stillulis</span> <span class='ocrx_word' id='word_1_2' title='bbox 968 493 1391 575; x_wconf 82' lang='lat' dir='ltr'>CATHOLlGl.</span> <span class='ocrx_word' id='word_1_3' title='bbox 1560 495 1636 590; x_wconf 76' lang='lat'>263</span> 
     </span>
    </p>
   </div>
   <div class='ocr_carea' id='block_1_2' title="bbox 266 647 1637 781">
    <p class='ocr_par' dir='ltr' id='par_1_2' title="bbox 266 647 1637 781">
     <span class='ocr_line' id='line_1_2' title="bbox 266 647 1637 781; baseline -0.002 -21"><span class='ocrx_word' id='word_1_4' title='bbox 266 685 416 777; x_wconf 86' lang='lat' dir='ltr'>flumina,</span> <span class='ocrx_word' id='word_1_5' title='bbox 443 695 477 759; x_wconf 89' lang='lat' dir='ltr'>et</span> <span class='ocrx_word' id='word_1_6' title='bbox 503 686 588 758; x_wconf 89' lang='lat' dir='ltr'>sicut</span> <span class='ocrx_word' id='word_1_7' title='bbox 613 685 731 781; x_wconf 77' lang='lat' dir='ltr'>reliqui</span> <span class='ocrx_word' id='word_1_8' title='bbox 759 689 929 758; x_wconf 91' lang='lat' dir='ltr'>criminum</span> <span class='ocrx_word' id='word_1_9' title='bbox 954 687 1005 755; x_wconf 92' lang='lat' dir='ltr'>rei</span> <span class='ocrx_word' id='word_1_10' title='bbox 1030 647 1194 758; x_wconf 87' lang='lat' dir='ltr'>inclinasti</span> <span class='ocrx_word' id='word_1_11' title='bbox 1216 694 1316 780; x_wconf 88' lang='lat' dir='ltr'>caput</span> <span class='ocrx_word' id='word_1_12' title='bbox 1341 695 1431 757; x_wconf 91' lang='lat' dir='ltr'>tuum</span> <span class='ocrx_word' id='word_1_13' title='bbox 1450 683 1637 780; x_wconf 74' lang='lat' dir='ltr'><strong>Baptistae:</strong></span> 
     </span>
    </p>
   </div>
   <div class='ocr_carea' id='block_1_3' title="bbox 222 798 1716 4353">
    <p class='ocr_par' dir='ltr' id='par_1_3' title="bbox 262 798 1716 3218">
     <span class='ocr_line' id='line_1_3' title="bbox 267 798 1639 901; baseline -0.002 -25"><span class='ocrx_word' id='word_1_14' title='bbox 267 808 322 901; x_wconf 95' lang='lat' dir='ltr'>qui</span> <span class='ocrx_word' id='word_1_15' title='bbox 344 805 502 895; x_wconf 78' lang='lat' dir='ltr'><strong>jejunasti</strong></span> <span class='ocrx_word' id='word_1_16' title='bbox 529 811 684 896; x_wconf 87' lang='lat' dir='ltr'>tanquam</span> <span class='ocrx_word' id='word_1_17' title='bbox 717 801 835 888; x_wconf 92' lang='lat' dir='ltr'>homo,</span> <span class='ocrx_word' id='word_1_18' title='bbox 871 799 1113 894; x_wconf 83' lang='lat' dir='ltr'>confudistique</span> <span class='ocrx_word' id='word_1_19' title='bbox 1146 810 1180 872; x_wconf 94' lang='lat' dir='ltr'>et</span> <span class='ocrx_word' id='word_1_20' title='bbox 1213 798 1388 873; x_wconf 90' lang='lat' dir='ltr'>humiliasti</span> <span class='ocrx_word' id='word_1_21' title='bbox 1425 809 1639 873; x_wconf 71' lang='lat' dir='ltr'>tentatorem:</span> 
     </span>
     <span class='ocr_line' id='line_1_4' title="bbox 266 915 1640 1016; baseline -0.001 -25"><span class='ocrx_word' id='word_1_22' title='bbox 266 923 320 1016; x_wconf 91' lang='lat' dir='ltr'>qui</span> <span class='ocrx_word' id='word_1_23' title='bbox 347 917 497 1014; x_wconf 84' lang='lat' dir='ltr'><strong>colaphis</strong></span> <span class='ocrx_word' id='word_1_24' title='bbox 525 939 647 989; x_wconf 89' lang='lat' dir='ltr'>caesus</span> <span class='ocrx_word' id='word_1_25' title='bbox 675 939 712 988; x_wconf 91' lang='lat' dir='ltr'>es</span> <span class='ocrx_word' id='word_1_26' title='bbox 738 920 772 987; x_wconf 90' lang='lat' dir='ltr'>in</span> <span class='ocrx_word' id='word_1_27' title='bbox 806 919 997 1012; x_wconf 89' lang='lat' dir='ltr'>praetorio,</span> <span class='ocrx_word' id='word_1_28' title='bbox 1034 925 1067 986; x_wconf 88' lang='lat' dir='ltr'>et</span> <span class='ocrx_word' id='word_1_29' title='bbox 1100 927 1255 1012; x_wconf 83' lang='lat' dir='ltr'>tanquam</span> <span class='ocrx_word' id='word_1_30' title='bbox 1289 915 1485 990; x_wconf 83' lang='lat' dir='ltr'>malefactor</span> <span class='ocrx_word' id='word_1_31' title='bbox 1520 919 1640 990; x_wconf 88' lang='lat' dir='ltr'>stetisti</span> 
     </span>
     <span class='ocr_line' id='line_1_5' title="bbox 267 1030 1639 1129; baseline -0.005 -20"><span class='ocrx_word' id='word_1_32' title='bbox 267 1059 382 1109; x_wconf 91' lang='lat' dir='ltr'>coram</span> <span class='ocrx_word' id='word_1_33' title='bbox 413 1034 541 1128; x_wconf 88' lang='lat' dir='ltr'>judice:</span> <span class='ocrx_word' id='word_1_34' title='bbox 583 1035 637 1129; x_wconf 92' lang='lat' dir='ltr'>qui</span> <span class='ocrx_word' id='word_1_35' title='bbox 671 1042 831 1104; x_wconf 89' lang='lat' dir='ltr'>extensus</span> <span class='ocrx_word' id='word_1_36' title='bbox 865 1055 966 1128; x_wconf 90' lang='lat' dir='ltr'>super</span> <span class='ocrx_word' id='word_1_37' title='bbox 1002 1054 1152 1122; x_wconf 91' lang='lat' dir='ltr'>crucem,</span> <span class='ocrx_word' id='word_1_38' title='bbox 1187 1043 1221 1105; x_wconf 90' lang='lat' dir='ltr'>et</span> <span class='ocrx_word' id='word_1_39' title='bbox 1254 1037 1342 1116; x_wconf 86' lang='lat' dir='ltr'>inter</span> <span class='ocrx_word' id='word_1_40' title='bbox 1373 1030 1520 1104; x_wconf 77' lang='lat' dir='ltr'>labores</span> <span class='ocrx_word' id='word_1_41' title='bbox 1547 1032 1639 1124; x_wconf 81' lang='lat' dir='ltr'>bgno</span> 
     </span>
     <span class='ocr_line' id='line_1_6' title="bbox 266 1147 1639 1246; baseline -0.003 -22"><span class='ocrx_word' id='word_1_42' title='bbox 266 1151 384 1224; x_wconf 85' lang='lat' dir='ltr'>affixus</span> <span class='ocrx_word' id='word_1_43' title='bbox 410 1151 517 1222; x_wconf 88' lang='lat' dir='ltr'>bristi:</span> <span class='ocrx_word' id='word_1_44' title='bbox 545 1153 599 1244; x_wconf 95' lang='lat' dir='ltr'>qui</span> <span class='ocrx_word' id='word_1_45' title='bbox 625 1148 795 1244; x_wconf 89' lang='lat' dir='ltr'>depositus</span> <span class='ocrx_word' id='word_1_46' title='bbox 822 1147 912 1220; x_wconf 86' lang='lat' dir='ltr'>fuisti</span> <span class='ocrx_word' id='word_1_47' title='bbox 948 1161 982 1220; x_wconf 91' lang='lat' dir='ltr'>et</span> <span class='ocrx_word' id='word_1_48' title='bbox 1014 1148 1123 1222; x_wconf 89' lang='lat' dir='ltr'>linteis</span> <span class='ocrx_word' id='word_1_49' title='bbox 1157 1158 1311 1246; x_wconf 93' lang='lat' dir='ltr'>tanquam</span> <span class='ocrx_word' id='word_1_50' title='bbox 1345 1148 1498 1240; x_wconf 88' lang='lat' dir='ltr'>indigens</span> <span class='ocrx_word' id='word_1_51' title='bbox 1533 1151 1639 1221; x_wconf 82' lang='lat' dir='ltr'>invo-</span> 
     </span>
     <span class='ocr_line' id='line_1_7' title="bbox 266 1265 1639 1362; baseline 0.001 -26"><span class='ocrx_word' id='word_1_52' title='bbox 266 1265 371 1339; x_wconf 91' lang='lat' dir='ltr'>lutus:</span> <span class='ocrx_word' id='word_1_53' title='bbox 400 1270 454 1362; x_wconf 94' lang='lat' dir='ltr'>qui</span> <span class='ocrx_word' id='word_1_54' title='bbox 482 1289 557 1338; x_wconf 92' lang='lat' dir='ltr'>cum</span> <span class='ocrx_word' id='word_1_55' title='bbox 583 1266 692 1356; x_wconf 85' lang='lat' dir='ltr'>gloria</span> <span class='ocrx_word' id='word_1_56' title='bbox 718 1266 948 1354; x_wconf 78' lang='lat' dir='ltr'>resurrexisti,</span> <span class='ocrx_word' id='word_1_57' title='bbox 975 1274 1010 1336; x_wconf 88' lang='lat' dir='ltr'>et</span> <span class='ocrx_word' id='word_1_58' title='bbox 1035 1274 1190 1360; x_wconf 86' lang='lat' dir='ltr'>tanquam</span> <span class='ocrx_word' id='word_1_59' title='bbox 1223 1276 1341 1361; x_wconf 88' lang='lat' dir='ltr'>potens</span> <span class='ocrx_word' id='word_1_60' title='bbox 1374 1267 1491 1360; x_wconf 90' lang='lat' dir='ltr'>rupisti</span> <span class='ocrx_word' id='word_1_61' title='bbox 1523 1269 1639 1338; x_wconf 88' lang='lat' dir='ltr'>mortis</span> 
     </span>
     <span class='ocr_line' id='line_1_8' title="bbox 266 1379 1640 1477; baseline 0 -23"><span class='ocrx_word' id='word_1_62' title='bbox 266 1382 416 1455; x_wconf 87' lang='lat' dir='ltr'>uincula:</span> <span class='ocrx_word' id='word_1_63' title='bbox 444 1386 499 1477; x_wconf 90' lang='lat' dir='ltr'>qui</span> <span class='ocrx_word' id='word_1_64' title='bbox 525 1381 704 1455; x_wconf 87' lang='lat' dir='ltr'>ascendisti</span> <span class='ocrx_word' id='word_1_65' title='bbox 731 1383 764 1452; x_wconf 93' lang='lat' dir='ltr'>in</span> <span class='ocrx_word' id='word_1_66' title='bbox 791 1380 940 1467; x_wconf 90' lang='lat' dir='ltr'>coelum,</span> <span class='ocrx_word' id='word_1_67' title='bbox 968 1391 1003 1452; x_wconf 90' lang='lat' dir='ltr'>et</span> <span class='ocrx_word' id='word_1_68' title='bbox 1029 1379 1169 1453; x_wconf 82' lang='lat' dir='ltr'>effudisti</span> <span class='ocrx_word' id='word_1_69' title='bbox 1196 1403 1298 1476; x_wconf 90' lang='lat' dir='ltr'>super</span> <span class='ocrx_word' id='word_1_70' title='bbox 1324 1404 1388 1453; x_wconf 91' lang='lat' dir='ltr'>nos</span> <span class='ocrx_word' id='word_1_71' title='bbox 1401 1380 1524 1452; x_wconf 92' lang='lat' dir='ltr'>donum</span> <span class='ocrx_word' id='word_1_72' title='bbox 1550 1391 1640 1454; x_wconf 92' lang='lat' dir='ltr'>tuum</span> 
     </span>
     <span class='ocr_line' id='line_1_9' title="bbox 265 1496 1640 1593; baseline -0.003 -21"><span class='ocrx_word' id='word_1_73' title='bbox 265 1498 446 1572; x_wconf 82' lang='lat' dir='ltr'>ineffabile:</span> <span class='ocrx_word' id='word_1_74' title='bbox 474 1503 528 1592; x_wconf 94' lang='lat' dir='ltr'>qui</span> <span class='ocrx_word' id='word_1_75' title='bbox 555 1521 629 1570; x_wconf 92' lang='lat' dir='ltr'>cum</span> <span class='ocrx_word' id='word_1_76' title='bbox 656 1496 804 1584; x_wconf 87' lang='lat' dir='ltr'>honore,</span> <span class='ocrx_word' id='word_1_77' title='bbox 831 1497 1010 1593; x_wconf 90' lang='lat' dir='ltr'>splendore</span> <span class='ocrx_word' id='word_1_78' title='bbox 1038 1506 1071 1568; x_wconf 89' lang='lat' dir='ltr'>et</span> <span class='ocrx_word' id='word_1_79' title='bbox 1097 1496 1207 1590; x_wconf 85' lang='lat' dir='ltr'>gloria</span> <span class='ocrx_word' id='word_1_80' title='bbox 1233 1497 1342 1570; x_wconf 91' lang='lat' dir='ltr'>Patris</span> <span class='ocrx_word' id='word_1_81' title='bbox 1357 1507 1518 1570; x_wconf 90' lang='lat' dir='ltr'>venturus</span> <span class='ocrx_word' id='word_1_82' title='bbox 1539 1519 1577 1568; x_wconf 90' lang='lat' dir='ltr'>es</span> <span class='ocrx_word' id='word_1_83' title='bbox 1595 1497 1640 1568; x_wconf 88' lang='lat' dir='ltr'>ad</span> 
     </span>
     <span class='ocr_line' id='line_1_10' title="bbox 262 1612 1639 1708; baseline -0.001 -22"><span class='ocrx_word' id='word_1_84' title='bbox 262 1613 463 1707; x_wconf 89' lang='lat' dir='ltr'>judicandas</span> <span class='ocrx_word' id='word_1_85' title='bbox 489 1625 678 1703; x_wconf 87' lang='lat' dir='ltr'>creaturas,</span> <span class='ocrx_word' id='word_1_86' title='bbox 706 1635 887 1708; x_wconf 90' lang='lat' dir='ltr'>omnesque</span> <span class='ocrx_word' id='word_1_87' title='bbox 913 1613 1063 1686; x_wconf 91' lang='lat' dir='ltr'>homines</span> <span class='ocrx_word' id='word_1_88' title='bbox 1091 1613 1133 1684; x_wconf 91' lang='lat' dir='ltr'>ad</span> <span class='ocrx_word' id='word_1_89' title='bbox 1159 1617 1262 1684; x_wconf 89' lang='lat' dir='ltr'>vitam</span> <span class='ocrx_word' id='word_1_90' title='bbox 1288 1612 1467 1686; x_wconf 86' lang='lat' dir='ltr'>revocabis</span> <span class='ocrx_word' id='word_1_91' title='bbox 1485 1622 1519 1684; x_wconf 91' lang='lat' dir='ltr'>et</span> <span class='ocrx_word' id='word_1_92' title='bbox 1536 1617 1639 1684; x_wconf 91' lang='lat' dir='ltr'>exci-</span> 
     </span>
     <span class='ocr_line' id='line_1_11' title="bbox 265 1727 1641 1803; baseline -0.003 0"><span class='ocrx_word' id='word_1_93' title='bbox 265 1729 353 1803; x_wconf 87' lang='lat' dir='ltr'>tabis</span> <span class='ocrx_word' id='word_1_94' title='bbox 381 1734 414 1802; x_wconf 92' lang='lat' dir='ltr'>in</span> <span class='ocrx_word' id='word_1_95' title='bbox 440 1734 528 1801; x_wconf 94' lang='lat' dir='ltr'>nictu</span> <span class='ocrx_word' id='word_1_96' title='bbox 555 1729 651 1802; x_wconf 92' lang='lat' dir='ltr'>oculi.</span> <span class='ocrx_word' id='word_1_97' title='bbox 705 1729 755 1801; x_wconf 84' lang='lat' dir='ltr'>Te</span> <span class='ocrx_word' id='word_1_98' title='bbox 781 1729 924 1802; x_wconf 88' lang='lat' dir='ltr'>Domine</span> <span class='ocrx_word' id='word_1_99' title='bbox 952 1729 1074 1803; x_wconf 90' lang='lat' dir='ltr'>multae</span> <span class='ocrx_word' id='word_1_100' title='bbox 1101 1728 1352 1802; x_wconf 85' lang='lat' dir='ltr'>misericordiae</span> <span class='ocrx_word' id='word_1_101' title='bbox 1375 1727 1591 1802; x_wconf 90' lang='lat' dir='ltr'>obsecramus</span> <span class='ocrx_word' id='word_1_102' title='bbox 1607 1735 1641 1799; x_wconf 91' lang='lat' dir='ltr'>et</span> 
     </span>
     <span class='ocr_line' id='line_1_12' title="bbox 268 1844 1640 1942; baseline 0 -25"><span class='ocrx_word' id='word_1_103' title='bbox 268 1846 505 1942; x_wconf 89' lang='lat' dir='ltr'>deprecamur,</span> <span class='ocrx_word' id='word_1_104' title='bbox 542 1855 640 1940; x_wconf 91' lang='lat' dir='ltr'>atque</span> <span class='ocrx_word' id='word_1_105' title='bbox 674 1869 693 1916; x_wconf 92' lang='lat' dir='ltr'>a</span> <span class='ocrx_word' id='word_1_106' title='bbox 730 1856 762 1917; x_wconf 92' lang='lat' dir='ltr'>te</span> <span class='ocrx_word' id='word_1_107' title='bbox 798 1867 891 1940; x_wconf 89' lang='lat' dir='ltr'>spem</span> <span class='ocrx_word' id='word_1_108' title='bbox 925 1848 1015 1917; x_wconf 88' lang='lat' dir='ltr'>vitae</span> <span class='ocrx_word' id='word_1_109' title='bbox 1049 1855 1184 1918; x_wconf 87' lang='lat' dir='ltr'>nostrae</span> <span class='ocrx_word' id='word_1_110' title='bbox 1219 1854 1253 1916; x_wconf 92' lang='lat' dir='ltr'>et</span> <span class='ocrx_word' id='word_1_111' title='bbox 1284 1844 1423 1918; x_wconf 90' lang='lat' dir='ltr'>salutem</span> <span class='ocrx_word' id='word_1_112' title='bbox 1457 1849 1640 1918; x_wconf 91' lang='lat' dir='ltr'>animarum</span> 
     </span>
     <span class='ocr_line' id='line_1_13' title="bbox 266 1956 1639 2058; baseline -0.004 -22"><span class='ocrx_word' id='word_1_113' title='bbox 266 1974 453 2036; x_wconf 83' lang='lat' dir='ltr'>nostrarum</span> <span class='ocrx_word' id='word_1_114' title='bbox 482 1961 704 2058; x_wconf 84' lang='lat' dir='ltr'>postulamm,</span> <span class='ocrx_word' id='word_1_115' title='bbox 745 1973 779 2033; x_wconf 87' lang='lat' dir='ltr'>ut</span> <span class='ocrx_word' id='word_1_116' title='bbox 813 1956 889 2035; x_wconf 83' lang='lat' dir='ltr'>non&#39;</span> <span class='ocrx_word' id='word_1_117' title='bbox 914 1984 996 2054; x_wconf 85' lang='lat' dir='ltr'>agas</span> <span class='ocrx_word' id='word_1_118' title='bbox 1030 1960 1202 2034; x_wconf 93' lang='lat' dir='ltr'>nobiscum</span> <span class='ocrx_word' id='word_1_119' title='bbox 1239 1960 1418 2032; x_wconf 87' lang='lat' dir='ltr'>secundum</span> <span class='ocrx_word' id='word_1_120' title='bbox 1452 1964 1639 2056; x_wconf 89' lang='lat' dir='ltr'>iniquitates</span> 
     </span>
     <span class='ocr_line' id='line_1_14' title="bbox 267 2065 1639 2174; baseline -0.003 -23"><span class='ocrx_word' id='word_1_121' title='bbox 267 2065 422 2168; x_wconf 84' lang='lat' dir='ltr'>nostras,</span> <span class='ocrx_word' id='word_1_122' title='bbox 449 2101 557 2174; x_wconf 90' lang='lat' dir='ltr'>neque</span> <span class='ocrx_word' id='word_1_123' title='bbox 583 2076 748 2151; x_wconf 91' lang='lat' dir='ltr'>retribuas</span> <span class='ocrx_word' id='word_1_124' title='bbox 775 2077 872 2150; x_wconf 90' lang='lat' dir='ltr'>nobis</span> <span class='ocrx_word' id='word_1_125' title='bbox 900 2078 1079 2150; x_wconf 91' lang='lat' dir='ltr'>secundum</span> <span class='ocrx_word' id='word_1_126' title='bbox 1105 2079 1223 2149; x_wconf 89' lang='lat' dir='ltr'>merita</span> <span class='ocrx_word' id='word_1_127' title='bbox 1255 2089 1379 2150; x_wconf 90' lang='lat' dir='ltr'>nostra.</span> <span class='ocrx_word' id='word_1_128' title='bbox 1432 2077 1524 2150; x_wconf 90' lang='lat' dir='ltr'>Vere</span> <span class='ocrx_word' id='word_1_129' title='bbox 1552 2081 1639 2149; x_wconf 91' lang='lat' dir='ltr'>enim</span> 
     </span>
     <span class='ocr_line' id='line_1_15' title="bbox 267 2193 1639 2290; baseline -0.001 -23"><span class='ocrx_word' id='word_1_130' title='bbox 267 2197 432 2284; x_wconf 90' lang='lat' dir='ltr'>Domine,</span> <span class='ocrx_word' id='word_1_131' title='bbox 458 2196 588 2289; x_wconf 88' lang='lat' dir='ltr'>iniqua,</span> <span class='ocrx_word' id='word_1_132' title='bbox 620 2197 721 2290; x_wconf 90' lang='lat' dir='ltr'>impie</span> <span class='ocrx_word' id='word_1_133' title='bbox 755 2205 788 2265; x_wconf 86' lang='lat' dir='ltr'>et</span> <span class='ocrx_word' id='word_1_134' title='bbox 820 2196 1015 2289; x_wconf 89' lang='lat' dir='ltr'>insipienter</span> <span class='ocrx_word' id='word_1_135' title='bbox 1047 2197 1193 2284; x_wconf 85' lang='lat' dir='ltr'>egimus,</span> <span class='ocrx_word' id='word_1_136' title='bbox 1226 2203 1325 2287; x_wconf 91' lang='lat' dir='ltr'>teque</span> <span class='ocrx_word' id='word_1_137' title='bbox 1361 2194 1402 2264; x_wconf 88' lang='lat' dir='ltr'>ad</span> <span class='ocrx_word' id='word_1_138' title='bbox 1437 2193 1639 2266; x_wconf 89' lang='lat' dir='ltr'>iracundiam</span> 
     </span>
     <span class='ocr_line' id='line_1_16' title="bbox 266 2308 1660 2414; baseline 0.001 -33"><span class='ocrx_word' id='word_1_139' title='bbox 266 2313 547 2407; x_wconf 81' lang='lat' dir='ltr'>provocavimus3</span> <span class='ocrx_word' id='word_1_140' title='bbox 587 2309 648 2382; x_wconf 89' lang='lat' dir='ltr'>sed</span> <span class='ocrx_word' id='word_1_141' title='bbox 682 2333 746 2382; x_wconf 88' lang='lat' dir='ltr'>uec</span> <span class='ocrx_word' id='word_1_142' title='bbox 778 2308 909 2382; x_wconf 84' lang='lat' dir='ltr'>unicum</span> <span class='ocrx_word' id='word_1_143' title='bbox 943 2309 1171 2382; x_wconf 90' lang='lat' dir='ltr'>mandatorum</span> <span class='ocrx_word' id='word_1_144' title='bbox 1204 2320 1335 2382; x_wconf 89' lang='lat' dir='ltr'>tuomm</span> <span class='ocrx_word' id='word_1_145' title='bbox 1369 2308 1660 2414; x_wconf 51' lang='lat' dir='ltr'>observavimus„</span> 
     </span>
     <span class='ocr_line' id='line_1_17' title="bbox 267 2424 1639 2521; baseline 0.001 -25"><span class='ocrx_word' id='word_1_146' title='bbox 267 2426 321 2509; x_wconf 79' lang='lat' dir='ltr'>Tu</span> <span class='ocrx_word' id='word_1_147' title='bbox 348 2447 431 2496; x_wconf 92' lang='lat' dir='ltr'>vero</span> <span class='ocrx_word' id='word_1_148' title='bbox 456 2424 600 2497; x_wconf 89' lang='lat' dir='ltr'>Domine</span> <span class='ocrx_word' id='word_1_149' title='bbox 625 2426 727 2513; x_wconf 91' lang='lat' dir='ltr'>bone,</span> <span class='ocrx_word' id='word_1_150' title='bbox 755 2435 935 2498; x_wconf 87' lang='lat' dir='ltr'>excusatos</span> <span class='ocrx_word' id='word_1_151' title='bbox 962 2424 1049 2497; x_wconf 90' lang='lat' dir='ltr'>baba</span> <span class='ocrx_word' id='word_1_152' title='bbox 1075 2446 1148 2513; x_wconf 90' lang='lat' dir='ltr'>nos,</span> <span class='ocrx_word' id='word_1_153' title='bbox 1177 2433 1212 2496; x_wconf 91' lang='lat' dir='ltr'>et</span> <span class='ocrx_word' id='word_1_154' title='bbox 1236 2427 1397 2520; x_wconf 91' lang='lat' dir='ltr'>propitius</span> <span class='ocrx_word' id='word_1_155' title='bbox 1425 2435 1498 2500; x_wconf 90' lang='lat' dir='ltr'>esto</span> <span class='ocrx_word' id='word_1_156' title='bbox 1512 2429 1639 2521; x_wconf 86' lang='lat' dir='ltr'>iniqui·-</span> 
     </span>
     <span class='ocr_line' id='line_1_18' title="bbox 267 2539 1639 2637; baseline 0.001 -24"><span class='ocrx_word' id='word_1_157' title='bbox 267 2539 389 2614; x_wconf 84' lang='lat' dir='ltr'>tatibus</span> <span class='ocrx_word' id='word_1_158' title='bbox 425 2544 566 2630; x_wconf 90' lang='lat' dir='ltr'>nostris,</span> <span class='ocrx_word' id='word_1_159' title='bbox 605 2552 743 2636; x_wconf 88' lang='lat' dir='ltr'>propter</span> <span class='ocrx_word' id='word_1_160' title='bbox 774 2541 839 2613; x_wconf 92' lang='lat' dir='ltr'>boc</span> <span class='ocrx_word' id='word_1_161' title='bbox 872 2539 1069 2613; x_wconf 87' lang='lat' dir='ltr'>sacrificium</span> <span class='ocrx_word' id='word_1_162' title='bbox 1103 2543 1308 2637; x_wconf 89' lang='lat' dir='ltr'>propositum</span> <span class='ocrx_word' id='word_1_163' title='bbox 1344 2561 1455 2612; x_wconf 87' lang='lat' dir='ltr'>coram</span> <span class='ocrx_word' id='word_1_164' title='bbox 1491 2554 1534 2614; x_wconf 85' lang='lat' dir='ltr'>te.</span> <span class='ocrx_word' id='word_1_165' title='bbox 1586 2543 1639 2614; x_wconf 87' lang='lat' dir='ltr'>&#39;lu</span> 
     </span>
     <span class='ocr_line' id='line_1_19' title="bbox 269 2649 1639 2753; baseline 0.001 -25"><span class='ocrx_word' id='word_1_166' title='bbox 269 2660 356 2729; x_wconf 90' lang='lat' dir='ltr'>enim</span> <span class='ocrx_word' id='word_1_167' title='bbox 382 2659 426 2728; x_wconf 93' lang='lat' dir='ltr'>ita</span> <span class='ocrx_word' id='word_1_168' title='bbox 461 2655 625 2751; x_wconf 92' lang='lat' dir='ltr'>pollicitus</span> <span class='ocrx_word' id='word_1_169' title='bbox 658 2681 695 2730; x_wconf 90' lang='lat' dir='ltr'>es</span> <span class='ocrx_word' id='word_1_170' title='bbox 728 2649 888 2731; x_wconf 87' lang='lat' dir='ltr'>Domine:</span> <span class='ocrx_word' id='word_1_171' title='bbox 922 2659 1118 2752; x_wconf 91' lang='lat' dir='ltr'>quicumque</span> <span class='ocrx_word' id='word_1_172' title='bbox 1152 2655 1327 2729; x_wconf 89' lang='lat' dir='ltr'>manducat</span> <span class='ocrx_word' id='word_1_173' title='bbox 1360 2680 1482 2753; x_wconf 91' lang='lat' dir='ltr'>corpus</span> <span class='ocrx_word' id='word_1_174' title='bbox 1517 2681 1639 2746; x_wconf 84' lang='lat' dir='ltr'>meum,</span> 
     </span>
     <span class='ocr_line' id='line_1_20' title="bbox 269 2771 1639 2867; baseline 0.002 -23"><span class='ocrx_word' id='word_1_175' title='bbox 269 2783 304 2866; x_wconf 84' lang='lat' dir='ltr'>et</span> <span class='ocrx_word' id='word_1_176' title='bbox 328 2771 412 2845; x_wconf 90' lang='lat' dir='ltr'>bibit</span> <span class='ocrx_word' id='word_1_177' title='bbox 437 2778 631 2864; x_wconf 83' lang='lat' dir='ltr'>sanguinem</span> <span class='ocrx_word' id='word_1_178' title='bbox 659 2796 778 2863; x_wconf 89' lang='lat' dir='ltr'>meum,</span> <span class='ocrx_word' id='word_1_179' title='bbox 806 2783 840 2845; x_wconf 90' lang='lat' dir='ltr'>et</span> <span class='ocrx_word' id='word_1_180' title='bbox 866 2774 971 2846; x_wconf 91' lang='lat' dir='ltr'>credit</span> <span class='ocrx_word' id='word_1_181' title='bbox 997 2777 1029 2844; x_wconf 92' lang='lat' dir='ltr'>in</span> <span class='ocrx_word' id='word_1_182' title='bbox 1056 2795 1128 2862; x_wconf 89' lang='lat' dir='ltr'>me,</span> <span class='ocrx_word' id='word_1_183' title='bbox 1155 2773 1210 2845; x_wconf 89' lang='lat' dir='ltr'>illo</span> <span class='ocrx_word' id='word_1_184' title='bbox 1230 2776 1269 2844; x_wconf 87' lang='lat' dir='ltr'>in</span> <span class='ocrx_word' id='word_1_185' title='bbox 1295 2785 1485 2862; x_wconf 87' lang='lat' dir='ltr'>memanet,</span> <span class='ocrx_word' id='word_1_186' title='bbox 1512 2784 1547 2846; x_wconf 92' lang='lat' dir='ltr'>et</span> <span class='ocrx_word' id='word_1_187' title='bbox 1572 2796 1639 2867; x_wconf 86' lang='lat' dir='ltr'>ego</span> 
     </span>
     <span class='ocr_line' id='line_1_21' title="bbox 269 2889 1639 2982; baseline 0.001 -20"><span class='ocrx_word' id='word_1_188' title='bbox 269 2895 304 2962; x_wconf 91' lang='lat' dir='ltr'>in</span> <span class='ocrx_word' id='word_1_189' title='bbox 331 2912 388 2976; x_wconf 89' lang='lat' dir='ltr'>eo,</span> <span class='ocrx_word' id='word_1_190' title='bbox 416 2898 450 2959; x_wconf 91' lang='lat' dir='ltr'>et</span> <span class='ocrx_word' id='word_1_191' title='bbox 476 2911 542 2982; x_wconf 84' lang='lat' dir='ltr'>ego</span> <span class='ocrx_word' id='word_1_192' title='bbox 569 2889 778 2964; x_wconf 91' lang='lat' dir='ltr'>resuscitabo</span> <span class='ocrx_word' id='word_1_193' title='bbox 810 2913 884 2962; x_wconf 91' lang='lat' dir='ltr'>eum</span> <span class='ocrx_word' id='word_1_194' title='bbox 916 2895 948 2962; x_wconf 91' lang='lat' dir='ltr'>in</span> <span class='ocrx_word' id='word_1_195' title='bbox 980 2893 1164 2962; x_wconf 87' lang='lat' dir='ltr'>novissimo</span> <span class='ocrx_word' id='word_1_196' title='bbox 1199 2889 1262 2962; x_wconf 91' lang='lat' dir='ltr'>dia.</span> <span class='ocrx_word' id='word_1_197' title='bbox 1316 2890 1410 2964; x_wconf 85' lang='lat' dir='ltr'>Ores</span> <span class='ocrx_word' id='word_1_198' title='bbox 1442 2895 1530 2962; x_wconf 91' lang='lat' dir='ltr'>enim</span> <span class='ocrx_word' id='word_1_199' title='bbox 1564 2901 1639 2963; x_wconf 88' lang='lat' dir='ltr'>tuae</span> 
     </span>
     <span class='ocr_line' id='line_1_22' title="bbox 269 3005 1716 3102; baseline 0 -24"><span class='ocrx_word' id='word_1_200' title='bbox 269 3017 303 3080; x_wconf 89' lang='lat' dir='ltr'>et</span> <span class='ocrx_word' id='word_1_201' title='bbox 328 3028 416 3098; x_wconf 86' lang='lat' dir='ltr'>grex</span> <span class='ocrx_word' id='word_1_202' title='bbox 442 3015 532 3092; x_wconf 83' lang='lat' dir='ltr'>tuus,</span> <span class='ocrx_word' id='word_1_203' title='bbox 560 3009 735 3102; x_wconf 87' lang='lat' dir='ltr'>promissis</span> <span class='ocrx_word' id='word_1_204' title='bbox 761 3010 824 3080; x_wconf 88' lang='lat' dir='ltr'>tuis</span> <span class='ocrx_word' id='word_1_205' title='bbox 851 3006 1071 3092; x_wconf 85' lang='lat' dir='ltr'>confidentes,</span> <span class='ocrx_word' id='word_1_206' title='bbox 1100 3005 1321 3102; x_wconf 88' lang='lat' dir='ltr'>deprecantur</span> <span class='ocrx_word' id='word_1_207' title='bbox 1339 3005 1520 3080; x_wconf 89' lang='lat' dir='ltr'>bonitatem</span> <span class='ocrx_word' id='word_1_208' title='bbox 1537 3018 1638 3097; x_wconf 81' lang='lat' dir='ltr'>mam,</span> <span class='ocrx_word' id='word_1_209' title='bbox 1713 3005 1716 3010; x_wconf 73' lang='grc'><em>“</em></span> 
     </span>
     <span class='ocr_line' id='line_1_23' title="bbox 270 3120 1125 3218; baseline 0 -24"><span class='ocrx_word' id='word_1_210' title='bbox 270 3135 303 3195; x_wconf 90' lang='lat' dir='ltr'>et</span> <span class='ocrx_word' id='word_1_211' title='bbox 330 3144 392 3218; x_wconf 90' lang='lat' dir='ltr'>per</span> <span class='ocrx_word' id='word_1_212' title='bbox 418 3132 467 3210; x_wconf 90' lang='lat' dir='ltr'>te,</span> <span class='ocrx_word' id='word_1_213' title='bbox 495 3145 536 3192; x_wconf 88' lang='lat' dir='ltr'>ac</span> <span class='ocrx_word' id='word_1_214' title='bbox 563 3129 671 3194; x_wconf 90' lang='lat' dir='ltr'>tecum</span> <span class='ocrx_word' id='word_1_215' title='bbox 697 3122 830 3194; x_wconf 89' lang='lat' dir='ltr'>Patrem</span> <span class='ocrx_word' id='word_1_216' title='bbox 858 3133 947 3195; x_wconf 92' lang='lat' dir='ltr'>tuum</span> <span class='ocrx_word' id='word_1_217' title='bbox 974 3120 1125 3194; x_wconf 89' lang='lat' dir='ltr'>dicendo.</span> 
     </span>
    </p>

    <p class='ocr_par' dir='ltr' id='par_1_4' title="bbox 273 3238 895 3449">
     <span class='ocr_line' id='line_1_24' title="bbox 375 3238 895 3333; baseline -0.002 -23"><span class='ocrx_word' id='word_1_218' title='bbox 375 3240 535 3333; x_wconf 81' lang='lat' dir='ltr'>Populus.</span> <span class='ocrx_word' id='word_1_219' title='bbox 589 3238 754 3310; x_wconf 83' lang='lat' dir='ltr'>Miserere</span> <span class='ocrx_word' id='word_1_220' title='bbox 780 3243 895 3312; x_wconf 90' lang='lat' dir='ltr'>nostri.</span> 
     </span>
     <span class='ocr_line' id='line_1_25' title="bbox 273 3353 854 3449; baseline -0.003 -22"><span class='ocrx_word' id='word_1_221' title='bbox 273 3419 276 3427; x_wconf 91' lang='lat'>.</span> <span class='ocrx_word' id='word_1_222' title='bbox 376 3355 560 3427; x_wconf 84' lang='lat' dir='ltr'>Sacerdos.</span> <span class='ocrx_word' id='word_1_223' title='bbox 614 3353 686 3426; x_wconf 93' lang='lat' dir='ltr'>Nos</span> <span class='ocrx_word' id='word_1_224' title='bbox 714 3376 854 3449; x_wconf 90' lang='lat' dir='ltr'>quoque.</span> 
     </span>
    </p>

    <p class='ocr_par' dir='ltr' id='par_1_5' title="bbox 377 3470 847 3565">
     <span class='ocr_line' id='line_1_26' title="bbox 377 3470 847 3565; baseline 0.002 -24"><span class='ocrx_word' id='word_1_225' title='bbox 377 3471 537 3565; x_wconf 76' lang='lat' dir='ltr'>Populea.</span> <span class='ocrx_word' id='word_1_226' title='bbox 591 3470 641 3542; x_wconf 84' lang='lat' dir='ltr'>Te</span> <span class='ocrx_word' id='word_1_227' title='bbox 667 3471 847 3542; x_wconf 90' lang='lat' dir='ltr'>laudamus.</span> 
     </span>
    </p>

    <p class='ocr_par' dir='ltr' id='par_1_6' title="bbox 375 3585 1296 3705">
     <span class='ocr_line' id='line_1_27' title="bbox 375 3585 1296 3705; baseline 0.001 -48"><span class='ocrx_word' id='word_1_228' title='bbox 375 3586 562 3659; x_wconf 78' lang='lat' dir='ltr'>Diaconos.</span> <span class='ocrx_word' id='word_1_229' title='bbox 617 3589 722 3674; x_wconf 80' lang='lat' dir='ltr'>Quam</span> <span class='ocrx_word' id='word_1_230' title='bbox 750 3585 893 3658; x_wconf 87' lang='lat' dir='ltr'>timenda</span> <span class='ocrx_word' id='word_1_231' title='bbox 922 3597 973 3658; x_wconf 86' lang='lat' dir='ltr'>est</span> <span class='ocrx_word' id='word_1_232' title='bbox 999 3585 1081 3659; x_wconf 90' lang='lat' dir='ltr'>haec</span> <span class='ocrx_word' id='word_1_233' title='bbox 1107 3587 1206 3705; x_wconf 83' lang='lat' dir='ltr'>bqra,</span> <span class='ocrx_word' id='word_1_234' title='bbox 1234 3598 1296 3659; x_wconf 90' lang='lat' dir='ltr'>etc.</span> 
     </span>
    </p>

    <p class='ocr_par' dir='ltr' id='par_1_7' title="bbox 222 3701 1714 4353">
     <span class='ocr_line' id='line_1_28' title="bbox 376 3701 1264 3796; baseline 0.002 -22"><span class='ocrx_word' id='word_1_235' title='bbox 376 3701 551 3776; x_wconf 82' lang='lat' dir='ltr'>Sacerdos</span> <span class='ocrx_word' id='word_1_236' title='bbox 577 3705 662 3775; x_wconf 84' lang='lat' dir='ltr'>dicit</span> <span class='ocrx_word' id='word_1_237' title='bbox 688 3703 941 3774; x_wconf 84' lang='lat' dir='ltr'>looocotionem</span> <span class='ocrx_word' id='word_1_238' title='bbox 968 3701 1118 3796; x_wconf 79' lang='lat' dir='ltr'>Spiritus</span> <span class='ocrx_word' id='word_1_239' title='bbox 1144 3707 1264 3776; x_wconf 78' lang='lat' dir='ltr'>abacti.</span> 
     </span>
     <span class='ocr_line' id='line_1_29' title="bbox 222 3816 1640 3917; baseline 0.001 -29"><span class='ocrx_word' id='word_1_240' title='bbox 222 3885 236 3916; x_wconf 57' lang='grc'>,</span> <span class='ocrx_word' id='word_1_241' title='bbox 374 3816 539 3890; x_wconf 87' lang='lat' dir='ltr'>Miserere</span> <span class='ocrx_word' id='word_1_242' title='bbox 564 3823 629 3892; x_wconf 91' lang='lat' dir='ltr'>mei</span> <span class='ocrx_word' id='word_1_243' title='bbox 655 3819 766 3899; x_wconf 82' lang='lat' dir='ltr'>Deus,</span> <span class='ocrx_word' id='word_1_244' title='bbox 794 3828 922 3892; x_wconf 92' lang='lat' dir='ltr'>amator</span> <span class='ocrx_word' id='word_1_245' title='bbox 948 3817 1130 3912; x_wconf 89' lang='lat' dir='ltr'>bominum,</span> <span class='ocrx_word' id='word_1_246' title='bbox 1170 3832 1205 3894; x_wconf 90' lang='lat' dir='ltr'>et</span> <span class='ocrx_word' id='word_1_247' title='bbox 1238 3823 1329 3894; x_wconf 88' lang='lat' dir='ltr'>mitte</span> <span class='ocrx_word' id='word_1_248' title='bbox 1364 3842 1465 3917; x_wconf 91' lang='lat' dir='ltr'>super</span> <span class='ocrx_word' id='word_1_249' title='bbox 1498 3842 1568 3906; x_wconf 88' lang='lat' dir='ltr'>me,</span> <span class='ocrx_word' id='word_1_250' title='bbox 1605 3828 1640 3890; x_wconf 90' lang='lat' dir='ltr'>et</span> 
     </span>
     <span class='ocr_line' id='line_1_30' title="bbox 272 3934 1714 4034; baseline -0.001 -28"><span class='ocrx_word' id='word_1_251' title='bbox 272 3955 374 4028; x_wconf 88' lang='lat' dir='ltr'>super</span> <span class='ocrx_word' id='word_1_252' title='bbox 400 3934 602 4008; x_wconf 91' lang='lat' dir='ltr'>oblationem</span> <span class='ocrx_word' id='word_1_253' title='bbox 628 3939 742 4025; x_wconf 87' lang='lat' dir='ltr'>istam,</span> <span class='ocrx_word' id='word_1_254' title='bbox 769 3935 925 4032; x_wconf 89' lang='lat' dir='ltr'>Spiritum</span> <span class='ocrx_word' id='word_1_255' title='bbox 953 3947 1119 4025; x_wconf 90' lang='lat' dir='ltr'>sanctum,</span> <span class='ocrx_word' id='word_1_256' title='bbox 1153 3937 1308 4034; x_wconf 89' lang='lat' dir='ltr'>Spiritum</span> <span class='ocrx_word' id='word_1_257' title='bbox 1343 3942 1398 4032; x_wconf 94' lang='lat' dir='ltr'>qui</span> <span class='ocrx_word' id='word_1_258' title='bbox 1433 3960 1453 4007; x_wconf 93' lang='lat' dir='ltr'>a</span> <span class='ocrx_word' id='word_1_259' title='bbox 1486 3947 1518 4008; x_wconf 89' lang='lat' dir='ltr'>te</span> <span class='ocrx_word' id='word_1_260' title='bbox 1550 3957 1638 4030; x_wconf 86' lang='lat' dir='ltr'>pro-</span> <span class='ocrx_word' id='word_1_261' title='bbox 1709 3997 1714 4004; x_wconf 90' lang='lat'>.</span> 
     </span>
     <span class='ocr_line' id='line_1_31' title="bbox 272 4049 1639 4150; baseline 0.004 -31"><span class='ocrx_word' id='word_1_262' title='bbox 272 4049 377 4139; x_wconf 91' lang='lat' dir='ltr'>cedit,</span> <span class='ocrx_word' id='word_1_263' title='bbox 405 4062 439 4123; x_wconf 90' lang='lat' dir='ltr'>et</span> <span class='ocrx_word' id='word_1_264' title='bbox 465 4074 484 4122; x_wconf 92' lang='lat' dir='ltr'>a</span> <span class='ocrx_word' id='word_1_265' title='bbox 511 4050 596 4123; x_wconf 86' lang='lat' dir='ltr'>Filio</span> <span class='ocrx_word' id='word_1_266' title='bbox 628 4060 643 4100; x_wconf 80' lang='lat'>³</span> <span class='ocrx_word' id='word_1_267' title='bbox 674 4061 730 4125; x_wconf 94' lang='lat' dir='ltr'>tuo</span> <span class='ocrx_word' id='word_1_268' title='bbox 766 4055 901 4148; x_wconf 91' lang='lat' dir='ltr'>accipit,</span> <span class='ocrx_word' id='word_1_269' title='bbox 938 4050 1130 4148; x_wconf 85' lang='lat' dir='ltr'>perficitque</span> <span class='ocrx_word' id='word_1_270' title='bbox 1163 4053 1384 4128; x_wconf 87' lang='lat' dir='ltr'>essentialiter</span> <span class='ocrx_word' id='word_1_271' title='bbox 1416 4056 1525 4127; x_wconf 92' lang='lat' dir='ltr'>omnia</span> <span class='ocrx_word' id='word_1_272' title='bbox 1557 4076 1639 4150; x_wconf 75' lang='lat' dir='ltr'>mp-</span> 
     </span>
     <span class='ocr_line' id='line_1_32' title="bbox 242 4165 1638 4264; baseline 0.001 -28"><span class='ocrx_word' id='word_1_273' title='bbox 242 4168 374 4237; x_wconf 83' lang='lat' dir='ltr'>‘steria</span> <span class='ocrx_word' id='word_1_274' title='bbox 400 4165 593 4252; x_wconf 84' lang='lat' dir='ltr'>Ecclesiae,</span> <span class='ocrx_word' id='word_1_275' title='bbox 621 4172 874 4263; x_wconf 86' lang='lat' dir='ltr'>requiescatque</span> <span class='ocrx_word' id='word_1_276' title='bbox 907 4191 1008 4264; x_wconf 90' lang='lat' dir='ltr'>super</span> <span class='ocrx_word' id='word_1_277' title='bbox 1043 4167 1229 4244; x_wconf 89' lang='lat' dir='ltr'>oblationes</span> <span class='ocrx_word' id='word_1_278' title='bbox 1264 4174 1366 4260; x_wconf 80' lang='lat' dir='ltr'>istae,</span> <span class='ocrx_word' id='word_1_279' title='bbox 1398 4181 1432 4241; x_wconf 87' lang='lat' dir='ltr'>et</span> <span class='ocrx_word' id='word_1_280' title='bbox 1459 4193 1518 4243; x_wconf 88' lang='lat' dir='ltr'>eos</span> <span class='ocrx_word' id='word_1_281' title='bbox 1553 4193 1638 4242; x_wconf 82' lang='lat' dir='ltr'>san-</span> 
     </span>
     <span class='ocr_line' id='line_1_33' title="bbox 273 4281 404 4353; baseline 0.008 -2"><span class='ocrx_word' id='word_1_282' title='bbox 273 4281 404 4353; x_wconf 87' lang='lat' dir='ltr'>ctibcet.</span> 
     </span>
    </p>
   </div>
   <div class='ocr_carea' id='block_1_4' title="bbox 374 4397 991 4590">
    <p class='ocr_par' dir='ltr' id='par_1_8' title="bbox 374 4397 991 4590">
     <span class='ocr_line' id='line_1_34' title="bbox 377 4397 708 4490; baseline 0.009 -23"><span class='ocrx_word' id='word_1_283' title='bbox 377 4397 536 4490; x_wconf 80' lang='lat' dir='ltr'>Populus.</span> <span class='ocrx_word' id='word_1_284' title='bbox 596 4398 708 4472; x_wconf 89' lang='lat' dir='ltr'>Orate.</span> 
     </span>
     <span class='ocr_line' id='line_1_35' title="bbox 374 4513 991 4590; baseline 0.006 -7"><span class='ocrx_word' id='word_1_285' title='bbox 374 4513 558 4586; x_wconf 85' lang='lat' dir='ltr'>Sacerdos.</span> <span class='ocrx_word' id='word_1_286' title='bbox 611 4513 744 4588; x_wconf 82' lang='lat' dir='ltr'>Exaudi</span> <span class='ocrx_word' id='word_1_287' title='bbox 770 4539 823 4588; x_wconf 91' lang='lat' dir='ltr'>me</span> <span class='ocrx_word' id='word_1_288' title='bbox 850 4516 991 4590; x_wconf 92' lang='lat' dir='ltr'>domine.</span> 
     </span>
    </p>
   </div>
   <div class='ocr_carea' id='block_1_5' title="bbox 376 4629 1637 4833">
    <p class='ocr_par' dir='ltr' id='par_1_9' title="bbox 376 4629 1637 4833">
     <span class='ocr_line' id='line_1_36' title="bbox 376 4629 939 4726; baseline 0.009 -26"><span class='ocrx_word' id='word_1_289' title='bbox 376 4629 535 4724; x_wconf 74' lang='lat' dir='ltr'>Populus.</span> <span class='ocrx_word' id='word_1_290' title='bbox 589 4631 693 4726; x_wconf 76' lang='lat' dir='ltr'>llyrie</span> <span class='ocrx_word' id='word_1_291' title='bbox 721 4631 849 4705; x_wconf 89' lang='lat' dir='ltr'>eleison</span> <span class='ocrx_word' id='word_1_292' title='bbox 876 4639 939 4704; x_wconf 88' lang='lat' dir='ltr'>ter.</span> 
     </span>
     <span class='ocr_line' id='line_1_37' title="bbox 377 4731 1637 4833; baseline 0.003 -29"><span class='ocrx_word' id='word_1_293' title='bbox 377 4731 551 4805; x_wconf 84' lang='lat' dir='ltr'>Sacerdos</span> <span class='ocrx_word' id='word_1_294' title='bbox 578 4734 714 4808; x_wconf 76' lang='lat' dir='ltr'>eteorum</span> <span class='ocrx_word' id='word_1_295' title='bbox 738 4758 863 4808; x_wconf 83' lang='lat' dir='ltr'>vocem.</span> <span class='ocrx_word' id='word_1_296' title='bbox 917 4736 961 4809; x_wconf 84' lang='lat' dir='ltr'>Et</span> <span class='ocrx_word' id='word_1_297' title='bbox 989 4731 1004 4768; x_wconf 82' lang='lat'><strong>⁴</strong></span> <span class='ocrx_word' id='word_1_298' title='bbox 1031 4757 1149 4833; x_wconf 91' lang='lat' dir='ltr'>panem</span> <span class='ocrx_word' id='word_1_299' title='bbox 1175 4736 1261 4810; x_wconf 92' lang='lat' dir='ltr'>bunc</span> <span class='ocrx_word' id='word_1_300' title='bbox 1287 4736 1486 4833; x_wconf 80' lang='lat' dir='ltr'>simplicem,</span> <span class='ocrx_word' id='word_1_301' title='bbox 1523 4747 1637 4808; x_wconf 92' lang='lat' dir='ltr'>trans-</span> 
     </span>
    </p>
   </div>
   <div class='ocr_carea' id='block_1_6' title="bbox 272 4851 1642 5065">
    <p class='ocr_par' dir='ltr' id='par_1_10' title="bbox 272 4851 1642 5065">
     <span class='ocr_line' id='line_1_38' title="bbox 272 4851 1638 4949; baseline 0.001 -29"><span class='ocrx_word' id='word_1_302' title='bbox 272 4858 391 4944; x_wconf 89' lang='lat' dir='ltr'>mutet,</span> <span class='ocrx_word' id='word_1_303' title='bbox 420 4859 519 4944; x_wconf 89' lang='lat' dir='ltr'>atque</span> <span class='ocrx_word' id='word_1_304' title='bbox 546 4851 664 4924; x_wconf 86' lang='lat' dir='ltr'>efficiat</span> <span class='ocrx_word' id='word_1_305' title='bbox 690 4874 812 4948; x_wconf 87' lang='lat' dir='ltr'>corpus</span> <span class='ocrx_word' id='word_1_306' title='bbox 838 4856 945 4949; x_wconf 93' lang='lat' dir='ltr'>ipsum</span> <span class='ocrx_word' id='word_1_307' title='bbox 972 4851 1059 4949; x_wconf 92' lang='lat' dir='ltr'>quod</span> <span class='ocrx_word' id='word_1_308' title='bbox 1085 4874 1148 4948; x_wconf 94' lang='lat' dir='ltr'>pro</span> <span class='ocrx_word' id='word_1_309' title='bbox 1174 4852 1273 4928; x_wconf 91' lang='lat' dir='ltr'>nobis</span> <span class='ocrx_word' id='word_1_310' title='bbox 1299 4853 1500 4926; x_wconf 89' lang='lat' dir='ltr'>immolatum</span> <span class='ocrx_word' id='word_1_311' title='bbox 1527 4862 1578 4924; x_wconf 89' lang='lat' dir='ltr'>est</span> <span class='ocrx_word' id='word_1_312' title='bbox 1604 4856 1638 4922; x_wconf 91' lang='lat' dir='ltr'>in</span> 
     </span>
     <span class='ocr_line' id='line_1_39' title="bbox 279 4968 1642 5065; baseline 0.004 -30"><span class='ocrx_word' id='word_1_313' title='bbox 279 4986 398 5038; x_wconf 88' lang='lat' dir='ltr'>cruce:</span> <span class='ocrx_word' id='word_1_314' title='bbox 427 4989 549 5062; x_wconf 84' lang='lat' dir='ltr'>corpus</span> <span class='ocrx_word' id='word_1_315' title='bbox 577 4972 682 5065; x_wconf 92' lang='lat' dir='ltr'>ipsum</span> <span class='ocrx_word' id='word_1_316' title='bbox 717 4968 803 5065; x_wconf 93' lang='lat' dir='ltr'>quod</span> <span class='ocrx_word' id='word_1_317' title='bbox 830 4973 1015 5044; x_wconf 88' lang='lat' dir='ltr'>resurrexit</span> <span class='ocrx_word' id='word_1_318' title='bbox 1050 4991 1122 5040; x_wconf 92' lang='lat' dir='ltr'>cum</span> <span class='ocrx_word' id='word_1_319' title='bbox 1155 4969 1283 5063; x_wconf 85' lang='lat' dir='ltr'>gloria,</span> <span class='ocrx_word' id='word_1_320' title='bbox 1310 4992 1374 5042; x_wconf 90' lang='lat' dir='ltr'>nec</span> <span class='ocrx_word' id='word_1_321' title='bbox 1399 4969 1482 5042; x_wconf 92' lang='lat' dir='ltr'>vidit</span> <span class='ocrx_word' id='word_1_322' title='bbox 1517 4990 1642 5042; x_wconf 90' lang='lat' dir='ltr'>corru-</span> 
     </span>
    </p>
   </div>
   <div class='ocr_carea' id='block_1_7' title="bbox 0 0 2369 6032">
    <p class='ocr_par' dir='ltr' id='par_1_11' title="bbox 0 0 2369 6032">
     <span class='ocr_line' id='line_1_40' title="bbox 0 0 2369 6032; baseline 0 0"><span class='ocrx_word' id='word_1_323' title='bbox 0 0 2369 6032; x_wconf 95' lang='lat' dir='ltr'> </span> 
     </span>
    </p>
   </div>
  </div>
 </body>
</html>
