4728 6028
720 549 761 625 Ill
785 547 993 626 LITunGnn
1019 548 1049 625 S.
1074 548 1195 626 IIISII.
1565 547 1640 626 145

274 731 408 795 nassalus
431 739 462 795 et
485 731 545 810 alii,
567 749 629 795 non
641 730 808 796 doctrinam
829 731 919 810 illam,
941 732 995 797 aad
1009 731 1187 796 additionem
1209 731 1377 815 particulae
1398 732 1532 815 Filioque
1553 753 1640 818 sym-

272 830 342 896 bolo
366 830 475 896 factam
496 832 729 914 reprehendunt.

632 1095 668 1165 5.
712 1093 793 1165 Cam
814 1095 991 1187 porticula
1013 1096 1272 1188 propiliotoria.

359 1285 435 1364 Vox
457 1291 579 1366 nilum
603 1315 680 1378 quae
707 1297 766 1360 hoc
796 1297 865 1362 loco
895 1300 1027 1362 occurrit
1046 1297 1269 1379 perfectionem,
1291 1288 1469 1376 τελείωσιν,
1492 1304 1522 1359 et
1542 1293 1636 1359 τελε-

268 1387 325 1484 τῆν
352 1400 509 1482 significat,
533 1421 574 1464 ex
595 1401 690 1482 prIma
712 1401 846 1484 ortgine:
869 1402 1019 1486 significat
1041 1403 1129 1465 etiam
1154 1399 1330 1464 Carbonem.
1374 1399 1508 1482 Utraque
1536 1401 1636 1483 signi-

268 1500 406 1562 licatione
428 1508 590 1581 usurpatur
612 1499 649 1562 ad
672 1498 888 1584 designandam
916 1501 1091 1584 particulam
1118 1500 1341 1578 EucharIstiae,
1371 1506 1404 1562 ut
1431 1499 1490 1562 hoc
1511 1497 1580 1562 loco
1604 1506 1636 1562 et

268 1599 298 1662 in
322 1599 435 1663 Ordine
466 1599 624 1678 Generali,
652 1608 684 1662 ut
715 1600 804 1662 etiam
832 1600 911 1682 opud
940 1601 1103 1665 Barsalibi:
1134 1599 1300 1681 eademqne
1330 1599 1465 1680 acceptio
1501 1597 1635 1679 ejusdem

267 1700 351 1762 racis
374 1708 421 1763 ast
443 1701 474 1761 in
496 1699 599 1762 Officio
623 1701 863 1763 consecrationis
885 1700 968 1763 Disci
991 1702 1069 1764 sacri
1087 1701 1153 1763 sire
1166 1695 1533 1780 patenaeliucharisticae
1556 1714 1635 1776 quoe

268 1798 362 1862 Tamo
388 1801 425 1864 ¹⁰.
449 1798 529 1862 edita
559 1805 615 1862 est.
665 1798 809 1881 Figurate
835 1799 911 1863 hacc
939 1801 1093 1882 acceptio,
1123 1805 1157 1861 ut
1185 1798 1246 1861 illic
1275 1797 1460 1876 notavimus,
1491 1813 1531 1858 ax
1558 1793 1636 1859 lsaia

266 1905 362 1961 sumta
384 1906 441 1962 ast.

426 2603 819 2723 LITURGIA
873 2601 1162 2722 SIIICII
1212 2604 1470 2750 PETRI,

582 2841 863 2921 PRINCIPIS
903 2840 1323 2920 nrosuouonun.

670 3099 820 3171 Primam
847 3099 968 3171 Oratio
994 3104 1074 3170 arata
1100 3097 1236 3170 Pacem.

366 3393 549 3466 Sacerdos.
596 3366 778 3470 Ermum
816 3393 871 3484 qni
906 3413 944 3463 es
972 3393 1005 3461 in
1032 3389 1187 3478 saecula,
1221 3401 1255 3464 et
1281 3389 1373 3462 solus
1400 3399 1541 3486 potens,
1567 3412 1633 3460 ca-

263 3515 346 3583 ritas
371 3510 521 3605 perfecta
549 3521 582 3582 et
609 3531 703 3584 amor
733 3505 907 3579 naturalis:
934 3508 1027 3580 Dans
1053 3509 1147 3601 pacis
1182 3516 1216 3577 ct
1247 3506 1410 3580 Dominus
1444 3506 1632 3601 tranquilli-

264 3629 356 3698 tatis:
393 3627 434 3698 da
467 3625 563 3700 nobis
600 3623 767 3710 omnibus,
808 3645 938 3717 nosque
974 3621 1094 3715 dignos
1129 3622 1239 3710 effice,
1273 3629 1309 3692 ut
1346 3625 1380 3694 in
1414 3625 1632 3720 inspiratione

263 3747 372 3834 vitae,
405 3767 425 3813 n
456 3741 685 3816 misericordia
718 3749 791 3826 ura,
826 3739 1064 3835 amplectamur
1089 3740 1232 3810 invicem
1259 3740 1294 3809 in
1320 3737 1448 3831 osculo,
1475 3737 1564 3834 quod
1591 3743 1634 3812 sit

265 3861 338 3931 sina
373 3858 469 3948 dolo,
501 3871 535 3931 et
568 3859 658 3950 digni
692 3856 871 3928 efficiamur
897 3854 1129 3950 tranquillitate
1157 3877 1241 3949 quae
1269 3878 1288 3926 a
1315 3865 1349 3926 ta
1376 3867 1443 3944 est,
1478 3865 1512 3928 et
1547 3878 1633 3950 quoe

263 3975 410 4068 paelicis
437 3975 546 4048 datur:
573 3996 634 4070 per
661 3973 839 4045 adventum
865 3973 1110 4044 miserntmnum
1136 3970 1201 4042 Dei
1232 3975 1344 4063 magni
1378 3981 1413 4042 et
1445 3971 1632 4044 Salvatoris

263 4095 369 4163 nostri
394 4091 477 4165 Iesu
504 4088 637 4179 Christi,
663 4111 725 4185 per
752 4112 849 4184 quem
877 4098 1009 4160 etcum
1037 4111 1102 4183 quo
1131 4097 1165 4158 te
1198 4087 1296 4159 decet
1321 4088 1429 4180 gloria
1445 4099 1490 4161 ct
1514 4085 1632 4162 honor.

367 4207 526 4298 Populus.
578 4207 699 4279 Amen.

366 4321 550 4394 Sacerdos.
603 4321 700 4394 Nunc
727 4342 859 4416 quoque
884 4322 1044 4409 Domine,
1077 4317 1223 4391 illumina
1253 4318 1379 4392 vultum
1412 4331 1503 4393 tuum
1530 4343 1631 4417 snper

262 4460 339 4529 nos,
365 4450 399 4512 et
425 4439 519 4512 salva
543 4435 610 4512 'nos
638 4437 679 4511 ab
708 4437 859 4510 omnihus
892 4439 1031 4508 inimicIs
1065 4439 1120 4530 qui
1153 4434 1293 4509 oderunt
1318 4459 1403 4510 nos:
1432 4438 1507 4511 dela
1533 4441 1630 4511 etiam

263 4565 297 4626 et
322 4555 446 4628 dimitte
471 4557 658 4650 iniquitates
684 4563 834 4628 nostras:
863 4563 896 4625 et
921 4551 1104 4626 reseremus
1131 4550 1188 4625 tibi
1214 4553 1368 4646 gloriam,
1395 4563 1458 4628 clo.

365 4669 526 4765 Populus.
579 4674 699 4745 Amen.

365 4787 548 4862 Sacerdos.
601 4789 675 4860 Pax
701 4786 801 4860 vahla
829 4783 989 4858 omnibus.

366 4902 527 4997 Populus.
580 4904 723 4977 Etcum
751 4906 960 5001 spiritutuo.

263 5071 266 5076 ,
365 5017 551 5092 Diaconos.
603 5022 670 5092 Det
694 5042 813 5115 pacem
838 5020 1070 5115 unusquisque.
