4804 6026
627 551 677 624 12
1003 535 1615 626 otooco'ltttsts

856 1048 1071 1126 tttts
1123 1045 1301 1124 otoo
1354 1045 1775 1123 oesttotts

1011 1253 1609 1374 tttttottt.

622 1494 697 1565 Per
722 1497 879 1565 virtatem
910 1495 1091 1566 Trinitatis
1115 1499 1260 1564 mooe
1284 1491 1464 1564 mittun
1497 1492 1657 1562 Ordine·
1682 1495 1744 1586 qui
1768 1491 2002 1564 mutata

1112 1617 1165 1683 est
1189 1615 1272 1681 oute
1299 1607 1520 1679 Obidim

727 1827 873 1930 Primo
898 1847 1487 1940 summarorium

727 1969 844 2042 Gloria
870 1967 961 2040 Patri
987 1977 1023 2039 et
1047 1965 1146 2056 Pilio,
1171 1976 1207 2038 et
1231 1967 1371 2062 Spiritui
1395 1975 1534 2036 sancto:
1570 1975 1605 2037 et
1630 1987 1733 2063 snper
1757 1987 1822 2037 nos
1848 1962 1998 2037 imbelles

621 2095 657 2159 et
682 2097 892 2182 pecatores,
918 2085 1149 2156 miserationes
1175 2080 1991 2178 etbmigmtasetmctmmrmunoqmsaa-

620 2197 1575 2298 mlo:nnncetsemperetmsaecnlasaecolomm
1626 2201 1746 2272 Amen

1250 2452 1382 2525 Oratio.

726 2659 856 2732 Perfice
881 2659 979 2732 nobis
1005 2657 1150 2731 Domine
1180 2661 1274 2734 Dens
1300 2664 1478 2732 miserator
1509 2672 1544 2732 et
1578 2659 1924 2748 marathonium,
1961 2669 1999 2731 nt

621 2799 698 2848 cum
724 2779 930 2868 cognitione,
956 2779 1076 2848 timore
1101 2787 1136 2848 et
1161 2775 1334 2872 disciplina
1359 2776 1538 2874 spirituali,
1563 2786 1689 2850 stemus
1713 2799 1827 2848 coram
1854 2783 1997 2870 tepore

621 2903 658 2965 et
683 2903 812 2982 sancte,
838 2903 871 2964 et
896 2895 1120 2965 ministremus
1157 2893 1216 2965 tibi
1248 2906 1402 2990 tanquam
1428 2896 1574 2969 Domino
1607 2907 1643 2967 et
1666 2894 1808 2981 factori,
1842 2895 1897 2966 cni
1929 2889 1996 2962 de·

621 3007 719 3081 betur
745 3009 898 3080 adoratio
925 3005 968 3080 ab
995 3010 1160 3096 omnibns,
1186 3009 1298 3098 Pater,
1325 3009 1402 3100 Fili,
1427 3023 1463 3083 et
1481 3013 1625 3109 Spiritus
1651 3022 1768 3084 sancte
1793 3033 1901 3083 nnnc.
1931 3017 1995 3081 eto

726 3125 892 3198 Protinus.
919 3125 1051 3196 Petito.
1078 3124 1244 3197 Miserere
1269 3129 1336 3199 mei
1361 3126 1465 3200 Dens

725 3241 902 3314 Sacerdos
922 3245 1014 3334 petit
1038 3245 1269 3312 resmissionem
1295 3250 1331 3314 et
1356 3244 1450 3314 dicit.

724 3357 873 3430 Benedic
898 3359 1044 3431 Domine
1068 3361 1271 3448 remissioni,
1297 3382 1358 3432 seu
1385 3360 1597 3433 absolutioni

724 3474 894 3545 Ascendit
919 3473 967 3544 od
991 3473 1106 3544 ottore
1132 3481 1167 3544 et
1192 3473 1288 3546 dicit.

726 3589 783 3661 Ad
809 3589 960 3662 thronum
986 3599 1076 3662 mum
1103 3591 1241 3663 ascendi
1266 3593 1423 3680 Domine,
1449 3600 1484 3662 et
1509 3613 1625 3664 corom
1645 3590 1733 3665 solio
1760 3601 1816 3663 tno
1843 3591 1995 3682 adorari,

619 3705 699 3778 Rex
724 3704 902 3780 coelestis:
929 3729 1033 3802 poree
1058 3705 1137 3778 mihi
1162 3710 1274 3779 omnia
1302 3730 1388 3802 qnae
1413 3711 1557 3804 peccavi
1584 3705 1651 3778 tibi

724 3823 772 3894 Et
797 3823 874 3892 dom
899 3823 1055 3893 ascendit
1080 3822 1175 3892 dicit.
1228 3823 1378 3896 introibo
1413 3823 1456 3896 od
1484 3824 1591 3897 altare
1615 3823 1702 3916 Dei,
1737 3823 1780 3895 od
1806 3826 1914 3897 Deum
1940 3828 1995 3920 qni

619 3936 776 4012 laetificat
798 3941 1005 4030 juventutem
1032 3960 1149 4009 meam.

724 4054 905 4127 Orontem
930 4077 1038 4125 corno
1064 4053 1188 4124 ottoris
1213 4061 1249 4125 et
1274 4055 1369 4126 dicit.
1416 4056 1504 4152 Liga
1529 4057 1674 4132 Domine
1699 4058 1898 4134 testivitates
1924 4081 1994 4132 oo-

619 4181 707 4246 stros
733 4175 766 4242 in
793 4172 932 4258 catenis,
959 4191 1065 4265 usqne
1092 4169 1135 4242 ad
1161 4193 1288 4243 cornua
1315 4171 1429 4244 altaris
1456 4178 1511 4246 toi

723 4285 770 4356 Et
796 4307 869 4356 eum
895 4287 1056 4357 accendit
1082 4309 1228 4376 ceramo,
1255 4288 1304 4359 od
1327 4289 1418 4363 lotor
1444 4291 1600 4362 destruo
1627 4293 1721 4364 dicit.

724 4402 762 4474 lo
789 4401 911 4474 tomioe
937 4411 994 4476 tuo
1022 4403 1173 4478 videmos
1199 4404 1319 4477 lumem

724 4516 784 4590 At
808 4515 898 4590 lotor
922 4522 1095 4592 rioktmo
1121 4521 1214 4592 dicit.
1252 4522 1333 4595 Pius
1365 4533 1401 4595 et
1426 4533 1575 4615 sanctus,
1601 4527 1657 4621 qui
1683 4523 1809 4598 habitat
1834 4527 1867 4596 in
1892 4521 1991 4596 hobi-

621 4629 738 4706 tacolis
765 4631 857 4706 lucis.

727 4747 809 4820 Com
842 4753 960 4826 miscet
993 4757 1104 4825 moino
1138 4759 1173 4825 et
1212 4777 1335 4850 oqoom
1371 4760 1408 4827 io
1439 4757 1566 4845 eolice,
1606 4758 1700 4828 dicit.
1752 4758 1818 4831 Uni
1849 4757 1993 4829 Domine

623 4887 743 4962 aquam
775 4868 872 4942 istam
911 4893 987 4943 oum
1020 4870 1085 4945 hoo
1117 4875 1215 4958 vino,
1263 4874 1348 4946 siout
1379 4877 1468 4946 unita
1502 4883 1556 4948 est
1589 4874 1745 4948 divinitas
1779 4886 1837 4949 too
1870 4874 1992 4948 humo-

619 4983 723 5056 nitati
