4804 6026
741 553 794 628 24
1124 551 1300 631 ORDO
1354 547 1729 629 corrubiis

738 745 818 835 igne
843 739 1106 834 inextinguibili,
1132 740 1319 833 dignusque
1345 740 1467 814 efficiar
1492 739 1689 810 remissione
1715 743 1929 831 pcccatorum
1956 745 1991 808 et
2016 735 2107 808 deli-
2135 719 2140 732 ¹

740 867 888 948 ctorum,
914 861 999 932 sicut
1024 861 1198 955 peccatrix
1224 865 1257 929 et
1281 856 1383 929 latro:
1409 857 1553 930 Domino
1579 855 1672 926 Deus
1698 863 1813 924 noster
1838 854 1871 922 in
1898 852 2044 926 saecula.

845 976 893 1046 Et
924 998 998 1046 cum
1030 977 1251 1046 communicat
1282 974 1382 1044 dicit:
1424 970 1589 1044 Particula
1618 971 1849 1066 propitiatoria
1888 974 2040 1065 corporis
2074 979 2108 1042 et

742 1093 916 1186 sanguinis
939 1088 1060 1165 Christi
1092 1089 1173 1180 Dei,
1205 1089 1300 1161 datur
1332 1112 1436 1163 servo
1467 1087 1596 1160 infirmo
1631 1095 1664 1158 et
1695 1087 1866 1180 peccatori
1899 1085 1942 1159 ad
1973 1088 2109 1158 veniam

744 1207 938 1280 delictorum
965 1217 998 1279 et
1023 1208 1257 1278 remissionem
1282 1215 1498 1302 peccatorum
1524 1209 1558 1276 in
1583 1213 1725 1299 utroque
1738 1201 1885 1290 saeculo,
1912 1206 1947 1274 in
1973 1202 2109 1276 saecula

742 1323 960 1398 saecudorum.
1016 1323 1137 1395 Amen.

843 1439 891 1511 Et
913 1463 987 1510 cum
1008 1437 1094 1509 bibit
1118 1462 1164 1509 ec
1188 1437 1316 1527 catice,
1346 1439 1439 1510 dicit.
1466 1434 1630 1509 Particula
1646 1437 1874 1532 propitiatoria
1893 1434 2047 1529 corporis
2075 1441 2109 1503 et

740 1557 912 1647 sanguinis
939 1554 1060 1628 Christi
1088 1554 1154 1627 Dei
1178 1557 1303 1643 nostri,
1336 1553 1433 1626 datur
1466 1551 1642 1626 Sacerdoti
1677 1551 1886 1640 venerando,
1922 1571 2108 1623 oeconomo

647 1669 649 1674 ’
742 1671 859 1746 domus
886 1670 967 1758 Dei,
996 1675 1051 1766 qui
1081 1669 1189 1741 fundit
1213 1692 1333 1766 preces
1367 1693 1451 1766 quae
1483 1668 1717 1752 exaudiuntur,
1754 1667 1915 1761 offertque
1947 1665 2109 1738 sacrificia

739 1786 979 1884 acceptabilia,
1010 1786 1259 1881 custoditurque
1293 1789 1487 1884 aprincipe
1517 1787 1693 1857 Pastorum
1726 1780 1867 1855 Christo.
1931 1783 2107 1854 Orationes

739 1904 825 1976 illius
853 1907 918 1978 sint
943 1901 1126 1975 nobiscum.
1180 1903 1300 1974 Amen.

843 2020 903 2091 Ad
927 2019 1128 2090 Diaconum.
1155 2018 1321 2092 Modesto.
1347 2019 1430 2089 Aut.
1456 2016 1623 2090 Monacho
1648 2019 1840 2091 Antoniano
1867 2017 2107 2088 ctOeconomo

605 2195 607 2205 .
741 2136 858 2209 domus
885 2136 966 2223 Dei,
994 2134 1036 2206 ad
1062 2137 1327 2230 propitiationem
1356 2134 1549 2207 delictorum
1566 2137 1650 2227 ejus,
1679 2144 1712 2206 et
1725 2136 1956 2206 remissionem
1978 2155 2109 2229 pecca-
2224 2165 2227 2172 ·

740 2262 849 2325 torum
876 2253 958 2343 ejus.
1013 2249 1191 2322 Orationes
1219 2253 1291 2342 ejus
1318 2254 1383 2324 sint
1407 2249 1590 2322 nobiscum.
1642 2249 1763 2324 Amen.

844 2366 1019 2438 Sacerdos
1048 2372 1169 2460 portat
1204 2366 1330 2437 diacum
1360 2370 1396 2436 in
1429 2367 1575 2436 deutera
1600 2390 1681 2438 suu:
1713 2365 1853 2436 calicem
1885 2369 1922 2436 in
1955 2369 2106 2454 mantra,

739 2487 898 2578 uenitque
924 2506 948 2552 u
973 2482 1083 2554 latere
1108 2481 1379 2576 Septentrionab'
1405 2483 1451 2554 ad
1475 2483 1661 2553 Austrctc:
1687 2505 1760 2553 mum
1780 2503 1863 2552 nero
1886 2486 2107 2572 conuertitur,
2180 2470 2183 2476 ’

743 2602 856 2673 eleuat
881 2597 1038 2670 deutrum
1063 2623 1166 2671 cuam
1222 2598 1366 2692 Cumque
1393 2599 1612 2692 eprediuntur
1637 2601 1816 2691 mysteria,
1844 2599 1936 2669 dicit.

844 2715 901 2786 Ex
937 2713 1030 2785 altari
1072 2723 1128 2786 tuo
1170 2718 1399 2811 propitiatorio
1439 2713 1619 2787 descendat
1650 2717 1751 2787 venia
1790 2713 1831 2784 ad
1866 2735 1987 2788 servos
2021 2725 2109 2804 tuos,

741 2831 806 2906 Fili
830 2833 914 2920 Dei,
941 2832 996 2924 qui
1021 2833 1143 2902 venisti
1170 2830 1212 2904 ud
1238 2828 1377 2905 salutern
1403 2840 1569 2922 nostram,
1594 2840 1821 2924 venturusque
1848 2852 1886 2904 cs
1914 2829 1956 2900 ad
1987 2853 2108 2903 resur-

741 2949 923 3019 rectionem
958 2956 1123 3037 nostram,
1162 2957 1197 3020 et
1231 2947 1273 3020 ad
1306 2950 1558 3019 renovationem
1592 2948 1725 3038 generis
1758 2948 1862 3017 nostri
1896 2948 1931 3017 in
1971 2946 2107 3018 saecula

742 3059 963 3137 saeculorum.
2023 3151 2026 3161 Ἰ

845 3176 894 3248 Et
920 3199 993 3248 cum
1019 3177 1208 3266 descendit,
1236 3179 1328 3250 dicit.
1381 3179 1614 3254 Miserationes
1641 3176 1706 3248 Dei
1732 3179 1845 3270 magni
1872 3188 1906 3250 ct
1922 3176 2108 3252 Salvatoris

741 3296 846 3367 nostri
871 3291 953 3366 Jesu
981 3289 1116 3384 Christi,
1144 3297 1209 3368 sint
1234 3315 1335 3392 super
1362 3319 1423 3370 eos
1451 3299 1504 3390 qui
1530 3303 1662 3392 portant
1695 3304 1809 3368 sancta
1845 3304 1879 3366 et
1914 3317 2015 3391 super
2048 3315 2109 3368 eos

742 3415 797 3506 qui
822 3407 878 3482 illa
905 3408 1119 3502 distribuunt,
1153 3421 1209 3483 aut
1244 3415 1299 3507 qui
1329 3413 1385 3485 illa
1421 3415 1616 3510 suscipiunt:
1653 3420 1708 3482 aut
1743 3413 1939 3506 quicumque
1973 3433 2109 3506 operam

742 3527 798 3600 dat
822 3537 859 3600 at
882 3525 948 3598 illis
975 3529 1211 3619 communicet,
1237 3530 1271 3599 in
1296 3540 1437 3625 utroque
1470 3528 1621 3623 saeculo,
1656 3530 1690 3598 in
1724 3525 1860 3600 saecula
1890 3527 2109 3600 saeculomm.

740 3644 861 3718 Amen.
913 3643 961 3714 Et
983 3647 1210 3738 prosequitur.
1250 3624 1407 3716 Extende
1433 3646 1575 3718 Domine
1601 3643 1775 3716 dexteram
1793 3654 1882 3715 tuam
1897 3643 2108 3734 invisibilem,

742 3771 777 3834 et
801 3757 942 3832 benedic
968 3762 1220 3853 congregationi
1247 3759 1452 3833 adorantium
1479 3772 1530 3851 te,
1566 3763 1621 3854 qui
1652 3761 1833 3854 suscipiunt
1866 3782 1988 3855 corpus
2020 3771 2111 3832 tuum

712 3962 714 3975 .
744 3885 777 3946 et
803 3877 997 3966 sanguinem
1023 3885 1113 3947 tuum
1139 3878 1417 3972 propitiatorium,
1444 3875 1486 3948 ad
1514 3878 1738 3971 expiationem
1753 3873 1957 3966 delictorum,
1983 3879 2110 3948 remis-

743 3991 872 4065 sionem
897 4003 1131 4086 peccatorum,
1158 4004 1191 4064 et
1216 3991 1447 4065 confidentiam
1474 4015 1587 4066 coram
1614 4002 1662 4082 te,
1689 3991 1832 4064 Domine
1857 3991 1950 4064 Deus
1982 4002 2110 4083 noster,
2227 4011 2239 4036 ·

742 4104 949 4178 insaecula.
1001 4110 1121 4180 Amen.

847 4221 895 4292 Et
921 4223 996 4293 dum
1021 4227 1171 4317 impertit
1196 4227 1456 4296 communionem
1477 4225 1623 4319 populo,
1651 4226 1743 4296 dicit.

848 4337 904 4409 Ad
932 4342 1155 4435 expiationem
1181 4339 1392 4430 delictomm,
1419 4349 1453 4412 et
1477 4344 1706 4418 remissionem
1729 4349 1941 4438 peccatomm
1961 4345 1994 4413 in
2010 4350 2110 4414 utro-
2144 4414 2151 4446 Ι

748 4477 812 4550 que
839 4453 993 4546 saeculo,
1020 4459 1053 4526 in
1081 4457 1214 4529 saecula
1242 4456 1460 4530 sacculorum.
1512 4459 1632 4531 Amen.

852 4569 917 4656 Qus
943 4576 1201 4644 cummunionem
1228 4577 1376 4668 accipit,
1403 4576 1496 4647 dicit.
1547 4576 1667 4648 Amen.

850 4687 1024 4759 Sacerdos
1059 4711 1132 4759 cum
1164 4711 1323 4760 reomaus
1355 4696 1422 4780 est,
1456 4692 1549 4763 dicit.
1609 4691 1725 4764 Gloria
1759 4675 1826 4764 tihi
1848 4691 1992 4763 Domine
2018 4690 2110 4764 Deus

746 4813 863 4876 noster
887 4805 920 4875 in
947 4803 1090 4878 saecula.
1142 4807 1284 4878 Domine
1309 4804 1392 4880 Jesu
1419 4805 1568 4899 Christe,
1595 4829 1717 4904 corpus
1735 4819 1824 4880 tuum
1843 4817 2004 4896 sanctum,
2023 4805 2111 4902 quod

748 4918 968 5010 comedimus,
996 4931 1030 4992 et
1055 4925 1191 5014 sanguis
1216 4933 1291 4994 tuus
1317 4925 1562 5019 propitiatorius
1590 4947 1685 5020 quem
1713 4921 1872 5016 bibimus,
1897 4947 1967 4996 non
1993 4927 2027 4996 in
2048 4926 2110 5016 ju·

748 5034 878 5128 dicium,
905 5046 961 5108 aut
986 5040 1020 5109 in
1046 5037 1225 5112 vindictam
1250 5039 1307 5112 dat
1332 5037 1447 5132 nobis,
1474 5039 1535 5114 sed
1561 5044 1593 5113 iu
1619 5045 1723 5116 vitam
1750 5051 1783 5114 et
1808 5045 1842 5114 in
1869 5041 2019 5116 salutem.
