4712 6032
744 695 820 770 232
1083 690 1260 770 murum
1286 690 1317 767 s.
1343 689 1439 766 Jum
1463 640 1585 764 rum
1611 683 1765 764 romu.

847 882 1007 976 Populea.
1058 881 1103 952 Et
1128 901 1202 950 cum
1229 880 1345 973 spiritu
1373 887 1440 948 tuo.

846 999 1033 1070 Diaconos.
1085 996 1123 1068 In
1148 999 1279 1083 timore,
1307 1003 1368 1065 etc.

847 1100 1032 1174 Sacerdos.
1084 1099 1209 1173 Sancta
1238 1103 1372 1172 sanctis.

847 1217 1006 1312 Poprdas.
1057 1214 1151 1288 Unus
1177 1214 1278 1287 Pater
1304 1225 1447 1288 sanctus.

847 1333 1032 1404 Sacerdos.
1085 1331 1190 1420 Unus,
1221 1340 1285 1402 etc.

846 1449 1033 1520 Diaconos.
1087 1445 1219 1519 Stemus
1247 1446 1413 1518 decenter.

846 1564 1006 1658 Populos.
1060 1563 1192 1636 Gratias
1220 1565 1349 1654 agimus
1376 1559 1446 1633 tihi.

1168 1886 1289 1956 Oratio
1316 1887 1507 1976 oratiarum
1533 1885 1690 1954 actiacis.

848 2091 1030 2164 Sacerdos.
1084 2091 1216 2165 Gratias
1244 2092 1372 2182 agimus
1399 2087 1457 2161 tibi
1483 2090 1627 2161 Domine
1651 2088 1744 2160 Deus
1771 2099 1898 2179 noster,
1925 2099 1959 2161 et
1985 2090 2109 2163 excel-

744 2206 865 2279 lentius
890 2212 1017 2300 gratias
1044 2211 1172 2298 agimus
1198 2215 1335 2301 propter
1361 2209 1471 2276 omnia
1490 2203 1656 2276 beneficia
1684 2179 1739 2277 triu
1766 2228 1847 2297 erga
1868 2227 1945 2294 uos.
1971 2210 2026 2300 qui
2044 2230 2108 2280 uus

746 2322 893 2394 infirmos
932 2333 965 2394 et
1003 2331 1200 2418 peccatores
1241 2320 1360 2411 digrias
1398 2319 1506 2390 fecisti
1547 2318 1738 2391 celebrandi
1780 2320 1844 2394 hoc
1884 2323 2107 2395 ministerium.

744 2435 894 2529 Diguure
920 2449 956 2510 ut
981 2437 1066 2508 haec
1091 2439 1277 2510 communio
1312 2434 1561 2507 sacramentalis
1598 2439 1704 2531 prosit
1735 2436 1833 2510 nobis
1867 2435 1908 2509 ad
1942 2441 2108 2533 propitiu-

745 2555 869 2624 tionem
887 2552 1092 2644 delictorum,
1112 2563 1146 2624 et
1163 2555 1394 2624 remissionem
1410 2560 1636 2646 peccatorum,
1658 2551 1700 2622 ad
1715 2551 1791 2624 fidei
1813 2553 2106 2644 confirmationem,

747 2666 789 2738 ad
808 2665 1075 2741 observationem
1093 2668 1321 2750 mandatorum
1340 2677 1467 2738 tuorum
1487 2677 1688 2759 sauctorum⁷
1715 2679 1749 2739 et
1766 2668 1808 2740 ad
1824 2679 1970 2742 tutamen
1992 2693 2104 2743 coram

745 2782 863 2858 throno
890 2785 1039 2876 terribili,
1064 2787 1225 2879 unigeniti
1250 2784 1325 2856 Filii
1352 2786 1411 2856 tui:
1440 2807 1514 2855 cum
1541 2807 1606 2878 quo
1634 2793 1667 2856 te
1693 2783 1791 2857 decet
1816 2784 1925 2878 gloria
1943 2795 1976 2856 et
1993 2786 2134 2858 hanam

850 2901 1010 2994 Populus.
1063 2904 1182 2975 Amen.

851 3016 1034 3090 Sacerdos.
1087 3019 1172 3090 Pax.

848 3133 1007 3227 Papulas.
1059 3133 1103 3206 Et
1128 3155 1202 3204 cum
1229 3134 1343 3227 spiritu
1369 3142 1435 3203 tuo.

849 3250 1036 3322 Diaconos.
1090 3249 1182 3337 Post,
1210 3257 1272 3350 etc.

848 3363 1008 3459 Papulas.
1062 3362 1186 3437 Coram
1212 3375 1255 3435 te.

849 3480 1031 3552 Sacerdos.
1085 3480 1170 3567 Quid
1204 3490 1257 3552 est
1289 3500 1372 3570 ergo
1405 3479 1502 3553 nobis
1537 3479 1625 3575 quod
1660 3482 1881 3556 retribuamus
1915 3485 2021 3554 amori
2055 3493 2109 3553 tuo

748 3619 831 3689 erga
858 3597 1026 3684 hominm,
1062 3595 1194 3670 Christe
1219 3595 1311 3667 Deus
1338 3605 1471 3685 noster,
1506 3599 1559 3691 qui
1585 3619 1648 3670 nos
1676 3597 1793 3670 exules
1821 3620 1841 3667 a
1867 3601 1973 3693 patria
1998 3610 2112 3670 nostra

746 3715 898 3811 pastilla,
925 3724 959 3785 et
986 3714 1040 3785 diu
1068 3738 1088 3785 a
1115 3722 1148 3785 te
1174 3712 1292 3808 procul
1318 3710 1427 3784 lactas
1454 3698 1597 3802 vocasti,
1625 3722 1659 3784 et
1685 3713 1850 3786 adduxisti
1876 3712 1916 3784 ad
1935 3712 2110 3785 familiari-

746 3841 847 3902 tatem
873 3838 907 3901 ct
931 3828 1081 3901 liduciam
1108 3837 1235 3916 tecum;
1264 3837 1298 3899 st
1322 3828 1442 3918 diguus
1464 3827 1573 3900 fecisti
1592 3850 1654 3902 uos
1677 3834 1781 3902 vitam
1801 3852 1916 3902 verum
1935 3839 1968 3900 et
1988 3827 2108 3899 laetam

747 3949 780 4017 in
815 3946 984 4018 saeculum
1019 3969 1039 4016 a
1077 3955 1111 4016 te
1146 3942 1380 4038 consequendi.
1435 3941 1599 4033 Gloriam,
1613 3944 1786 4019 'honorem
1820 3957 1853 4018 et
1886 3945 2109 4018 adorationem

747 4059 929 4134 referemus
956 4060 1033 4149 tibi.
1058 4060 1215 4156 Patrique
1240 4069 1316 4148 tua,
1345 4069 1408 4131 etc.

850 4176 1037 4247 Diaconos.
1090 4175 1238 4248 Benedic
1263 4177 1415 4248 Domine.
1510 4221 1514 4234 .

851 4292 1033 4364 Sacerdos.
1086 4291 1232 4364 Benedic
1260 4291 1422 4378 omnihus,
1449 4300 1511 4362 etc.

1173 4631 1722 4681 ψ
