4712 6032
664 520 742 616 ios
1020 543 1199 621 ιιιιιιιιιιι
1226 544 1257 621 s.
1285 541 1495 621 chunanus
1522 542 1678 620 nomn.

661 733 815 825 corporis
843 741 877 802 et
903 731 1074 822 sanguinis
1102 733 1209 801 sancti
1235 751 1321 823 quae
1352 731 1388 800 in
1421 731 1470 801 eis
1504 738 1600 816 sunt,
1633 743 1839 801 mereremur
1872 732 2039 825 accipere,

662 854 761 938 atque
788 850 1033 918 communicare
1060 847 1156 940 ipsis:
1196 843 1372 940 fecistique
1398 853 1434 915 ut
1460 866 1612 917 essemus
1638 842 1804 916 haeredes
1837 843 2038 918 Sanctorum

661 967 810 1048 brorum,
839 983 995 1048 oramus,
1023 958 1240 1032 obsecramus
1268 970 1301 1031 et
1327 959 1547 1056 deprecamur
1572 970 1625 1051 te,
1653 983 1674 1032 o
1702 960 1868 1047 clemens,
1903 971 1939 1032 ut
1971 983 2039 1032 nou

662 1077 821 1168 exquiras
849 1074 993 1148 anobis
1021 1085 1177 1146 exactam
1203 1072 1290 1145 iham
1318 1074 1592 1148 observationem
1619 1086 1652 1147 et
1678 1077 1921 1166 castimoniam,
1949 1079 2039 1149 circa

661 1189 717 1260 illa
746 1193 918 1286 mysteria,
945 1212 988 1260 ne
1008 1189 1267 1261 condemnemur
1292 1211 1366 1261 eum
1393 1193 1434 1262 iis
1462 1195 1517 1286 qui
1544 1202 1578 1263 te
1603 1212 1671 1263 non
1685 1201 1864 1278 novenmt,
1891 1190 1934 1262 ad
1954 1213 2038 1262 cru-

663 1308 768 1378 ciatus
795 1309 883 1396 ignis
908 1304 1184 1396 inextinguibilis:
1213 1304 1273 1376 sed
1300 1310 1530 1400 pergratiam
1559 1315 1666 1392 tuam,
1699 1328 1774 1377 curn
1800 1305 1874 1378 filiis
1900 1309 2037 1401 nuptia·
2087 1350 2095 1358 ·

662 1442 734 1491 rum
762 1430 890 1492 tuarum
917 1424 1092 1515 quiescere
1118 1441 1181 1493 nos
1204 1418 1303 1512 jube,
1330 1429 1465 1494 etcum
1492 1423 1588 1513 aguis
1601 1420 1728 1494 mundis
1756 1423 1789 1491 in
1809 1421 1967 1516 paradiso
1982 1419 2039 1493 iac

662 1557 726 1608 nos
754 1534 985 1625 discumbere,
1012 1545 1047 1607 ut
1074 1535 1240 1607 cumillis
1268 1547 1301 1608 et
1327 1539 1412 1607 inter
1445 1557 1506 1609 eos
1539 1533 1716 1609 oderamus
1753 1533 1810 1608 tibi
1836 1536 1977 1629 gloriam
2005 1546 2039 1607 et

662 1653 844 1742 gratiarum
871 1655 1046 1723 actionem.

767 1766 929 1860 Populos.
982 1768 1104 1840 Amen.

766 1880 952 1956 Sacerdos.
1005 1884 1089 1955 Pax.

765 1997 928 2090 Populos.
980 1995 1024 2068 Et
1050 2019 1127 2068 cum
1153 1998 1269 2092 spiritu
1294 2006 1362 2068 tuo.

766 2111 955 2184 Diaconos.
1009 2113 1100 2184 Post.

766 2225 928 2318 Populus.
984 2224 1108 2297 Coram
1137 2236 1168 2296 te
1194 2224 1348 2296 Domine.

766 2339 951 2411 Sacerdos.
1006 2339 1131 2423 Coram
1158 2349 1191 2410 te
1217 2340 1360 2411 Domine
1381 2339 1474 2410 Deus
1501 2345 1617 2408 noster
1643 2335 1838 2412 inclinamus
1853 2337 1941 2411 colla
1959 2341 2038 2410 ani-

662 2477 790 2526 marum
818 2465 851 2526 et
878 2476 1056 2550 corporum
1083 2465 1290 2541 nostrorum,
1318 2457 1394 2548 quia
1421 2474 1488 2525 non
1516 2474 1629 2525 sumus
1656 2453 1871 2540 sufficientes,
1908 2453 1949 2524 ad
1975 2475 2037 2524 re-

661 2569 837 2641 ferendam
863 2573 1045 2662 gratiarum
1074 2573 1238 2642 actionem
1266 2570 1430 2659 majestati
1444 2576 1541 2658 triae,
1570 2566 1685 2661 quales
1709 2566 1906 2642 deberemus
1933 2571 2037 2640 retri-

662 2681 768 2755 buere
797 2685 839 2757 ad
866 2696 981 2777 grates
1008 2686 1157 2779 agendas
1184 2683 1263 2772 tibi,
1290 2684 1352 2756 sed
1377 2683 1437 2755 has
1464 2683 1701 2774 tantummodo,
1729 2685 1804 2776 quia
1824 2687 1935 2758 omnia
1949 2684 2037 2756 dona

665 2822 894 2894 quaecumque
921 2800 1095 2888 habemus,
1124 2823 1170 2872 ex
1196 2811 1229 2871 te
1257 2809 1341 2870 sunt.
1393 2796 1560 2870 Danobis
1578 2799 1721 2870 Domine
1740 2820 1847 2872 voees
1874 2801 2037 2872 sermonis

664 2913 824 3006 dignitate
858 2919 1036 3006 animatas,
1069 2928 1105 2988 ut
1137 2915 1296 2988 sufficiant
1327 2913 1369 2984 ad
1404 2913 1604 3005 condignam
1640 2915 1960 3012 convenientemque
1994 2916 2037 2985 tui

561 3107 570 3120 f
662 3030 895 3104 laudationem.
949 3030 1153 3104 Oclemens
1180 3032 1234 3123 qui
1267 3029 1364 3102 nobis
1398 3027 1476 3099 licet
1509 3031 1609 3100 etiam
1641 3037 1731 3098 terra
1763 3028 1889 3121 indigni
1924 3032 2037 3118 simus,

666 3147 782 3220 claves
808 3146 955 3220 thesauri
981 3149 1026 3218 tui
1054 3144 1306 3235 commendasti,
1333 3152 1367 3215 et
1383 3165 1485 3239 super
1510 3165 1652 3235 regnum
1678 3153 1768 3215 tuum
1783 3163 1845 3214 nos
1872 3166 1945 3214 cum
1972 3165 2038 3214 au·

662 3265 796 3334 toritate
822 3265 1065 3359 praeposuisti,
1093 3273 1229 3358 praesta
1256 3259 1355 3332 nobis
1382 3261 1477 3330 utin
1504 3269 1574 3331 toto
1602 3256 1745 3330 decursu
1773 3262 1864 3331 vitae
1891 3267 2037 3346 nostrae,

661 3383 736 3474 puri
763 3401 878 3450 coram
905 3389 938 3449 te
966 3399 1186 3473 appareamus
1215 3386 1248 3448 et
1275 3399 1295 3447 a
1327 3378 1476 3446 vanitate
1511 3373 1695 3462 mundana,
1730 3398 1750 3444 a
1782 3373 2037 3464 cogitationibus

662 3495 827 3581 terrenis,
869 3516 889 3562 a
925 3491 1069 3564 motibus
1102 3494 1316 3588 passionum,
1352 3499 1387 3561 et
1423 3492 1574 3562 remissis
1611 3488 1887 3582 cogitationibus,
1920 3508 2036 3562 seusus

615 3637 618 3642 ·
662 3619 798 3680 nostros
826 3606 976 3680 occultos
1004 3616 1038 3678 et
1064 3607 1259 3679 manifestos
1292 3627 1447 3677 remove:
1484 3615 1583 3699 atque
1614 3626 1677 3700 per
1712 3603 1935 3676 fortitudinem
1968 3627 2037 3699 po-

664 3727 788 3794 tentiae
814 3731 891 3794 tuae
918 3720 1064 3794 extende
1091 3742 1281 3816 supernos
1309 3720 1482 3791 dexteram
1509 3728 1598 3790 mam
1623 3723 1734 3791 omnia
1753 3719 2037 3815 complectentem,

663 3835 871 3930 benedicque
898 3839 1007 3910 servis
1035 3847 1069 3908 et
1095 3834 1327 3909 adoratoribus
1355 3837 1437 3921 tuis,
1466 3839 1521 3928 qui
1553 3834 1693 3908 salutem
1729 3836 1841 3930 adepti
1871 3844 1946 3908 sunt
1978 3855 2038 3928 per

662 3973 784 4022 nomen
812 3960 901 4022 tuum
928 3961 1097 4041 sanctum,
1124 3950 1239 4023 etiae
1265 3972 1328 4022 nos
1356 3949 1478 4044 templa
1504 3948 1714 4024 habitationis
1742 3959 1835 4038 tuae,
1868 3959 1902 4021 et
1928 3947 2036 4020 locum

663 4065 873 4138 habitationis
900 4066 1029 4158 gloriae
1057 4079 1148 4140 tuae:
1183 4076 1219 4141 ut
1244 4071 1278 4139 in
1314 4068 1368 4140 die
1394 4065 1451 4138 illo
1484 4088 1577 4139 novo
1605 4078 1638 4138 et
1670 4075 1829 4154 aeterno,
1865 4069 1898 4140 in
1930 4085 2035 4157 regno

663 4190 720 4252 tuo
747 4181 926 4270 laetemur,
954 4193 988 4254 et
1014 4205 1076 4278 per
1101 4192 1135 4254 te
1162 4181 1348 4272 salvemur,
1376 4193 1410 4253 et
1435 4179 1621 4254 referemus
1649 4181 1707 4253 tibi
1732 4180 1875 4272 gloriam
1896 4191 1930 4252 et
1950 4201 2036 4271 gra-
2110 4243 2114 4250 .

594 4351 595 4354 ,
664 4298 780 4366 tiarum
809 4299 991 4388 actionem,
1018 4309 1051 4370 et
1076 4299 1167 4370 Patri
1194 4307 1250 4370 tuo
1278 4307 1312 4369 et
1337 4297 1475 4392 Spiritui
1501 4305 1635 4383 sancto,
1662 4317 1767 4384 nuno,
1794 4305 1857 4369 etc.

768 4411 929 4503 Populos.
981 4412 1102 4484 Amen.

768 4527 957 4600 Diocomra.
984 4527 1130 4600 Benedie
1155 4529 1318 4616 Domine,
1346 4538 1409 4599 etc.

1077 4819 1105 4826 --
1133 4799 1628 4848 «εκ-κεν»-
