4730 6038
733 511 810 585 296
1098 585 1100 590 ,
1300 510 1530 590 NOTAE

734 714 794 759 non
817 713 834 758 a
857 696 1031 780 vulgaribus
1052 697 1142 760 modo
1165 704 1194 759 et
1216 696 1325 760 nullius
1356 697 1522 760 autoritatis
1552 697 1751 778 scriptoribus
1773 697 1923 779 proditum
1945 707 2008 780 est,
2043 700 2099 766 sed

734 797 824 860 etiam
846 815 863 857 a
887 796 1076 860 doctissimis.
1122 796 1196 858 Nam
1223 797 1270 858 vir
1299 794 1489 860 Clarissimus
1519 797 1651 860 loannes
1680 796 1814 860 Morinos
1845 816 1882 862 eo
1911 799 2016 864 colore
2043 798 2099 861 Ja-

734 895 849 958 cobitas
879 895 1083 978 Eutychianos
1114 902 1220 973 vocat,
1249 902 1279 956 et
1306 894 1361 957 sub
1392 894 1443 956 tali
1474 895 1575 977 elogio
1604 895 1814 959 Ordinationes
1843 896 1961 959 illorum
1990 897 2097 961 edidit:

733 995 829 1056 minus
852 1003 952 1071 recte,
982 1013 1048 1058 cum
1075 993 1203 1076 Eutychi
1230 993 1385 1055 anathema
1414 993 1604 1057 denuncient.
1657 995 1700 1057 lta
1727 995 1804 1056 enim
1833 1002 1983 1072 statuunt,
2017 995 2099 1057 illum

733 1093 841 1155 eodem
871 1111 931 1176 quo
961 1093 1165 1174 Apollinarius
1195 1109 1303 1154 errore
1331 1091 1501 1170 laborasse,
1523 1100 1615 1174 atque
1638 1093 1714 1156 adeo
1737 1095 1925 1158 existimasse
1948 1093 2098 1158 Christum

733 1191 874 1255 habuisse
898 1192 936 1254 de
958 1193 1045 1256 coelo
1068 1211 1191 1273 corpus,
1214 1191 1296 1273 quod
1319 1199 1423 1254 nostro
1443 1192 1698 1256 consubstantiale
1721 1211 1782 1257 non
1804 1203 1898 1272 esset,
1921 1194 1975 1257 sed
1998 1193 2098 1275 phan-

733 1292 879 1354 tasticum.
924 1290 974 1353 Au
995 1310 1070 1354 vere
1088 1292 1233 1374 judicent,
1264 1309 1369 1373 parum
1396 1293 1537 1367 interest,
1564 1292 1620 1355 sed
1648 1292 1797 1356 Christum
1825 1296 1883 1356 etsi
1913 1313 1952 1357 cx
1982 1293 2098 1357 duabrs

733 1392 847 1453 naturis
868 1409 958 1454 unum
982 1398 1159 1471 agnoscant,
1181 1409 1242 1452 non
1263 1398 1296 1452 ut
1318 1389 1455 1452 Ecclesia
1478 1389 1642 1472 caatholica,
1665 1392 1833 1456 inanitate
1856 1411 2018 1474 personae,
2041 1391 2096 1455 sed

732 1492 764 1552 in
786 1491 899 1559 unitate
921 1497 1057 1568 naturae,
1079 1490 1161 1553 illum
1183 1497 1282 1552 tamen
1316 1489 1493 1570 profitentur
1516 1490 1801 1554 consubstantialem
1830 1492 1910 1556 Patri
1932 1491 2096 1556 secundum

733 1589 953 1668 humanitatem,
976 1595 1009 1651 ut
1031 1588 1094 1652 Leo
1117 1589 1196 1668 Papa
1220 1589 1268 1651 cui
1290 1585 1451 1650 fortissime
1479 1587 1669 1664 maledicunt,
1692 1591 1729 1653 ad
1751 1585 1925 1654 Pla'vianum
1947 1593 2096 1669 scribens,

734 1685 890 1767 professus
912 1684 1018 1749 luerat.
1063 1685 1306 1751 Commistionem
1329 1704 1448 1767 quoque
1478 1695 1660 1768 naturarum,
1683 1689 1890 1752 confusionem
1921 1699 1951 1753 et
1981 1691 2097 1754 altera·

734 1787 845 1848 tionem
866 1786 1017 1867 rejiciunt:
1039 1787 1140 1868 itaque
1161 1785 1341 1868 Eutychiani
1369 1785 1427 1847 dici
1456 1803 1515 1847 non
1537 1795 1674 1867 possunt.
1719 1789 1889 1851 Verisimile
1920 1791 2012 1873 igitur
2039 1797 2097 1870 est,

735 1885 829 1965 Syros
858 1883 1010 1948 Jacobitas
1039 1887 1090 1967 qui
1118 1887 1279 1948 memoriae
1299 1883 1438 1947 Dioscuri
1467 1891 1579 1947 tantum
1603 1887 1789 1966 tribuerunt,
1819 1897 1852 1951 ut
1881 1889 1947 1970 ejus
1977 1891 2097 1954 nomine

733 1983 896 2066 Liturgiam
918 1984 1097 2064 scriberent,
1120 2004 1156 2048 ea
1178 1985 1343 2047 inseruisse
1364 2002 1441 2065 quae
1463 1983 1569 2047 samam
1599 1987 1665 2067 cyus
1696 1987 1732 2048 ab
1755 1987 1961 2069 Eutychianae
1984 1989 2097 2052 haere-

732 2101 805 2146 seos
827 2084 1020 2164 imputatione
1044 2084 1244 2147 vindicarent:
1267 2092 1327 2146 tum
1350 2084 1437 2145 etiam
1462 2083 1498 2145 ab
1522 2102 1627 2147 errore
1643 2087 1693 2167 qui
1715 2087 1795 2148 inter
1816 2086 1966 2149 Jacobitas
1989 2097 2096 2170 postea

732 2182 906 2265 pullulavit,
936 2200 991 2263 per
1018 2183 1167 2246 Julianum
1200 2183 1477 2258 Halicamasseum,
1510 2185 1595 2264 cujus
1620 2185 1820 2264 phantasias,
1854 2204 1921 2248 nam
1951 2204 1988 2250 ea
2019 2206 2095 2251 voce

733 2289 870 2361 utuntur,
900 2281 980 2363 quod
1008 2282 1223 2360 confutaverit,
1259 2284 1391 2347 Severus
1419 2282 1643 2362 Antiochenus,
1672 2283 1808 2347 laudatur
1837 2287 1868 2348 in
1897 2285 2001 2350 Obicio
2030 2288 2095 2368 ejus

734 2382 1033 2445 commemorationis.

758 2695 792 2766 3.
831 2693 1017 2789 Postquam
1044 2717 1117 2764 cam
1143 2693 1318 2788 discipulis
1332 2695 1467 2788 Agnaan
1485 2695 1576 2766 iilam
1590 2695 1777 2767 Mosaicam
1793 2697 1948 2790 epulans
1974 2706 2071 2772 esset.

840 2904 919 2982 lanu
940 2915 1051 2996 legitur
1071 2916 1102 2977 in
1124 2915 1271 2997 aliquibus
1294 2915 1426 2997 Syriacis
1450 2917 1514 2980 aliis
1536 2914 1690 2998 Liturgiis,
1714 2924 1747 2979 ut
1767 2917 1872 2980 iacobi
1894 2919 2045 2983 Edesseni
2066 2928 2096 2984 et

732 3022 871 3086 Dioscuri
900 3019 1116 3083 Gordiaeorum
1144 3018 1296 3101 Episcopi.
1354 3020 1422 3083 Non
1449 3019 1505 3082 fuit
1533 3028 1631 3082 tamen
1660 3019 1765 3082 eadem
1792 3021 1935 3100 Syrorum
1970 3023 2008 3086 de
2040 3023 2095 3088 boc

733 3128 910 3203 argumento
932 3120 1089 3184 sententia.
1134 3118 1217 3180 lllam
1238 3121 1444 3200 quaestionem
1466 3119 1584 3182 duobus
1606 3120 1637 3181 in
1660 3118 1803 3199 operibus
1826 3121 2096 3206 uacmvitlliony-

734 3220 796 3282 sius
817 3219 974 3298 Barsalibi,
997 3220 1027 3280 iu
1050 3217 1271 3281 Commentario
1302 3219 1419 3280 scilicet
1441 3219 1479 3281 ad
1501 3217 1684 3300 Evangelia,
1714 3225 1745 3280 et
1774 3219 1804 3280 in
1827 3236 1920 3299 opere
1950 3221 2095 3304 singulari

733 3321 771 3382 de
799 3319 951 3382 Paschate
978 3326 1009 3380 et
1033 3320 1217 3380 inclinatione
1245 3317 1464 3380 Eucharistiae.
1513 3317 1547 3379 ln
1577 3336 1642 3378 eam
1671 3319 1737 3398 ipse
1766 3303 1944 3380 senteniiam
1974 3321 2096 3385 inclinat

733 3438 810 3501 quae
832 3419 881 3481 hic
904 3418 1090 3499 exprimitur,
1113 3417 1230 3479 scilicet
1252 3415 1399 3479 Christum
1426 3416 1545 3498 iignum
1574 3416 1746 3479 Paschalem
1776 3417 1939 3482 secundum
1969 3419 2095 3505 Legem,

732 3539 800 3582 cum
822 3518 976 3601 discipulis
1000 3517 1183 3580 comedisse:
1206 3524 1313 3597 postea
1337 3516 1559 3579 Sacramentum
1573 3514 1780 3579 Eucharistiae
1802 3518 1981 3583 instituisse:
2004 3531 2094 3604 atque

731 3619 781 3682 illa
796 3617 953 3701 Evangelii
974 3616 1079 3694 verba,
1097 3623 1257 3696 postquam
1273 3622 1484 3691 coenaverunt,
1506 3615 1544 3676 de
1563 3633 1658 3678 coena
1670 3614 1774 3698 Legali
1795 3617 1990 3700 intelligenda
2012 3641 2094 3704 esse,

732 3735 792 3781 non
815 3719 853 3781 de
876 3717 1000 3798 mystica
1023 3724 1054 3777 et
1082 3715 1306 3778 sacramentali:
1337 3713 1468 3776 iudaeos
1498 3732 1559 3776 non
1589 3714 1772 3778 observasse
1794 3716 1912 3798 legem,
1943 3720 1998 3782 scd
2028 3743 2094 3786 eam

733 3818 826 3880 luisse
849 3824 1073 3898 transgressos,
1097 3815 1165 3877 dum
1186 3816 1217 3876 in
1246 3814 1372 3875 alterum
1399 3813 1477 3875 diem
1514 3813 1666 3876 Paschatis
1696 3812 1930 3879 celebrationem
1962 3819 2095 3884 distule-

731 3925 820 3996 runt,
843 3923 876 3978 ut
908 3914 1057 3978 Christum
1075 3913 1267 3986 ,occiderent
1319 3913 1401 3975 lllam
1432 3914 1620 3994 opinionem,
1650 3915 1690 3974 ait
1717 3915 1887 3976 confirmari
1915 3919 2094 3984 testimoniis

731 4017 866 4095 Eusebii,
887 4017 1010 4079 loannis
1034 4013 1252 4094 Chrysostomi,
1275 4014 1367 4076 hiosis
1389 4012 1557 4093 barcepha,
1587 4020 1618 4074 et
1638 4012 1762 4075 Joannis
1784 4013 1939 4078 Darensis.
1991 4017 2094 4100 ltaque

732 4117 867 4199 ejusdem
890 4116 992 4198 operis
1016 4132 1082 4195 cap.
1105 4111 1186 4177 XlV.
1209 4113 1289 4185 hunc
1311 4113 1445 4176 ordinem
1468 4131 1484 4174 a
1509 4112 1628 4175 Christo
1652 4112 1842 4175 observatum
1865 4115 1958 4178 luisse
1980 4122 2096 4182 consti-

733 4219 789 4280 tuit
810 4218 841 4278 in
863 4216 964 4278 ultima
987 4232 1093 4278 coena.
1137 4212 1246 4276 Edisse
1268 4213 1382 4276 Pascha
1405 4211 1519 4294 legale:
1550 4219 1658 4294 postea
1681 4214 1858 4276 coenavisse
1881 4220 2025 4280 stantem:
2049 4219 2095 4280 la·
2119 4299 2122 4304 ,

734 4318 816 4379 visse
836 4315 932 4397 pedes
955 4313 1184 4394 discipulorum
1209 4314 1396 4386 recubuisse,
1419 4312 1559 4374 docuisse
1576 4330 1629 4374 eos
1646 4315 1817 4393 mysterium
1835 4312 2094 4398 ablutionisillius,

734 4435 804 4478 mox
826 4416 992 4478 instituisse
1015 4413 1238 4476 Sacramentum
1272 4412 1408 4494 corporis
1439 4420 1468 4472 et
1496 4413 1649 4494 sanguinis
1680 4411 1743 4490 sui,
1778 4411 1895 4474 tandem
1922 4413 2050 4478 relatum
2077 4436 2092 4479 a

733 4518 849 4579 ioanne
872 4531 1042 4577 sermonem
1071 4511 1108 4574 ad
1137 4512 1204 4575 illos
1228 4511 1377 4574 habuisse.
1423 4511 1533 4572 Verum
1563 4511 1661 4591 capite
1688 4510 1724 4574 ll.
1755 4520 1854 4574 monet
1880 4513 1989 4596 ambigi
2019 4517 2094 4578 inter

733 4617 850 4692 doctos,
874 4632 911 4676 an
934 4613 1070 4676 Christus
1093 4611 1207 4674 Pascha
1229 4610 1328 4695 legale
1352 4610 1516 4672 comederit
1536 4611 1604 4690 ipso
1626 4609 1678 4672 illo
1694 4610 1754 4688 die,
1778 4627 1815 4672 an
1828 4629 1902 4675 vero
1915 4613 1982 4692 ipse
2006 4613 2094 4678 fuerit

715 4733 837 4777 ‘verum
866 4715 994 4792 Pascha,
1022 4714 1123 4795 typico
1151 4711 1246 4774 altero
1281 4709 1522 4792 praefiguratum.
1580 4709 1656 4771 Dicit
1692 4709 1884 4790 llippolytum
1917 4710 2092 4794 Romanum,

731 4815 974 4893 liar-loannem,
995 4812 1180 4890 hier-isaac,
1204 4817 1234 4873 et
1257 4809 1400 4891 quosdam
1423 4810 1498 4872 alios
1521 4810 1551 4871 in
1574 4826 1610 4870 aa
1632 4809 1773 4888 opinione
1796 4807 1903 4872 luisse:
1926 4813 2008 4892 parcd
2026 4813 2092 4874 Dc-

731 4917 829 4977 minus
850 4933 888 4976 ea
910 4931 1039 4994 vespera
1060 4912 1183 4974 Pascha
1204 4911 1298 4991 lepale
1325 4929 1385 4972 non
1407 4909 1585 4984 consederit,
1615 4909 1670 4970 scd
1696 4908 1852 4988 discipulis
1881 4912 1946 4974 sans
1972 4910 2094 4976 Pascha

731 5033 835 5076 nemim
854 5013 956 5094 fuerit.
1000 5013 1104 5093 ltaque
1124 5009 1219 5074 verba
1241 5009 1326 5089 haec,
1349 5009 1501 5071 desidmo
1528 5008 1703 5070 desideum
1728 5008 1786 5072 hoc
1811 5008 1934 5071 Pascha
1963 5013 2093 5076 manda-
