4712 6032
687 626 763 700 212
1261 623 1490 701 NOTAE

399 811 463 866 tior.
482 813 512 864 de
528 811 601 864 sacr.
614 810 672 862 ora.
687 809 944 892 Constantinopoli
967 808 1005 870 de
1027 808 1086 872 fide
1108 808 1295 872 collationem
1319 827 1386 872 cum
1409 807 1591 873 Orthodoxis
1613 808 1796 888 habuerunt,
1825 808 1943 871 illorum
1964 811 2053 892 primi

363 895 394 948 Ρ·
411 901 438 954 2.
461 917 484 950 ⁶·
507 900 532 951 ¹·
557 897 673 964 L⁸¹¹¹¹⁰t
687 909 862 973 testimoniis
893 910 938 970 usi
969 915 1054 988 sunt,
1087 908 1165 990 quod
1194 926 1211 970 a
1238 908 1310 970 viris
1340 908 1520 971 doctissimis
1551 908 1661 971 dudum
1691 907 1744 970 luit
1771 909 1973 972 observatum.
2018 909 2053 972 ln

364 981 401 1034 Dc
419 985 512 1036 machus
529 984 629 1051 Dionys.

686 1009 777 1070 variis
802 1006 1000 1070 Colleotaneis
1023 1009 1238 1070 sententiarum
1260 1025 1300 1069 ex
1322 1009 1449 1088 antiquis
1472 1008 1625 1086 Patribus,
1655 1007 1692 1070 ad
1721 1009 1870 1088 opinionis
1897 1026 1972 1071 suae
1994 1008 2053 1072 de-

684 1107 864 1184 fensionem,
888 1113 991 1168 extant
1005 1106 1167 1169 nonnullae
1187 1125 1227 1168 ex
1250 1106 1507 1192 ejusmodilihris:
1531 1115 1561 1169 et
1583 1126 1618 1169 en
1641 1108 1768 1184 ratione,
1791 1108 1952 1188 Dionysius
1974 1110 2054 1172 inter

685 1207 841 1268 Ecclesiae
864 1205 1011 1267 Doctores
1035 1209 1064 1267 in
1087 1205 1242 1287 Diptyohis
1265 1204 1441 1286 frequenter
1461 1213 1645 1272 numeratur.
1686 1208 1789 1286 Atque
1820 1206 1871 1268 illa
1900 1209 2053 1270 verisimi-

684 1306 721 1368 lis
745 1323 835 1368 causa
858 1313 914 1384 est,
938 1322 993 1368 cur
1015 1307 1080 1386 ejus
1104 1306 1223 1368 nornine
1236 1303 1401 1386 liturgiam
1423 1305 1605 1388 singularem
1630 1306 1865 1393 composuerint,
1887 1324 1948 1369 uon
1971 1307 2052 1388 quod

685 1406 776 1467 multa
797 1404 842 1468 ,ad
872 1421 977 1466 sacros
1000 1406 1075 1466 ritus
1097 1405 1263 1485 spectantia
1285 1405 1439 1466 hauserint
1460 1424 1500 1466 ex
1522 1405 1606 1468 libris
1629 1405 1667 1468 de
1689 1405 1903 1492 Ecclesiqstica
1925 1405 2052 1467 Hierar-
2129 1415 2133 1424 '

685 1505 768 1579 chiu3
791 1521 858 1566 nam
882 1511 1022 1585 quantum
1045 1503 1081 1566 ad
1105 1503 1289 1584 disciplinam
1306 1503 1540 1566 Eucharisticam
1557 1511 1684 1584 spectat,
1707 1506 1760 1566 vin
1782 1522 1910 1586 unquam
1933 1503 2052 1566 illorum

685 1605 890 1666 meminerunt.
934 1601 1048 1665 Eodem
1062 1604 1182 1666 nomine
1205 1603 1284 1665 edita
1308 1611 1355 1664 est
1377 1604 1406 1663 in
1425 1601 1539 1665 Missali
1555 1603 1871 1684 ChaldaicoLiturgia‚
1895 1604 1950 1666 sed
1973 1621 2050 1684 quae

684 1709 807 1785 praeter
829 1703 945 1765 titulum
968 1721 1035 1764 cum
1057 1704 1113 1764 ista
1137 1721 1292 1765 commune
1315 1702 1386 1763 nihil
1408 1700 1509 1780 habet,
1533 1721 1599 1764 cum
1622 1705 1653 1764 in
1672 1702 1786 1765 illissali
1808 1703 1954 1764 tribuatur
1974 1702 2050 1765 llio-

684 1801 771 1880 nysio
793 1801 939 1865 Barsalihi
960 1802 1113 1884 Episcopo
1136 1801 1283 1864 Amideno
1305 1801 1461 1864 Jacohitae
1484 1801 1700 1880 famosissimo,
1729 1801 1766 1864 de
1795 1820 1854 1883 quo
1883 1802 1999 1866 dicetur
2019 1803 2057 1864 in.

685 1901 948 1965 observationibus
971 1902 1007 1963 ad
1031 1902 1166 1965 eamdem
1188 1901 1363 1984 liturgiam,
1388 1908 1418 1962 et
1440 1903 1551 1981 passim
1573 1901 1643 1964 alibi
1666 1903 1774 1964 dictum
1797 1908 1860 1978 est,
1883 1919 1950 1964 cum
1971 1901 2049 1964 illius

684 2000 862 2064 testimoniis
890 2004 920 2064 in
948 2010 1011 2065 toto
1034 2001 1093 2065 hoc
1116 2021 1210 2083 opere
1233 2001 1408 2081 saepissime
1430 2009 1558 2065 utamur.
1600 2001 1708 2080 Neque
1730 2001 1807 2061 ullus
1831 2007 1877 2062 est
1899 2001 2050 2081 ambigui-

564 2124 570 2130 ·
684 2097 738 2158 tati
760 2096 861 2176 locus,
890 2109 940 2162 out
969 2102 1134 2182 suspicioni
1157 2100 1195 2162 de
1223 2102 1337 2162 incuria
1366 2099 1568 2162 librariorum:
1599 2093 1666 2162 cum
1695 2100 1725 2160 in
1754 2098 1860 2161 iisdem
1879 2097 2048 2161 Codicihus

685 2203 812 2278 utraque
834 2199 970 2282 Liturgia
993 2217 1086 2280 saepe
1107 2199 1288 2280 reperiatur.
1333 2199 1365 2260 ln
1395 2199 1453 2260 ista
1480 2216 1554 2260 vero
1583 2215 1680 2279 pauca
1707 2205 1871 2297 occurrunt
1893 2215 1970 2278 quae
1992 2195 2050 2257 ali-

686 2313 773 2376 quam
795 2296 1026 2378 explicationem
1042 2298 1232 2375 desiderent.

1013 2611 1048 2684 2.
1093 2609 1230 2682 Credite
1257 2609 1348 2705 quod
1373 2630 1497 2702 corpus
1523 2629 1629 2677 meum
1656 2583 1715 2678 est.

796 2819 869 2897 Isrn
890 2847 952 2894 vox
975 2830 1073 2894 addita
1085 2830 1188 2894 verbis
1207 2829 1317 2893 Christi
1338 2836 1397 2891 tam
1419 2828 1450 2890 in
1471 2826 1569 2890 torma
1590 2829 1690 2908 panis,
1714 2846 1801 2909 quam
1823 2828 1854 2890 in
1876 2829 1971 2892 altera
1993 2847 2048 2891 ca-

685 2933 751 2998 licis
774 2935 989 3012 consecrandi,
1020 2935 1132 2998 nullum
1160 2936 1191 2996 in
1220 2933 1346 2996 vetustis
1376 2932 1500 2994 Graecis
1522 2931 1666 3014 Liturgiis
1694 2931 1863 3012 exemplum
1886 2931 1992 3012 habet,
2015 2940 2047 2995 ut

686 3052 785 3116 neque
809 3035 840 3096 in
862 3033 1084 3112 Alexandrinis,
1106 3033 1163 3098 sed
1185 3041 1296 3097 tantum
1318 3034 1348 3094 in
1369 3049 1427 3094 una
1450 3039 1501 3094 aut
1523 3032 1618 3094 altera
1641 3029 1785 3112 Syriacis.

753 3345 789 3417 3.
835 3343 901 3430 (ini
926 3348 1024 3416 tincti
1048 3351 1124 3417 aunt
1149 3347 1313 3437 sanquine
1340 3351 1408 3433 tuo,
1436 3351 1470 3415 ct
1495 3348 1622 3440 siponti
1647 3344 1881 3418 Sacramentis
1907 3349 1982 3417 tuis.

786 3570 859 3651 Onu
881 3581 1010 3644 fidelium
1033 3601 1090 3664 per
1110 3580 1315 3644 Eucharistiae
1337 3585 1561 3664 susceptionem
1584 3584 1659 3666 tingi
1688 3586 1834 3664 sanguine
1858 3583 1985 3664 Christi,
2015 3593 2048 3648 ut

686 3694 790 3768 postes
813 3686 967 3750 domorum
989 3684 1144 3748 israelitici
1166 3685 1269 3767 populi
1291 3687 1321 3747 in
1333 3686 1477 3769 Aegypto
1501 3687 1610 3749 tinctos
1632 3688 1780 3770 sanguine
1802 3688 1872 3771 agni
1885 3687 2047 3766 Paschalis,

686 3787 850 3850 communis
880 3794 927 3848 est
956 3785 1149 3848 Orientalium
1179 3785 1330 3864 doctriua,
1361 3803 1448 3866 quarn
1476 3783 1543 3849 fuse
1567 3786 1698 3867 explicat
1722 3786 1854 3850 Severus
1877 3787 2046 3868 Episcopus

685 3885 879 3962 hschmouih,
903 3887 933 3947 in
956 3900 1049 3965 opere
1072 3885 1109 3947 de
1131 3884 1222 3968 hgno
1244 3885 1379 3948 Paschali
1403 3895 1433 3948 et
1445 3885 1641 3950 Eucharistia.
1669 3885 1749 3948 idem
1771 3887 1882 3970 legitur
1904 3887 1934 3948 in
1957 3889 2046 3949 variis

686 3985 885 4063 orationihus,
914 3985 1090 4065 praesertim
1113 3985 1170 4047 illis
1204 4003 1280 4065 quae
1298 3985 1434 4047 dicuntur
1453 3994 1523 4066 post
1543 3987 1796 4062 communionem,
1825 3985 1862 4048 ad
1884 3987 2047 4066 gratiarum

687 4087 842 4146 actionem.
876 4082 992 4166 signati
1005 4081 1204 4147 Sacramentis
1219 4084 1357 4146 dicuntur
1377 4084 1536 4148 Christiani
1558 4102 1615 4165 per
1634 4084 1832 4165 Baptismum,
1863 4103 1918 4165 per
1940 4085 2047 4166 Myron

687 4202 743 4248 seu
765 4182 938 4245 Chrismatis
959 4184 1197 4265 impressionem,
1220 4192 1251 4245 et
1271 4202 1329 4265 per
1339 4183 1564 4250 Eucharistiam.
1598 4184 1641 4248 Ea
1664 4185 1815 4248 locutione
1837 4183 1909 4246 nihil
1931 4186 1961 4246 iu
1984 4185 2047 4245 istis

689 4281 799 4344 Ciliciis
821 4282 1017 4364 frequentius

920 4597 954 4666 d.
1005 4595 1049 4668 Ut
1071 4617 1137 4688 per
1163 4594 1317 4688 illapsum
1343 4602 1377 4667 et
1403 4595 1691 4666 obumbrationem
1716 4616 1820 4665 suoru.

786 4807 839 4886 Da
862 4817 987 4879 vocibus
1010 4834 1087 4896 quae
1109 4817 1140 4876 in
1161 4814 1217 4878 hac
1246 4817 1382 4880 oratione
1412 4823 1594 4897 usurpantur
1622 4813 1659 4877 ab
1688 4813 1913 4894 Orientalibusr,
1939 4813 2049 4878 dictum

690 4933 737 4989 est
765 4923 859 4986 fusius
887 4921 919 4982 in
945 4920 1024 4982 uotis
1047 4920 1084 4981 ad
1111 4917 1189 4981 hunc
1210 4918 1310 4980 locum
1331 4917 1484 5001 Liturgiae
1505 4917 1607 4981 Basilii
1630 4918 1782 4999 Copticae.
1824 4905 2049 5002 ’Enapolcqow

690 5040 750 5106 qua
770 5038 848 5084 uoce
871 5018 978 5081 Graeci
999 5018 1183 5100 potissimum
1204 5019 1248 5080 uti
1268 5017 1376 5096 solent,
1399 5019 1569 5098 exprimunt
1581 5017 1650 5098 Syri
1660 5036 1716 5099 per
1730 5036 1795 5079 earn
1810 5035 1899 5098 quam
1911 5019 2050 5096 illapsum

689 5124 848 5188 vertimus:
872 5137 931 5201 qua
954 5118 1043 5182 etiarn
1063 5123 1196 5201 utuntur,
1218 5115 1287 5180 dum
1308 5116 1472 5181 mirabilem
1489 5117 1649 5180 adventurn
1670 5115 1798 5200 Spiritus
1820 5117 1917 5181 sancti
1938 5131 2050 5199 super-
