4804 6026
410 678 459 754 DE
475 670 644 754 situlus
666 670 936 749 antemnarum
958 671 1007 748 ul
1031 669 1297 748 Jloonlrlnuu
1321 668 1515 747 ilumeris,
1576 668 1643 742 XV

278 866 358 938 lium
383 863 568 960 disciplina,
595 859 655 933 sed
681 858 786 953 qualis
810 879 934 930 revera
960 850 1003 930 sit
1029 867 1063 930 et
1078 862 1253 952 antiquitus
1265 856 1373 930 fuerit.
1399 855 1519 952 Neque
1543 855 1641 932 ullius

279 981 437 1055 momenti
462 988 538 1052 sunt
561 976 625 1050 boc
650 980 685 1048 in
711 997 838 1068 genere
867 975 1104 1046 Maronitarum
1129 977 1330 1064 testimonia,
1357 975 1412 1067 qni
1439 972 1481 1044 ad
1507 973 1642 1047 codices

279 1117 361 1170 suos
387 1101 584 1192 provocant,
610 1102 766 1186 tanquam
791 1093 1005 1180 sinceriores,
1036 1101 1070 1162 et
1095 1087 1137 1162 ab
1171 1093 1261 1162 omni
1293 1091 1418 1162 erroris
1453 1093 1642 1184 suspicione

279 1216 452 1299 immunes,
477 1231 552 1281 cnm
577 1207 649 1280 illas
676 1211 769 1304 ipsas
794 1207 973 1300 Limrgias,
1001 1227 1083 1300 quas
1110 1228 1157 1278 ex
1181 1204 1290 1278 multis
1318 1204 1491 1297 elegerunt
1517 1204 1643 1279 utRo-

280 1350 356 1400 mae
383 1326 569 1412 ederentur,
592 1323 821 1422 lacobitamm
848 1345 925 1396 esse
939 1322 1181 1395 demonstretur
1207 1331 1273 1394 tam
1301 1323 1401 1394 certis
1427 1325 1642 1414 argumentis,

281 1453 316 1514 ut
341 1443 459 1538 reponi
485 1438 562 1512 nibil
586 1444 703 1536 possit,
730 1439 866 1512 stillae
901 1447 997 1511 notas
1030 1438 1230 1513 indubitatas
1261 1437 1525 1534 interpolationis
1560 1460 1643 1534 prae

279 1556 463 1632 scierant

384 1671 506 1746 XXVI.
533 1671 571 1744 Si
595 1669 778 1744 Maronitas
804 1667 993 1758 audiamus,
1023 1667 1124 1740 facile
1157 1691 1303 1765 operosa
1334 1668 1391 1742 illa
1417 1671 1566 1762 quaestio
1601 1668 1642 1742 de
1699 1700 1736 1760 q,
1754 1701 1868 1771 saurga
1884 1647 1966 1754 aaa.

280 1789 502 1881 Litnrgiamm
530 1789 720 1881 antiquitate
747 1783 878 1858 absolvi
914 1793 1034 1880 potest.
1073 1786 1176 1862 Aiunt
1208 1787 1294 1858 enim
1320 1784 1445 1858 habere
1481 1808 1519 1859 se
1553 1783 1693 1858 ἰΙΙιιιιιίς
1710 1787 1829 1842 narona.

280 1905 418 1977 Joannis
444 1903 604 1990 Maronis,
631 1923 728 1996 quem
754 1905 886 1974 vixisse
911 1903 1130 1992 imaginantur
1155 1905 1241 1974 intra
1274 1905 1418 1997 quintum
1453 1911 1488 1973 et
1513 1913 1643 1974 sextum

282 2021 462 2108 sacculum,
489 2027 524 2090 et
548 2016 791 2090 Antiochenam
816 2015 1174 2106 Patr-iarcbamiuiase3
1202 2021 1378 2114 scripsisse
1395 2039 1526 2112 quoque
1545 2041 1645 2091 com-

282 2140 476 2224 mentarium
501 2138 535 2206 in
560 2134 679 2208 Jacobi
703 2134 896 2226 Litnrgiam,
924 2155 970 2204 ex
996 2155 1061 2227 qno
1088 2132 1267 2229 particulas
1295 2133 1418 2229 aliquot
1440 2133 1647 2207 Echellensis

282 2251 375 2326 libris
401 2254 470 2324 suis
497 2252 650 2339 inseruit,
684 2259 719 2322 et
745 2248 828 2324 alias
855 2249 898 2322 ad
930 2248 1046 2322 Virum
1081 2247 1306 2323 Clarissimum
1336 2249 1500 2322 loannem
1534 2249 1646 2321 Mori-

282 2390 358 2438 num
385 2366 462 2438 olim
489 2370 677 2439 transmisit.
730 2364 816 2437 Nam
850 2388 896 2437 ex
931 2387 972 2436 en
1002 2363 1163 2458 Litmgia,
1200 2376 1234 2438 et
1267 2361 1524 2454 commentario,
1560 2390 1647 2461 qnae

282 2482 391 2555 forma
419 2481 522 2554 Officii
547 2480 766 2555 Eucharistici
790 2480 909 2555 inisset
936 2492 1012 2554 ante
1045 2491 1175 2554 sextum
1209 2482 1387 2571 saeculum,
1420 2481 1519 2554 facilc
1543 2482 1648 2555 intel-

283 2599 451 2692 ligeretur.
478 2598 548 2671 Sed
574 2598 695 2670 Joanni
720 2598 767 2670 illi
792 2597 923 2669 Maroni
949 2602 1036 2669 inter
1060 2597 1289 2682 Antiochenos
1316 2597 1527 2671 Patriarchas
1553 2597 1648 2670 locus

285 2717 450 2806 assignari
475 2713 584 2787 nullus
609 2724 731 2809 potest,
757 2723 793 2787 nt
818 2713 977 2806 singulari
989 2714 1234 2788 Dissertatione
1260 2713 1473 2810 probabimus
1500 2738 1545 2788 cx
1562 2736 1648 2810 per-

285 2841 384 2928 petuo
420 2828 628 2903 Graecorum
664 2839 700 2902 et
733 2828 940 2918 Latinorum,
981 2833 1048 2903 imo
1087 2841 1121 2902 et
1165 2830 1379 2904 Orientalium
1414 2834 1649 2926 cujuscumque

287 2957 401 3022 sectae
428 2946 567 3020 silentio.
594 2945 688 3032 Quos
715 2968 799 3020 vero
832 2949 910 3018 citat
934 2943 1153 3037 Echcllensis‚
1181 2958 1215 3020 ct
1241 2949 1313 3038 eJus
1340 2952 1373 3020 in
1389 2946 1556 3021 cathedra
1578 2947 1648 3018 lin-

286 3085 425 3156 guarum
453 3061 667 3135 Orientalium
691 3062 821 3135 Romae
847 3083 1026 3135 successor
1052 3073 1086 3134 et
1113 3064 1216 3138 alinis
1243 3063 1385 3138 Faustus
1410 3064 1589 3153 Naironns,
1603 3061 1650 3134 illi

288 3177 438 3251 omnibus
463 3189 698 3276 praeterquam
724 3180 896 3252 Maronitis
922 3181 1028 3270 ignoti
1061 3190 1153 3269 sunt,
1184 3203 1248 3252 nec
1281 3178 1425 3254 obscura
1459 3179 1651 3276 praeierunt

287 3297 442 3367 novitatis
476 3294 605 3368 indicia.
665 3293 761 3366 Unde
793 3292 948 3367 fortassis
983 3293 1123 3380 loannis
1163 3295 1249 3371 illius
1289 3297 1436 3368 Maronis
1467 3295 1650 3386 Litnrgiam

287 3409 415 3484 Missali
440 3410 570 3483 Romae
597 3411 685 3482 edito
711 3433 778 3483 non
803 3414 1022 3499 insernenmt,
1050 3435 1134 3506 quac
1160 3421 1272 3483 tamen
1296 3415 1438 3484 caeteris
1465 3414 1494 3484 si
1520 3415 1650 3483 unicam

287 3526 406 3600 Jacobi
432 3529 628 3623 excipimus,
653 3525 873 3640 praeferenda
900 3537 983 3614 erat,
1009 3527 1109 3599 modo
1136 3526 1224 3599 illam
1251 3549 1349 3621 qnam
1385 3535 1558 3621 tantopere
1589 3529 1650 3618 ja-

288 3653 388 3732 ctant,
416 3645 638 3737 antiquitatem
663 3643 842 3716 habuisset

390 3759 527 3830 XXVII.
553 3758 679 3831 Verum
709 3770 844 3855 praeter
868 3757 1002 3832 codices
1037 3762 1187 3854 antiquos
1224 3758 1343 3832 multos
1376 3780 1514 3854 qnorum
1549 3766 1650 3828 auto·
1700 3779 1804 3834 arcaea
1822 3792 1899 3835 natas
1913 3783 1974 3835 arim

289 3879 385 3948 ritate
418 3873 585 3966 Litnrgias
619 3897 720 3971 supra
755 3885 963 3949 enumeratas
999 3874 1159 3948 Jacobitis
1201 3873 1426 3964 vindicamus,
1464 3874 1582 3949 multas
1617 3865 1975 3969 ,praeponimurapuaeara-

288 3996 420 4065 noviter
454 4014 476 4062 a
508 3995 576 4063 suis
609 3990 795 4064 hominibus
839 3996 1042 4089 compositas
1075 3990 1148 4066 illos
1182 3990 1338 4064 habuisse
1379 4000 1520 4063 testatur
1554 3999 1651 4061 autor
1665 3955 1974 4110 ⁰⁰JJJ¹22¹2¹¹5¹2¹2¹2⁸3¹532

289 4110 489 4202 Anonymus
520 4107 769 4200 aOombolisio
796 4109 922 4196 editus,
955 4107 997 4180 de
1030 4106 1170 4180 Haeresi
1204 4107 1449 4198 Jacobitarnm,
1484 4108 1539 4202 qni
1568 4104 1652 4176 haec
1665 4147 1714 4184 aaa
1729 4129 1798 4194 epar
1812 4124 1975 4193 sareapai

289 4222 398 4296 babet
451 4225 560 4294 Aiunt
594 4227 695 4294 etiam
727 4223 856 4296 babere
887 4247 925 4297 se
958 4226 1189 4316 expositiones
1222 4225 1454 4316 Litas-piorum
1488 4223 1650 4309 diversos,
1666 4212 1817 4314 pappa,
1837 4208 1905 4306 ⁷5⁰⁹&
1929 4208 1975 4265 “²³

287 4345 431 4432 praeter
462 4338 728 4412 Ecclesiasticus
762 4342 973 4412 traditiones.
1026 4339 1077 4412 lta
1116 4337 1265 4412 Graecus
1300 4337 1418 4429 bomo,
1453 4347 1485 4410 et
1523 4337 1652 4433 quidem
1665 4301 1872 4440 {22:⁴⁰⁶''m‘
1890 4315 1976 4364 ψ

292 4476 395 4526 vare:
422 4476 496 4524 cnm
522 4477 607 4549 qnae
634 4455 744 4528 auditu
769 4466 893 4528 mutum
919 4466 1107 4552 acceperat,
1132 4458 1214 4550 ipsis
1240 4453 1465 4527 Jacobitarum
1482 4453 1653 4526 codicibus
1684 4471 1757 4524 aava
1776 4471 1828 4524 aa.
1851 4469 1900 4522 rr.
1917 4485 1976 4539 pap.

292 4570 534 4642 confirmentur.
593 4571 754 4644 Jndicium
780 4595 865 4646 vero
899 4571 942 4645 de
976 4571 1039 4646 illis
1065 4570 1242 4664 Litnrgiis,
1275 4574 1368 4665 quasi
1394 4568 1654 4650 Ecclesiasticac
1667 4559 1728 4610 ²⁶⁶·

293 4685 459 4757 traditioni
484 4690 667 4776 contrariis,
695 4711 803 4784 aeque
837 4686 1013 4762 absurdum
1048 4696 1118 4778 est,
1151 4711 1192 4760 ac
1222 4686 1301 4759 illud
1336 4686 1424 4782 quod
1457 4685 1654 4758 Theodorus

293 4800 473 4873 Balsamon
505 4801 548 4874 de
578 4802 697 4876 Jacobi
729 4813 763 4877 et
796 4805 902 4878 Marci
935 4804 1075 4876 Graecis
1102 4804 1189 4893 tulit,
1223 4802 1434 4894 abrogandas
1469 4799 1542 4876 illos
1578 4805 1655 4898 quin

294 4913 658 5015 constantinopolitana
683 4919 838 4995 Ecclesia
863 4919 928 4993 illis
954 4943 1022 4994 non
1047 4929 1203 4993 uteretur.
1228 4917 1362 4993 Vocant
1388 4917 1514 4991 scilicet
1533 4916 1655 4991 Gracci

294 5031 563 5108 Ecclesiasticam
589 5035 806 5134 disciplinam,
832 5059 928 5110 suam
952 5040 1131 5134 propriam,
1162 5045 1297 5133 practer
1332 5059 1430 5131 quam
1465 5034 1561 5106 alam
1587 5057 1656 5107 non

294 5162 472 5224 noverunt.
499 5149 598 5238 Quod
619 5156 721 5248 ¹igitru
746 5154 945 5250 Anonpmus
972 5152 1148 5250 illedixit,
1175 5152 1339 5246 significat
1365 5151 1571 5226 solummodo
1589 5151 1656 5224 Ja-
