4728 6028
639 540 715 618 108
1024 540 1637 620 assentationes

636 732 719 790 tasse
740 725 828 808 plura
849 744 868 789 a
890 724 1014 788 Graecis
1036 725 1209 810 exigebant,
1232 742 1321 806 qnam
1340 724 1410 788 lidei
1421 725 1529 808 regula
1540 725 1774 808 praescriberet,
1796 725 2000 810 disputarent:

634 826 686 890 isti
707 845 782 890 vero
805 825 875 888 dum
896 826 1042 891 incautius
1057 825 1284 890 accusatoribus
1298 825 1360 888 suis
1375 826 1529 904 resistunt,
1552 825 1631 888 ultra
1653 824 1733 888 illius
1754 827 1899 891 terminos
1921 846 2000 910 pro-

635 925 737 1007 gressi
758 926 789 988 in
810 927 912 988 varios
935 943 1058 990 errores
1078 925 1278 1008 impegerunt,
1300 931 1332 986 nt
1348 925 1488 1006 superius
1501 925 1661 1006 probatum
1672 933 1730 1004 est,
1752 925 1999 1009 disciplinamque

635 1033 852 1106 corruperunt,
886 1025 956 1088 dnm
993 1026 1159 1088 orationum
1190 1032 1221 1088 et
1255 1023 1471 1088 sacrificiorum
1503 1023 1649 1109 suffragia
1680 1025 1721 1087 ad
1756 1026 1998 1108 impoenitentes,

635 1123 780 1204 ipsosque
801 1123 938 1187 infideles
966 1123 1177 1187 extenderunt
1226 1123 1309 1186 llaec
1338 1141 1412 1187 vero
1441 1125 1540 1187 omnia
1568 1142 1635 1186 oum
1658 1123 1829 1188 Orientales
1857 1126 2000 1208 ignorent

636 1231 828 1304 veteremque
851 1223 1035 1304 disciplinam
1058 1224 1298 1288 constantissime
1320 1223 1380 1287 huc
1400 1241 1497 1305 usque
1517 1224 1708 1302 retinuerint,
1730 1240 1786 1286 cur
1806 1223 1865 1286 illis
1886 1225 1999 1288 similes

635 1339 757 1386 errores
779 1321 991 1399 attribuantur,
1013 1340 1105 1386 cansa
1127 1321 1236 1385 idonea
1258 1323 1339 1385 nulla
1361 1330 1418 1386 est.

348 1609 378 1662 Ρ.
396 1608 439 1662 ³8
457 1608 474 1659 t
492 1608 518 1658 ⁵·
933 1600 1116 1688 (irentinus,
1143 1601 1344 1690 accedimus,
1372 1600 1595 1696 οίιιίριιοιιιιιι,
1621 1606 1684 1672 ete.

350 1813 622 1884 Gonagmuoetunio
721 1793 813 1872 Hanc
835 1804 949 1883 oratio,
976 1813 1007 1866 et
1030 1822 1108 1885 quae
1138 1822 1205 1866 oum
1232 1805 1282 1866 illa
1311 1804 1502 1886 conjungitur
1529 1805 1735 1880 caeremonia,
1769 1821 1806 1865 ea
1832 1810 1881 1865 est
1910 1821 1999 1884 quam

314 1904 445 1971 utrimque
463 1902 570 1970 Ψθῦῑθῖ·
635 1909 744 1974 Graeci
765 1915 875 1971 vocant
894 1895 1002 1991 Ἀγίαν
1023 1901 1145 1986 ἕνωσιν,
1168 1909 1307 1970 udonem
1328 1907 1445 1969 scilicet
1459 1909 1629 1987 specierum
1642 1905 1777 1984 duarum,
1800 1912 1833 1967 ut
1853 1923 1911 1986 per
1932 1924 1999 1969 eam

635 2011 872 2083 demonstretur,
901 2006 931 2069 id
965 2006 1046 2088 quod
1082 2008 1218 2070 oratione
1252 2023 1330 2087 quae
1361 2006 1526 2069 Barsalibio
1557 2006 1695 2068 tribuitur
1722 2005 1909 2086 exprimunt,
1941 2023 1999 2087 per

634 2108 790 2191 quemdam
811 2105 931 2170 rnodum
952 2105 1150 2187 professionis
1179 2105 1260 2184 lidei,
1282 2107 1341 2168 λου
1367 2125 1434 2168 ease
1460 2124 1571 2184 corpur
1596 2105 1685 2166 ιἰιίιιι
1712 2105 1890 2184 mugientia
1920 2105 1999 2168 λιαια
2081 2182 2084 2188 ¹

633 2228 700 2271 erre
721 2208 896 2286 sauguinem
917 2206 1005 2266 ιἰιίιιι
1026 2206 1176 2283 corporis.
1227 2203 1301 2268 Cum
1329 2221 1404 2267 vero
1431 2203 1568 2284 plerique
1600 2201 1730 2266 Codices
1759 2203 1832 2266 llss.
1859 2203 1998 2267 Rubrieis

634 2313 770 2383 oncant,
792 2321 851 2386 quo
873 2305 934 2366 ritu
954 2303 1142 2385 consignatio
1165 2312 1198 2366 et
1218 2305 1289 2366 unio
1311 2303 1370 2366 ista
1384 2302 1435 2366 liat
1456 2320 1517 2366 non
1539 2303 1720 2384 explicatur,
1744 2304 1880 2384 quamvis
1902 2303 1998 2367 disci·

633 2406 715 2489 plina
737 2405 866 2468 omnium
878 2401 1081 2464 Ecclesiamm
1095 2401 1301 2480 Orientalium,
1324 2403 1428 2482 similis
1451 2403 1571 2466 omnino
1594 2401 1688 2466 fuisse
1709 2402 1808 2466 multis
1832 2421 1998 2486 argumen-

635 2508 673 2568 tis
691 2503 853 2586 judicetur.
884 2501 1039 2574 Quomodo
1059 2502 1109 2564 liat
1122 2502 1202 2584 apud
1217 2501 1352 2583 Coptitas
1365 2510 1505 2564 accurate
1521 2503 1661 2583 exposuit
1675 2501 1797 2566 Gabriel
1812 2501 1996 2587 Patrierclta,

635 2606 720 2686 cujus
743 2603 837 2666 verba
860 2601 1014 2664 retulimus
1036 2602 1066 2662 in
1089 2601 1310 2666 Commentario
1338 2601 1377 2664 ad
1402 2602 1482 2664 hunc
1510 2601 1664 2684 liturgiae
1692 2602 1859 2665 Basilianae
1888 2601 1996 2664 locum.

557 2697 565 2712 ⁰
634 2701 814 2784 Simpliciter
834 2700 1006 2763 Nestoriani
1028 2719 1067 2763 ex
1090 2700 1233 2782 particula
1263 2699 1349 2764 calici
1372 2702 1503 2764 immissa
1533 2707 1564 2763 et
1593 2701 1776 2776 madefacta,
1805 2701 1937 2782 reliquas
1966 2708 1998 2764 et

633 2805 732 2886 ipsum
755 2799 878 2862 calicem
900 2800 1086 2880 consignant
1129 2798 1163 2861 ln
1193 2800 1307 2863 Graeca
1333 2800 1439 2864 Jacobi
1466 2800 1601 2883 liturgia
1629 2800 1789 2863 discrimen
1818 2800 1998 2863 observatur

632 2903 799 2984 aSyriaca:
821 2897 902 2981 quod
924 2893 1040 2972 ἓνωσις
1057 2906 1087 2961 et
1108 2899 1296 2983 consignatio
1318 2899 1398 2963 liat
1390 2919 1420 2962 tn
1441 2901 1500 2962 ista
1520 2908 1589 2962 ante
1612 2898 1786 2963 Orationem
1799 2899 1997 2963 Dominicam:

632 3003 664 3064 in
687 3001 802 3064 Graeca
823 3006 892 3080 post
921 2997 1093 3062 Orationem
1122 2999 1316 3063 Dominicam.
1367 2998 1410 3061 Ita
1437 3006 1535 3062 autern
1563 2999 1681 3062 Graeca
1710 3017 1745 3062 se
1775 2999 1885 3062 labent
1913 2986 1997 3061 Εἶτα

633 3098 697 3184 κλςῖ
718 3087 774 3163 τόν
795 3085 893 3214 ὀίρτρυ
914 3088 934 3160 6
941 3083 1074 3207 ἱερεύς,
1096 3092 1152 3160 καὶ
1173 3100 1284 3183 κρατεῖ
1310 3121 1351 3182 τῃ
1337 3095 1467 3180 δεξιᾷ
1486 3085 1525 3160 nt
1548 3088 1665 3180 ἥμισυ,
1693 3093 1812 3160 καὶ
1769 3120 1811 3182 τῃ
1839 3087 1997 3184 αριοτερᾷ

631 3187 669 3278 τό
693 3191 795 3284 ἥμισυ
821 3192 878 3259 καί
903 3181 1025 3277 βιίπτει
1046 3183 1085 3259 τό
1105 3194 1164 3281 τῆς
1191 3191 1344 3276 δεξιᾶς’
1327 3218 1362 3260 ει
1390 3195 1437 3280 τῷ
1462 3195 1613 3282 κρατῆρι,
1641 3192 1756 3280 λέγων,
1776 3186 1910 3271 Ἕυωσις
1937 3195 1998 3260 τοῦ

631 3291 791 3382 παιαγίοο
805 3286 966 3374 σώματος,
978 3289 1273 3374 καίτοῦτιμίου”
1234 3317 1401 3414 αιμριτος,
1394 3295 1454 3360 τοῦ
1456 3291 1594 3408 κυρίου,
1608 3317 1664 3359 και
1653 3292 1766 3360 Θεοῦ
1780 3293 1836 3360 καὶ
1850 3294 1996 3382 σωτῆρος

631 3388 721 3482 ιςμῶι
745 3383 849 3481 Ἰησοῦ
877 3392 1035 3481 Χριστοῦ.
1078 3391 1150 3507 Κρί
1172 3391 1343 3482 σφραγίζει
1364 3383 1403 3459 vd
1429 3395 1489 3480 τῆς
1509 3385 1696 3507 ρ’ριστερᾶς·
1724 3385 1797 3458 εἶτα
1824 3383 1929 3478 τοίιιῳ
1950 3393 1997 3477 τῷ

633 3489 963 3611 ε’σριραγισμὲυῳ,
924 3482 963 3556 r6
991 3484 1119 3559 ι’ίλλο
1104 3484 1222 3580 η’μισυ·
1256 3493 1312 3560 καί
1344 3486 1471 3570 εὐθέως
1504 3484 1640 3580 ι’ίρχεται
1673 3490 1816 3613 μελίζειν
1848 3491 1940 3558 καί
1931 3483 1996 3578 πρὸ

632 3617 762 3662 παντων
783 3586 911 3661 διδόναι
932 3587 981 3668 εἰς
1002 3591 1137 3658 ἕκαστον
1159 3593 1304 3682 κρατῆρα
1325 3585 1433 3680 αιιλῆι
1454 3591 1564 3713 λέγων.
1589 3584 1732 3656 ‘Hennae
1754 3590 1809 3656 καί
1831 3583 1995 3712 ἡγίασται,

633 3692 691 3760 καί
710 3691 919 3760 τετελείωται
940 3686 988 3769 εἰς
1008 3681 1047 3757 τὸ
1067 3683 1170 3772 ὄνομα
1190 3693 1252 3756 τοῦ
1280 3683 1420 3780 πατρός,
1450 3689 1507 3757 καί
1526 3690 1587 3806 rori
1609 3689 1698 3769 υἱοῦ,
1725 3689 1781 3756 καί
1809 3691 1870 3756 τοῦ
1899 3685 1996 3778 αγίου

631 3783 827 3872 πνεύματος,
849 3816 906 3905 γυυ
927 3789 983 3856 καί
1004 3779 1065 3856 cel
1086 3783 1200 3857 Kci'
1179 3815 1257 3908 οταν
1278 3789 1442 3878 σφραγίζῃ
1463 3783 1520 3856 τόν
1536 3782 1633 3879 ι’ίρτοι
1654 3787 1766 3904 λέγει·
1771 3780 1871 3857 Ἰδὲι
1852 3813 1871 3855 ο
1894 3779 1996 3872 α’μιὸς

631 3892 692 3958 τοῦ
716 3882 859 3972 Θεοῦ,ι
841 3913 859 3957 ο
883 3883 954 3967 υἷος
974 3890 1037 3954 τοῦ
1038 3879 1196 4004 γτατρός,
1224 3882 1362 3978 ὁαίροιυ
1382 3883 1441 3976 τὴν
1462 3882 1626 4010 ἆμαρτίαι
1646 3889 1709 3955 τοῦ
1729 3881 1862 3971 κόσμου,
1885 3908 1995 3979 σφρα-

631 3983 830 4076 γιασθείς
811 3986 893 4078 ιυτὲρ
914 3989 972 4076 τῆς
991 4012 1050 4055 του
1073 3980 1198 4070 κόσμου
1220 3987 1314 4077 ζωῆς,
1337 3989 1393 4056 καί
1419 3987 1588 4076 σωτηρίας.
1631 3986 1703 4055 Καὶ
1730 3981 1807 4056 ὅταν
1834 3984 1977 4055 δίδω
1938 4014 1996 4076 την

630 4085 750 4177 μερίδα
771 4079 877 4174 οίιιλῆυ
906 4083 954 4164 εἷς
980 4084 1114 4154 ἕκαστον
1142 4089 1286 4200 κρατῆρα
1307 4084 1403 4176 λέγει.
1448 4089 1557 4176 Μερίς
1583 4082 1661 4174 αγία
1690 4087 1842 4177 Χριστοῦ
1868 4079 1995 4177 πλήρης

631 4179 763 4274 χάριτος
784 4185 841 4252 καὶ
864 4176 1042 4274 αληθείας,
1070 4178 1197 4278 πατρὸς
1218 4187 1273 4254 καί
1295 4181 1391 4275 οίγίοο
1412 4179 1613 4270 πνεύματος,
1641 4177 1670 4274 ᾦ
1690 4211 1711 4274 η
1702 4178 1814 4269 δόξα
1834 4188 1884 4252 κλ.
1928 4189 1994 4253 Ηοο

631 4297 678 4353 est
700 4309 741 4352 ex
762 4289 860 4354 veteri
881 4289 1140 4372 interpretatione.
1184 4291 1300 4354 Deinde
1326 4291 1479 4354 Sacerdos
1504 4291 1623 4370 frangit
1639 4310 1759 4370 ponem,
1782 4291 1994 4404 dinridiumque

630 4389 752 4464 διαλιο,
774 4390 900 4451 annuo
920 4409 995 4452 uero
1012 4389 1168 4451 dimidiam
1183 4397 1271 4466 tenet,
1293 4397 1322 4452 et
1342 4392 1423 4472 ριιοδ
1444 4398 1523 4453 tenet
1541 4409 1632 4452 ιιισιιιι
1653 4391 1774 4464 dextrae
1795 4389 1942 4468 immergit
1962 4389 1994 4449 in

631 4487 757 4548 calicem
778 4489 915 4551 diceano
943 4487 1019 4550 Unio
1045 4489 1224 4552 sanctissimi
1254 4490 1403 4570 corporis,
1425 4497 1456 4553 et
1484 4491 1610 4571 pretiosi
1638 4487 1793 4572 sanguinis
1821 4487 1940 4551 Domini
1963 4493 1994 4550 et

629 4583 689 4649 Dei
711 4603 746 4649 ac
769 4587 934 4650 servatoris
957 4589 1052 4650 nostri
1073 4586 1148 4650 Jesu
1161 4587 1282 4652 Christi.
1310 4589 1351 4653 lit
1371 4593 1472 4671 agnat
1492 4591 1526 4652 id
1545 4590 1626 4672 quod
1646 4595 1726 4650 tenet
1744 4607 1836 4649 οιαιιιι
1856 4589 1993 4663 ιίιιίιιιο,

631 4685 740 4746 dende
761 4685 819 4748 loe
840 4686 969 4766 ιίροσλο,
992 4687 1118 4748 alterum
1139 4687 1295 4750 dimidium
1322 4688 1444 4769 ιίροοιί,
1472 4689 1635 4751 aestatim
1664 4687 1770 4767 decipit
1795 4687 1942 4761 diuidere,
1965 4693 1996 4747 et

633 4790 703 4843 onte
731 4785 833 4845 omnio
861 4784 1042 4846 distribuere
1074 4787 1106 4848 ιἰι
1135 4786 1268 4866 οίιιριιλοι
1296 4787 1422 4864 οσίίοεο,
1446 4795 1565 4867 portem
1591 4805 1682 4850 ιαιοιιι
1711 4788 1824 4849 diem
1874 4784 1994 4846 Unitum

635 4887 682 4943 est
704 4888 735 4943 et
757 4881 969 4945 sanctificatum
992 4891 1024 4945 et
1046 4883 1290 4964 consummatum,
1318 4886 1349 4948 iu
1374 4887 1494 4950 nomine
1515 4887 1629 4966 Patris,
1662 4893 1693 4949 et
1718 4885 1785 4949 Filii
1811 4891 1842 4947 et
1864 4881 1993 4963 Spiritus

633 4983 740 5062 sancti,
762 4998 841 5044 nunc
864 4990 895 5046 et
916 5000 1046 5063 semper.
1089 4983 1130 5047 Et
1150 5004 1218 5048 cunr
1238 4986 1340 5068 rignut
1356 5004 1466 5066 ponem
1487 4986 1570 5051 dicit.
1602 4985 1684 5051 Ecce
1706 5002 1803 5068 agnus
1825 4982 1893 5061 Dei,
1915 4979 1993 5042 lilius
