4804 6026
731 630 780 705 18
1112 630 1289 707 otoo
1345 629 1721 709 conmodis

834 815 952 914 Operti
978 827 1055 891 sunt
1081 818 1168 890 coeli
1194 816 1373 913 splendore
1400 819 1472 909 ejus
1499 817 1664 910 glorioso,
1691 829 1726 891 et
1750 817 1848 891 laude
1876 822 1948 912 ejus
1975 819 2103 917 repleta

728 942 780 1008 cst
807 945 906 1007 terra.

831 1051 959 1144 incipit
983 1049 1129 1121 Sedrnm
1154 1048 1359 1144 generalem,
1386 1052 1593 1143 imponitque
1619 1048 1705 1138 thus,
1733 1056 1768 1120 et
1793 1051 1885 1121 dicit.

831 1166 887 1239 Ad
913 1167 1044 1238 laudem
1070 1175 1105 1236 et
1129 1165 1291 1238 honorem
1318 1166 1488 1237 Trinitatis
1516 1175 1653 1237 sanctae
1679 1175 1714 1238 et
1739 1166 1923 1258 gloriosae,
1951 1176 2101 1238 aromata

728 1287 938 1378 imponuntur
963 1304 1024 1377 per
1049 1303 1167 1354 manus
1193 1303 1286 1352 meas
1313 1285 1534 1376 peccatrices:
1567 1303 1699 1354 oremus
1733 1303 1867 1373 omues,
1897 1293 1936 1354 ct
1962 1286 2100 1355 miseri-

729 1399 890 1488 cordiam,
917 1408 952 1468 et
977 1399 1118 1490 gratiam
1146 1421 1166 1468 a
1191 1399 1335 1468 Domino
1362 1397 1577 1493 postulemus.

833 1514 1078 1607 Imponenspne
1104 1519 1272 1600 armento,
1300 1517 1422 1606 incipit
1446 1512 1594 1584 Sedrom
1617 1515 1820 1607 pecoralem.
1847 1516 2073 1587 Prooemium.

835 1629 926 1700 Laus
957 1628 1078 1700 fructui
1104 1628 1150 1701 illi
1177 1627 1404 1717 desiderabili,
1438 1631 1492 1723 qui
1525 1651 1572 1700 ex
1598 1631 1672 1702 sinu
1702 1630 1858 1722 virginali
1885 1635 2101 1722 germinavit:

730 1756 764 1818 et
790 1749 985 1818 memoriam
1013 1747 1182 1838 genitricis
1211 1766 1292 1818 suae
1305 1743 1541 1836 magnificavit,
1568 1766 1815 1841 perennemque
1840 1746 1937 1819 iecit:
1964 1745 2101 1820 illiDo-

729 1865 818 1935 mino
847 1861 1034 1949 adorando,
1070 1863 1163 1952 cujus
1196 1859 1358 1953 gloriam,
1393 1859 1515 1933 festum
1549 1871 1737 1933 sanctorum
1771 1883 1905 1935 suorum
1941 1873 1975 1934 et
2009 1862 2102 1936 chori

686 1977 691 1985 ’
730 1999 844 2050 eorum
877 1981 961 2049 inter
998 1987 1169 2049 creatruas
1204 1976 1393 2049 celebrant:
1433 1975 1478 2046 illi
1513 1980 1595 2048 vivo
1629 1987 1663 2048 et
1694 1978 1892 2066 vivificanti,
1931 1983 1986 2072 qui
2012 2002 2100 2052 voce

731 2117 792 2167 sua
818 2092 964 2187 benigna
991 2102 1140 2166 mortuos
1167 2095 1315 2182 suscitat,
1343 2101 1377 2162 et
1403 2113 1515 2164 secum
1542 2091 1710 2184 ingloria
1737 2114 1798 2166 sua
1821 2095 1987 2187 jucunda,
2023 2096 2100 2168 lae-

730 2197 847 2298 tificat3
886 2230 983 2304 quem
1018 2209 1129 2296 decet,
1164 2217 1231 2279 etc.

834 2324 959 2396 Sedre.
984 2323 1176 2399 Adoramus
1204 2333 1248 2414 te,
1276 2332 1311 2394 et
1336 2323 1531 2396 confitemur
1555 2322 1614 2395 tibi
1642 2335 1775 2396 creator
1800 2326 1922 2414 mundi,
1950 2339 1984 2399 et
2011 2352 2100 2401 con-

729 2441 816 2515 ditor
828 2451 1064 2529 creaturarum,
1081 2439 1179 2512 radix
1193 2439 1381 2530 benedicta,
1397 2463 1483 2534 quae
1499 2444 1700 2532 germinavit
1718 2451 1753 2513 et
1767 2443 1915 2515 ascendit
1942 2444 1984 2516 de
2010 2454 2100 2518 terra

730 2561 851 2631 sitienti
883 2556 1006 2644 Maria,
1039 2565 1074 2627 et
1096 2547 1235 2652 'repleta
1267 2559 1319 2628 ‘est
1350 2559 1457 2628 omnis
1490 2567 1644 2628 creatura
1683 2556 1789 2630 odore
1821 2563 1994 2633 suavitatis
2026 2564 2099 2653 ejus

730 2670 938 2769 praeclarae,
966 2675 1022 2767 qui
1047 2671 1174 2767 expulit
1198 2671 1363 2744 foetorem
1383 2681 1510 2744 tetrum
1523 2675 1710 2767 impietatis,
1737 2697 1784 2745 ex
1804 2678 2011 2771 omniparte,
2038 2699 2100 2773 per

732 2789 914 2860 doctrinam
941 2809 1035 2860 suam
1061 2786 1279 2883 praeclaram.
1334 2787 1508 2862 Oderimus
1539 2809 1653 2860 coram
1684 2799 1718 2861 te
1750 2795 1922 2862 incensum
1952 2791 2018 2864 hoc
2058 2792 2101 2865 ad

732 2903 974 2979 similitudinem
999 2904 1117 2976 Aaron
1144 2903 1337 2976 Sacerdotis
1363 2904 1565 2992 venerandi,
1601 2908 1655 2999 qui
1688 2903 1804 2976 obtulit
1837 2905 1895 2977 tihi
1929 2911 2100 2983 incensum

729 3043 847 3116 purum
873 3025 907 3092 in
934 3019 1148 3093 tabernaculo
1181 3018 1367 3115 temporali,
1399 3031 1433 3092 et
1463 3020 1629 3116 prohibuit
1658 3021 1891 3095 mortalitatem
1924 3047 1944 3094 a
1975 3024 2099 3120 populo

728 3135 845 3210 lsrael.
897 3135 991 3207 Ecce
1023 3136 1239 3209 obsecramus
1276 3146 1307 3207 te
1339 3136 1482 3208 Domine
1513 3137 1618 3224 Deus,
1651 3139 1785 3232 suscipe
1816 3141 1988 3211 incensum
2014 3141 2101 3214 istud

730 3261 913 3324 aromatum
941 3252 1029 3348 quod
1057 3251 1152 3325 oiiert
1184 3251 1242 3325 tibi
1274 3257 1415 3324 tenuitas
1446 3262 1577 3340 nostra,
1611 3274 1672 3349 pro
1705 3263 1820 3326 sancta
1847 3259 2010 3346 genitrice
2035 3259 2100 3330 Dei

734 3367 859 3440 illaria:
887 3391 949 3463 pro
975 3379 1070 3464 patre
1096 3379 1211 3441 nostro
1239 3369 1383 3457 Adamo,
1411 3377 1444 3439 et
1470 3377 1576 3440 matre
1602 3367 1824 3442 nostraEva:
1850 3393 1913 3467 pro
1941 3372 2100 3468 Prophe-

731 3487 774 3557 tis
801 3495 835 3556 et
859 3485 1050 3581 Apostolis:
1077 3508 1139 3581 pro
1165 3489 1230 3582 piis
1257 3495 1291 3557 ct
1313 3487 1426 3577 justis:
1452 3507 1515 3580 pro
1541 3483 1746 3580 Martyribus
1761 3495 1795 3556 et
1820 3486 2099 3560 confessoribus:

730 3623 793 3697 pro
825 3601 980 3675 Patribus
1012 3605 1153 3691 sanctis,
1188 3602 1382 3674 Pastoribus
1424 3604 1535 3691 veris,
1571 3608 1605 3671 et
1634 3601 1837 3677 Doctoribus
1878 3603 2100 3676 Orthodoxis:

729 3739 791 3814 pro
818 3717 973 3790 divitibus
1001 3729 1035 3790 et
1059 3717 1276 3815 pauperibus:
1308 3739 1371 3813 pro
1398 3715 1553 3811 orphanis
1585 3727 1618 3788 et
1650 3716 1772 3789 viduis:
1804 3741 1866 3813 pro
1902 3723 2098 3810 angustiatis

731 3841 764 3905 et
800 3833 948 3907 aillictis:
980 3857 1043 3930 pro
1076 3834 1211 3906 intinnis
1249 3841 1283 3904 et
1319 3832 1435 3905 dolore
1467 3837 1657 3928 oppressis,
1692 3842 1726 3904 et
1756 3857 1818 3930 pro
1852 3835 2006 3907 omnibus
2043 3838 2099 3930 qui

730 3948 885 4020 dixerunt
911 3961 945 4022 et
969 3959 1212 4046 praeceperunt
1237 3949 1348 4037 nobie,
1374 3958 1410 4020 ut
1435 3971 1551 4020 eorum
1579 3969 1746 4020 memores
1774 3971 1924 4022 essemus
1951 3953 1984 4022 iu
2013 3973 2097 4023 ora-

730 4066 872 4139 tionibus
899 4077 933 4137 et
959 4065 1130 4139 sacrificiis
1158 4066 1200 4138 ad
1227 4073 1272 4155 te,
1300 4064 1432 4137 Christe
1459 4063 1552 4138 Deus
1579 4074 1704 4136 noster.
1731 4064 1840 4137 Etiam
1866 4089 1928 4162 pro
1949 4070 2038 4138 vivis
2066 4077 2099 4139 et

732 4181 910 4274 defunctis,
947 4192 981 4254 et
1013 4205 1076 4279 pro
1116 4187 1233 4279 requie
1264 4185 1445 4254 animarum
1481 4180 1610 4254 illorum
1649 4185 1682 4278 in
1718 4180 1904 4254 Jerusalem
1941 4183 2098 4257 coelesti:

731 4299 939 4394 gloriamque
966 4309 1000 4372 ct
1029 4298 1190 4371 honorem
1231 4309 1264 4372 et
1305 4299 1533 4372 adorationem
1570 4295 1755 4370 referemus
1787 4297 1846 4370 tibi
1876 4299 2034 4387 Domine,
2067 4309 2100 4371 et

730 4393 822 4487 Parii
848 4426 904 4488 tuo
933 4427 966 4488 et
992 4416 1127 4513 Spiritui
1152 4425 1209 4488 tuo
1237 4425 1365 4505 sancto,
1392 4437 1490 4504 nunc,
1518 4425 1580 4486 etc.

834 4535 976 4626 Accipit
1000 4538 1180 4620 incensum,
1208 4538 1242 4603 et
1267 4532 1422 4603 ascendit
1446 4532 1494 4602 od
1517 4531 1659 4626 predum
1681 4531 1814 4617 atteris,
1842 4536 1877 4600 et
1902 4529 2014 4621 eleuet
2038 4533 2099 4601 in-

731 4673 875 4738 censam,
901 4671 1004 4742 super
1028 4651 1190 4741 mysterio
1215 4671 1332 4718 ceruos
1360 4648 1542 4736 Orientem,
1569 4648 1727 4740 dicitpne.

833 4764 944 4862 Super
970 4767 1140 4836 incensum
1167 4772 1358 4850 aromatum,
1387 4767 1430 4834 sit
1455 4767 1615 4834 memoria
1633 4762 1781 4854 Virginis
1801 4761 1929 4834 Mariae
1955 4764 2099 4854 genitri-

731 4884 780 4954 cis
807 4883 880 4952 Dei.
933 4881 992 4950 Ad
1019 4880 1242 4951 Occidentem.
1295 4878 1405 4974 Super
1432 4882 1601 4952 incensum
1629 4884 1828 4966 aromatum,
1864 4880 1916 4952 sit'
1940 4880 2099 4950 memoria

731 4994 989 5092 Prophetarum,
1022 4994 1283 5092 Apostolorum,
1318 5005 1352 5066 et
1383 4995 1569 5092 Martyrum
1600 5004 1798 5068 sanctorum.
1855 4995 1915 5065 Ad
1946 4994 2100 5088 Septen-

731 5117 884 5183 trionem.
937 5113 1046 5207 Super
1072 5115 1243 5184 incensum
1270 5121 1473 5204 aromatum,
1500 5115 1543 5184 sit
1563 5114 1723 5185 memoria
1738 5113 1941 5204 Doctorum,
1968 5111 2099 5184 Sacer-
