4730 6038
607 517 682 591 358
1108 516 1467 594 LITURGIA

534 735 538 744 ¹
604 705 697 777 lecti:
725 703 800 776 Filii
826 707 872 774 tui
900 703 1048 799 aequalis
1074 702 1134 775 tibi
1160 706 1336 797 unigeniti,
1364 701 1418 799 qui
1446 713 1498 776 ast
1524 702 1638 777 similis
1664 702 1744 793 tibi,
1771 712 1805 774 et
1831 725 1977 799 persona

605 843 651 892 ex
687 819 871 892 substantia
905 830 976 892 tua:
1008 819 1113 892 Filius
1147 819 1346 914 'praeclarus
1382 822 1565 912 majestatis
1604 829 1700 899 tuae:
1741 821 1854 894 oriens
1891 821 1976 894 lucis

605 946 699 1024 tuae,
727 947 761 1008 et
787 934 943 1032 splendor
968 939 1055 1028 ignis
1083 937 1148 1023 tui,
1174 957 1313 1028 germen
1340 934 1471 1028 gloriae
1496 944 1592 1026 tuae,
1620 947 1654 1008 et
1679 939 1789 1030 imago
1813 935 1976 1009 substan-

526 1119 528 1124 .
603 1056 671 1124 tiae
697 1060 794 1141 tuae‚
822 1055 1030 1147 omnipotens
1056 1054 1179 1124 virtute
1204 1049 1301 1124 verbi
1327 1053 1390 1123 tui:
1417 1053 1473 1147 qui
1498 1049 1540 1124 ab
1568 1061 1705 1124 aeterno
1733 1073 1779 1124 ax
1812 1061 1846 1123 te
1872 1055 1976 1144 geni-

604 1179 656 1240 tus
684 1178 752 1258 est,
781 1178 814 1240 et
840 1168 967 1262 absque
993 1169 1101 1239 initio:
1129 1177 1247 1262 estque
1273 1177 1383 1240 tecum
1409 1166 1668 1240 substantialiter
1694 1175 1728 1238 et
1743 1166 1872 1261 absquo
1897 1167 1976 1259 bne,

603 1285 636 1352 in
664 1306 728 1376 quo
756 1291 790 1353 et
815 1306 877 1378 per
904 1305 1000 1378 quem
1027 1285 1184 1355 creavisti
1211 1282 1365 1356 mundum
1391 1304 1452 1379 per
1478 1286 1619 1375 gratiam
1652 1293 1750 1358 tuam
1802 1281 1876 1356 Nos
1903 1285 1976 1377 igi-

603 1408 656 1470 tur
682 1397 825 1471 Domine
851 1411 884 1472 te
911 1411 944 1472 et
977 1397 1067 1470 illum
1102 1409 1136 1470 et
1166 1399 1322 1494 Spiritum
1356 1411 1504 1472 sanctum
1542 1398 1737 1488 adoramus,
1770 1397 1974 1489 confitemur,

604 1525 638 1585 et
663 1513 908 1606 glorificamuS‚
937 1518 1010 1610 quia
1038 1525 1073 1586 tu
1098 1536 1182 1586 unus
1209 1536 1247 1587 es
1275 1513 1445 1610 tripliciter
1473 1514 1600 1610 absque
1628 1514 1803 1587 divisione.

707 1630 881 1702 Sacerdos
916 1631 1052 1703 elevans
1087 1652 1212 1702 rocem.
1267 1630 1383 1705 Gloria
1418 1631 1476 1703 tibi
1511 1631 1657 1705 Domina
1691 1653 1753 1726 per
1786 1629 1975 1705 Ecclesiam

603 1758 713 1835 taam,
750 1769 847 1839 quam
882 1745 1070 1819 illuminasti
1098 1746 1140 1818 ad
1175 1745 1409 1841 praestandam
1441 1744 1499 1818 tibi
1534 1747 1779 1821 adorationem:
1812 1747 1884 1820 laus
1917 1745 1975 1818 tibi

603 1860 760 1934 reddatur
785 1885 847 1957 per
877 1886 937 1936 ora
965 1885 1051 1959 quae
1077 1885 1200 1935 novam
1227 1885 1288 1957 per
1314 1860 1462 1934 Verbum
1489 1873 1579 1934 tuum
1606 1862 1798 1954 dignitatem
1825 1885 1975 1959 accepe-

471 2073 476 2090 Ι
603 1989 694 2051 runt:
721 1989 856 2053 sanctus
883 1979 1003 2053 dicaris
1031 1977 1072 2050 ab
1101 1977 1273 2050 immundis
1300 1976 1364 2052 illis
1392 1981 1448 2073 qui
1473 1978 1624 2076 hyssopo
1652 1987 1707 2049 tuo
1734 1982 1866 2073 purgati
1881 1989 1974 2067 suut;

603 2120 671 2169 non
699 2094 787 2191 quod
813 2094 1054 2188 glorificatione
1070 2104 1183 2168 nostra
1200 2094 1436 2186 magnificeris,
1464 2104 1520 2166 aut
1534 2094 1622 2189 quod
1640 2096 1823 2185 gratiarum
1842 2096 1974 2165 actione

604 2235 666 2286 seu
693 2209 906 2284 confessione
928 2219 1056 2298 nostra,
1082 2232 1237 2308 magnum
1266 2209 1387 2304 aliquid
1414 2207 1472 2281 tibi
1491 2210 1638 2282 accedat.
1691 2209 1777 2280 Sunt
1802 2211 1889 2280 enim
1916 2209 1975 2281 tibi

603 2331 637 2398 in
664 2323 767 2399 coelis
794 2328 966 2400 coelorum
991 2324 1179 2400 laudatores
1207 2324 1334 2420 absque
1360 2348 1515 2402 numero:
1538 2329 1697 2419 juventus
1723 2323 1831 2396 lucida
1857 2332 1891 2395 et
1915 2327 1974 2396 in-

604 2442 773 2532 deficiens,
800 2445 968 2515 exercitus
995 2442 1162 2515 coelestes
1189 2445 1245 2535 qui
1270 2440 1445 2537 praeclare
1472 2445 1652 2516 essentiam
1666 2453 1756 2514 tuam
1769 2439 1974 2533 glorificant:

604 2561 738 2650 agmina
764 2557 873 2629 lueida
901 2580 986 2654 quae
1012 2579 1133 2649 magna
1167 2579 1256 2630 voce
1287 2556 1429 2652 hymnos
1457 2559 1499 2630 ad
1534 2562 1677 2630 invicem
1704 2566 1839 2644 carrum,
1872 2557 1975 2630 millia

605 2661 763 2764 millium,⁴
783 2684 817 2745 et
842 2672 1011 2770 myriades
1038 2672 1240 2768 myriadum,
1269 2696 1354 2767 quae
1380 2697 1496 2748 coram
1522 2685 1556 2746 ta
1583 2675 1766 2746 consistunt
1793 2682 1828 2743 et
1851 2695 1975 2746 nomen

604 2799 754 2863 sanctum
781 2800 867 2860 mum
896 2790 1052 2863 adorant:
1080 2792 1185 2863 series
1212 2789 1429 2882 longissimae
1455 2795 1542 2884 ignis
1569 2790 1781 2864 devorantis:
1816 2791 1870 2882 qui
1903 2789 1974 2887 hy-

603 2926 700 2978 mnos
737 2903 867 2997 gloriae
902 2908 1067 2999 majestati
1102 2916 1180 2978 tuae
1221 2903 1376 2996 oderunt3
1415 2910 1558 2980 virtutes
1593 2904 1803 2988 admirabiles
1831 2905 1974 3000 Spiritus

603 3019 829 3111 vehementis,
856 3044 942 3117 quae
968 3021 1218 3095 benedictiones
1244 3025 1372 3095 mittunt
1398 3025 1473 3096 illuc
1499 3022 1557 3096 ubi
1588 3045 1644 3096 as:
1676 3022 1829 3115 legiones
1864 3042 1973 3092 exer-

603 3141 725 3208 cituum
750 3134 1000 3224 flammantium,
1028 3160 1115 3234 quae
1148 3137 1264 3212 laudes
1299 3150 1420 3212 canunt
1454 3150 1595 3213 naturae
1627 3148 1704 3210 tuae
1736 3136 1973 3210 absconditae:

604 3256 761 3349 strepitus
787 3264 953 3344 rotarum,
978 3273 1152 3348 vocesque
1180 3252 1356 3327 Cherubim
1385 3259 1440 3350 qui
1466 3256 1606 3349 gloriam
1639 3265 1728 3326 tuam
1759 3250 1973 3325 benedictio-

602 3367 700 3441 nibus
733 3381 997 3466 prosequuntur:
1031 3381 1147 3442 coetus
1180 3368 1354 3466 Seraphim
1388 3376 1443 3466 qui
1482 3394 1568 3444 sono
1602 3369 1727 3442 alarum
1753 3388 1902 3457 suarum,
1941 3380 1974 3440 et

603 3485 720 3580 plausu
753 3489 851 3558 suavi
885 3485 1017 3558 volatus
1051 3489 1119 3575 sui,
1153 3490 1282 3560 cantica
1316 3487 1504 3561 dulcissima
1532 3489 1697 3561 sanctitati
1732 3493 1809 3556 tuae
1842 3495 1973 3574 canunt,

604 3599 718 3674 oribus
744 3605 845 3694 igneo
873 3601 1013 3692 ardore,
1040 3612 1073 3674 et
1097 3600 1195 3674 labiis
1223 3602 1404 3678 carbonum
1429 3608 1534 3677 instar
1564 3601 1793 3691 inflammatis„
1825 3601 1973 3698 triplices

588 3716 881 3820 ‘sanctificationes
906 3717 1102 3807 inclamant,
1128 3717 1356 3791 vociferantur
1382 3729 1417 3792 ct
1442 3719 1561 3792 dicunt.

581 3903 584 3912 y
706 3833 867 3927 Papulae.
921 3833 1074 3906 Sanctus.

706 3949 882 4021 Sacerdos
908 3949 1099 4022 inclinatos.
1151 3950 1266 4024 Voces
1293 3949 1471 4023 Cherubim
1497 3950 1640 4026 Domine
1667 3949 1860 4022 Trinitatem
1881 3959 1971 4021 tuam

604 4065 788 4161 explicant:
816 4076 849 4137 et
875 4069 1156 4158 congregationes
1184 4065 1356 4162 Seraphim
1376 4065 1604 4140 absconditam
1622 4076 1772 4138 naturam
1793 4077 1882 4138 tuam
1902 4066 1970 4139 be-

603 4181 775 4254 nedicunt:
803 4181 937 4256 ordines
963 4182 1172 4276 Angelorum
1192 4180 1411 4256 substantiam
1425 4194 1513 4255 tuam
1531 4181 1758 4256 admirabilem
1773 4181 1969 4274 glorificant.
2051 4265 2058 4272 ,

605 4295 720 4370 Gloria
746 4295 822 4387 cibi,
850 4300 906 4394 qui
931 4319 1038 4392 genus
1067 4307 1217 4371 nostrum
1243 4301 1351 4392 matie
1385 4309 1441 4370 tna
1476 4296 1689 4391 magnificas3
1723 4301 1827 4370 misce
1861 4319 1969 4371 voces

603 4423 736 4488 nostras
762 4423 915 4513 terrenas
942 4437 1017 4487 eum
1042 4414 1173 4512 hymnis
1208 4413 1403 4489 coelestium
1430 4397 1596 4487 ordinum.
1649 4415 1701 4486 'i'u
1735 4415 1876 4487 Domine
1909 4437 1969 4510 per

602 4532 834 4604 miserationes
861 4540 934 4604 tuas
960 4551 1119 4624 magnas,
1146 4534 1262 4604 misisti
1288 4531 1330 4603 ad
1356 4553 1418 4606 nos
1445 4530 1657 4604 Salvatorem
1682 4542 1719 4631 et
1743 4530 1969 4620 liberatorem,

603 4649 805 4740 unigenitum
832 4645 950 4718 Filium
976 4656 1066 4718 tuum
1093 4646 1263 4721 dilectum:
1291 4650 1346 4743 qui
1370 4645 1464 4722 ortus
1492 4658 1544 4721 est
1569 4669 1616 4719 ox
1642 4657 1675 4721 te
1701 4647 1862 4740 oVirgo‚
1889 4657 1968 4718 tan-

489 4845 496 4860 *
604 4785 701 4856 quam
727 4761 840 4834 radius
867 4784 913 4834 ex
938 4762 1013 4832 luca
1039 4766 1072 4834 in
1099 4763 1197 4837 oculo
1223 4786 1308 4860 puro
1335 4763 1507 4856 affulgens.
1558 4762 1703 4860 Accepit
1728 4761 1969 4836 similitudinem

603 4879 697 4948 servi
723 4899 769 4948 ex
794 4885 889 4949 utero
917 4887 1053 4969 sancto,
1080 4902 1155 4951 cum
1180 4902 1265 4952 vere
1291 4882 1334 4953 sit
1360 4879 1535 4952 similitudo
1551 4881 1734 4972 majestatis
1749 4889 1842 4951 tuac:
1868 4877 1968 4952 homo

601 4991 707 5068 iactus
734 5001 788 5066 est
813 4995 995 5089 sicutipse
1022 4994 1144 5088 voluit,
1169 5007 1205 5068 ut
1230 4994 1357 5069 facerat
1381 5019 1445 5071 nos
1471 4997 1586 5088 Deos,
1613 4994 1888 5093 quemadmodum
1906 4996 1969 5091 ipsi
