4784 6040
640 646 717 721 378
1145 645 1505 724 blPUllGlb

639 844 726 905 tuae.
779 833 858 908 Non
885 841 1020 906 avertas
1047 833 1173 904 vultum
1199 841 1288 904 tuum
1316 830 1471 920 anobis,
1498 854 1608 928 neque
1625 834 1740 926 ejicias
1767 853 1831 905 nos
1859 832 1901 906 eb
1931 834 2012 908 ovili

639 957 713 1020 tuo:
742 953 819 1043 quia
845 957 900 1020 tua
929 958 981 1020 est
1007 946 1230 1035 excellentia,
1262 945 1370 1038 gloria
1404 958 1438 1018 et
1470 969 1625 1040 regnum,
1663 949 1825 1045 simulque
1852 953 2013 1042 unigeniti

638 1064 713 1134 Filii
745 1068 792 1135 tui
834 1075 868 1135 et
901 1062 1044 1158 Spiritus
1080 1065 1144 1149 tui,
1185 1084 1247 1157 per
1281 1084 1378 1156 quem
1418 1072 1453 1134 et
1485 1087 1561 1135 cum
1594 1086 1659 1158 quo
1693 1076 1726 1136 te
1762 1063 1860 1136 decet
1892 1063 2012 1156 gloria,

638 1177 746 1252 bonor
772 1187 807 1250 et
832 1181 1082 1274 potentiacum
1108 1178 1233 1273 Spiritu
1260 1187 1317 1250 tuo
1345 1180 1564 1253 sanctissimo.

744 1293 930 1366 Sacerdos.
984 1293 1066 1365 Pax.

742 1409 905 1501 Populus.
955 1407 1001 1479 m
1026 1429 1102 1481 cum
1128 1410 1244 1504 spiritu
1269 1417 1337 1480 tuo.

741 1523 931 1595 Diaconos.
984 1525 1086 1611 Ante,
1112 1533 1176 1594 etc.

742 1641 904 1733 Popalaa.
958 1638 1080 1712 Coram
1109 1649 1142 1711 te
1168 1642 1322 1713 Domine.

743 1753 929 1827 Sacerdos.
988 1754 1032 1826 Et
1066 1754 1226 1850 populum
1252 1753 1388 1826 bdemm
1421 1754 1508 1826 hunc
1545 1765 1635 1828 tunm
1670 1755 1812 1827 Domine
1844 1757 1900 1848 qui
1937 1777 2011 1826 cum

639 1871 817 1943 bumilitate
851 1875 991 1962 mentis,
1027 1875 1195 1943 cervicem
1229 1892 1321 1943 suam
1360 1871 1496 1941 incbrrat
1533 1893 1648 1944 coram
1681 1870 1910 1943 misericordie
1943 1879 2013 1960 tua,

639 1995 863 2081 expectatque
891 1987 979 2058 dona
1006 1996 1061 2057 tua
1090 1985 1300 2075 abundantia,
1326 1985 1468 2058 benedic
1495 1986 1635 2058 dexteru
1662 1997 1718 2058 tua
1744 1986 2011 2058 benedictionum

637 2099 753 2192 feraci,
780 2111 816 2172 ut
831 2100 872 2172 ab
895 2105 984 2172 omni
1001 2100 1078 2173 labe
1106 2113 1140 2174 et
1166 2101 1296 2173 manua
1323 2104 1452 2195 peccati
1479 2103 1636 2191 mundati,
1664 2102 1864 2196 corporique
1892 2112 2009 2174 sancto

639 2226 673 2288 et
699 2220 852 2308 sanguini
873 2217 987 2288 divino
1008 2216 1130 2289 Christi
1148 2220 1194 2287 tui
1220 2221 1511 2306 communicantes,
1537 2218 1666 2309 laudes,
1692 2217 1847 2313 hymnos,
1874 2227 1908 2288 et
1927 2218 2010 2310 glo-

638 2330 854 2414 rificationem
889 2353 975 2426 quae
1003 2330 1096 2403 diviti
1122 2331 1372 2403 misericordiae
1404 2341 1481 2404 tuae
1513 2332 1691 2426 debentur,
1722 2332 1906 2404 referamus
1940 2329 2010 2418 tibi,
2089 2421 2093 2426 Ι

637 2445 846 2540 gloriamque
873 2457 907 2528 et
932 2449 1115 2538 gratiarum
1149 2449 1335 2536 actionem,
1372 2449 1534 2542 simulque
1568 2452 1738 2541 unigenito
1769 2447 1855 2520 Filio
1887 2456 1943 2519 tuo
1976 2455 2012 2517 et

638 2561 775 2656 Spiritui
802 2569 919 2633 sancto
947 2570 1016 2632 tuo.

741 2674 926 2748 Sacerdos.
978 2677 1065 2748 Pax.

742 2789 903 2881 Populus.
956 2789 1000 2862 Et
1026 2812 1100 2862 cum
1127 2792 1244 2885 spiritu
1270 2799 1336 2861 tuo.

740 2904 929 2976 Diaconos.
981 2904 1213 2979 Misericordia
1239 2904 1304 2976 Dei
1330 2908 1387 2994 sit,
1414 2915 1478 2978 etc.

740 3018 926 3091 Sacerdos.
980 3021 1106 3096 Sancta
1132 3020 1275 3092 Sanctis.

740 3135 903 3228 Populus.
960 3134 1053 3209 Unus
1079 3135 1180 3207 Pater
1207 3147 1353 3208 sancius.

740 3252 928 3323 Diaconos.
982 3251 1116 3323 Stemus
1143 3251 1310 3322 decenter.

740 3367 901 3460 Papulae.
956 3365 1170 3448 confitemur.

864 3652 1041 3723 Sacerdos
1067 3652 1152 3722 dicit
1179 3652 1377 3724 oratiam
1402 3656 1594 3748 prcrtiaram
1620 3656 1778 3725 actionis.

741 3839 927 3911 Gratiarum
965 3842 1132 3912 actionem
1166 3840 1311 3914 debitam
1343 3803 1404 3914 tibl
1433 3840 1527 3913 Deus
1562 3842 1744 3930 oderimus,
1782 3850 1817 3913 et
1848 3846 2007 3916 continuo

636 3964 792 4050 quantum
817 3954 915 4027 nobis
942 3953 1036 4043 licet,
1070 3955 1248 4028 secundum
1277 3957 1416 4028 odicium
1442 3967 1609 4046 nostrum,
1643 3956 1765 4050 linguis
1795 3979 1864 4032 non
1892 3961 2007 4030 conti-

636 4068 848 4143 cescentibus
876 4072 934 4143 tibi
961 4071 1173 4163 confitemur,
1200 4081 1353 4168 petentes
1381 4097 1400 4145 a
1427 4083 1478 4162 te,
1504 4073 1598 4146 Deus
1624 4084 1759 4166 noster,
1786 4083 1820 4145 ut
1846 4077 2009 4170 mysteria

525 4195 528 4202 '
635 4183 719 4257 baec
746 4197 862 4259 sancta
889 4209 976 4282 quae
1002 4191 1221 4283 suscepimus,
1252 4188 1316 4260 sint
1340 4189 1438 4260 nobis
1465 4187 1508 4261 ad
1533 4192 1765 4264 remissionem
1791 4202 2008 4285 peccatorrun

635 4310 670 4372 et
696 4303 919 4397 expiationem
946 4302 1152 4392 delictorum,
1183 4303 1284 4375 etad
1313 4308 1565 4378 excusationem
1591 4327 1705 4377 coram
1733 4304 1818 4380 solio
1845 4314 1902 4378 tuo
1929 4315 2006 4378 ter-

634 4415 739 4505 ribili,
771 4421 1001 4511 pergratiam
1028 4429 1061 4490 et
1087 4419 1364 4507 misericordiam,
1400 4443 1615 4516 amoremque
1642 4443 1725 4513 erga
1750 4420 1899 4494 homines
1925 4424 2007 4494 uni-

634 4534 736 4624 geniti
763 4534 820 4622 toi,
848 4536 992 4627 quinos
1018 4533 1178 4622 vivificat,
1207 4557 1281 4607 cum
1309 4536 1434 4633 Spiritu
1460 4548 1517 4609 tuo
1545 4539 1767 4611 sanctissimo.

735 4646 919 4719 Sacerdos.
973 4650 1056 4720 Pax.

738 4761 900 4857 Papulae.
953 4763 1098 4837 Etcum
1125 4769 1241 4861 spiritu
1268 4776 1335 4839 tuo.

737 4879 924 4951 Diaconos.
978 4883 1060 4954 Post
1086 4886 1343 4978 susceptionem.

735 4992 919 5067 Sacerdos.
954 4995 1078 5070 Coram
1107 5007 1141 5069 te
1156 4997 1301 5070 Domine
1317 4999 1521 5088 misericors,
1548 4999 1743 5072 inclinamus
1771 4997 1858 5070 colla
1877 5009 2005 5086 nostra,

633 5120 667 5181 et
693 5109 807 5205 populi
833 5114 879 5181 tui
905 5110 1029 5185 lidebs:
1058 5113 1208 5186 concede
1236 5112 1388 5187 omnibus
1414 5115 1522 5204 nobis,
1551 5138 1572 5189 o
1599 5114 1758 5205 clemens,
1791 5113 2007 5212 concordiam
