4814 6060
689 549 768 623 aso
1196 543 1556 652 urlrunora

687 737 844 809 remissio
879 689 986 807 dmnis
1023 735 1260 824 cujuscumque
1302 733 1438 821 generis
1473 732 1619 826 peccati:
1662 726 1826 802 abstersio
1863 729 2067 802 maculamm

688 853 854 938 omnium,
891 871 937 920 ex
969 849 1117 943 peccatis
1152 868 1215 941 per
1240 848 1463 937 ignorantiam
1491 846 1697 933 commissis,
1732 847 1871 938 ejusque
1902 843 2065 918 beneficio

688 986 930 1062 praeparemur
956 964 998 1035 ad
1024 962 1179 1034 standum
1205 962 1333 1056 absque
1359 961 1488 1055 pudore
1509 983 1625 1032 coram
1652 959 1739 1032 solio
1767 969 1838 1048 tuo,
1864 962 2066 1034 invitemur·-

689 1103 755 1175 que
783 1080 824 1151 ad
851 1078 1073 1151 babitaculum
1100 1075 1177 1149 illud
1204 1076 1354 1166 beatum,
1381 1069 1417 1148 'et
1442 1081 1545 1148 vitam
1573 1087 1753 1149 aeternam.

795 1194 958 1287 Populus.
1011 1195 1132 1268 Amen.

794 1310 971 1381 Sacerdos
997 1309 1191 1380 inclinatas.
1244 1308 1418 1400 Rogamus
1455 1317 1488 1378 te
1514 1307 1659 1380 Domine
1685 1310 1797 1397 Deua,
1834 1311 1888 1404 qui
1925 1310 2067 1403 suscipis

690 1428 855 1504 sacrilicia
882 1429 1038 1522 mystica,
1066 1427 1201 1518 suscipe
1228 1424 1426 1496 sacrificium
1453 1421 1645 1495 bocvivum
1674 1433 1707 1495 et
1733 1429 1952 1513 incruentum,
1980 1422 2068 1518 quod

691 1543 860 1617 ollerimus
888 1541 931 1612 ad
957 1540 1119 1612 bonorem
1151 1541 1335 1629 majestatis
1363 1549 1452 1628 tuae,
1481 1550 1515 1611 et
1540 1539 1760 1612 reconciliare
1795 1563 1857 1636 per
1888 1538 1967 1611 illud
1993 1539 2067 1610 Ec-

690 1659 817 1732 clesiae
845 1667 995 1746 sanctae,
1024 1677 1109 1750 quae
1135 1677 1197 1750 per
1223 1647 1418 1727 universum
1445 1655 1561 1727 orbem
1590 1659 1693 1751 siper
1718 1677 1840 1728 nomen
1865 1665 1955 1726 tuum
1982 1677 2067 1728 san-

691 1785 780 1847 ctum
806 1772 940 1844 lundata
968 1783 1002 1844 et
1027 1771 1095 1842 lixa
1123 1780 1184 1842 est.
1220 1769 1387 1843 Confirma
1414 1770 1575 1842 Pastores
1603 1774 1676 1863 ejus
1703 1770 1918 1844 Ortbodoxos
1945 1775 2068 1844 virtute

692 1903 760 1978 tua,
788 1897 823 1959 ut
849 1896 990 1984 pascant
1016 1908 1090 1957 eam
1117 1886 1310 1981 prudenter,
1346 1907 1416 1956 non
1441 1907 1615 1981 perverse.
1668 1886 1797 1958 Decem
1825 1889 1897 1978 ejus
1933 1887 2068 1960 ordines

690 2005 817 2078 bonora
846 2025 907 2098 per
933 2001 1166 2073 abundantiam
1195 1999 1318 2072 multae
1345 1999 1598 2073 misericordiae
1623 2012 1711 2089 tuae,
1739 2011 1773 2074 et
1799 2023 1882 2093 erga
1908 2023 1964 2073 me
1988 2002 2068 2074 infi-

690 2142 780 2192 mum
807 2119 932 2215 pelago
959 2118 1119 2189 malorum
1146 2119 1355 2207 immersum,
1384 2116 1575 2188 demonstra
1602 2120 1744 2208 gratiam
1770 2128 1875 2207 tuam,
1902 2127 1936 2189 et
1961 2121 2068 2190 mise-

691 2238 841 2308 rationes
868 2244 947 2305 tuac
976 2233 1135 2325 adjuvent
1160 2255 1225 2320 me,
1253 2255 1328 2304 cum
1356 2232 1508 2304 omnibus
1533 2231 1607 2305 filiis
1623 2232 1801 2305 Ecclesiae
1828 2242 1905 2305 tuae
1921 2243 2068 2326 sanctae.

796 2351 948 2422 nteeure
980 2370 1106 2419 aecem.
1159 2348 1214 2420 Ab
1249 2345 1313 2418 bac
1347 2350 1445 2418 etiarn
1472 2346 1628 2418 Ecclesia
1656 2359 1711 2422 tua
1738 2358 1855 2422 sancta
1881 2372 1979 2444 pam
2006 2372 2070 2420 ac-

692 2468 859 2561 quisivisti
885 2465 1222 2555 sanguineunigeuiti
1245 2467 1302 2550 tui,
1330 2465 1431 2557 quiin
1446 2461 1613 2554 Golgotba
1642 2463 1766 2537 effusus
1794 2475 1857 2556 est,
1885 2475 1919 2537 et
1945 2485 2069 2558 asper-

693 2601 764 2670 sus,
790 2588 1008 2674 tempestates
1034 2576 1202 2649 violentas
1238 2577 1445 2666 haereseon,
1482 2576 1592 2651 fallaci
1626 2601 1665 2652 se
1700 2583 1835 2651 nomine
1865 2582 2070 2672 jactantium,

696 2718 782 2790 quae
810 2717 885 2767 cum
913 2717 954 2766 ea
985 2703 1151 2788 pugnant,
1187 2716 1387 2790 compesce,
1424 2703 1458 2765 et
1491 2693 1640 2790 depelle:
1672 2703 1706 2766 et
1741 2695 1905 2768 adversus
1940 2717 2071 2768 omnem

694 2810 895 2883 altitudinem
923 2813 1108 2902 erigentem
1135 2832 1174 2882 se
1202 2821 1321 2882 contra
1348 2832 1442 2900 eam,
1476 2808 1575 2882 eleva
1603 2833 1677 2882 earn
1712 2821 1746 2882 et
1778 2815 1926 2900 sustine3
1957 2809 2073 2884 hostes

693 2947 779 2999 vero
806 2947 999 3022 pugnaces,
1034 2928 1089 3020 qui
1117 2924 1235 2997 volunt
1268 2948 1344 2998 eam
1376 2929 1411 2997 in
1445 2922 1607 3022 abyssum
1641 2929 1820 3022 impietatis
1862 2925 2071 3020 demergere,

693 3041 799 3136 perde
827 3051 861 3112 et
887 3039 1071 3112 confunde:
1098 3041 1286 3135 gladiisque
1313 3027 1418 3113 acutis
1434 3040 1552 3135 qrdbus
1567 3051 1729 3136 quaerunt
1747 3041 1898 3114 dividere
1924 3043 2073 3115 membra

693 3155 870 3230 Ecclesiae
897 3167 975 3228 tuae
1002 3166 1150 3244 sanctae,
1177 3160 1270 3252 ipsos
1299 3154 1448 3230 discinde
1476 3167 1510 3227 et
1535 3168 1654 3229 macta.
1709 3158 1833 3230 Omnes
1861 3161 1960 3232 etiam
1987 3159 2073 3232 ibas

694 3275 767 3363 ejus
795 3293 916 3344 servos
944 3282 1032 3362 tuos,
1059 3271 1186 3343 illustra
1212 3270 1269 3344 illo
1308 3281 1446 3344 aeterno
1473 3270 1595 3344 lumine
1623 3273 1712 3368 quod
1744 3273 1936 3368 resplendet
1972 3297 2072 3370 super

695 3411 756 3462 eos
784 3390 840 3483 qui
864 3387 990 3462 faciunt
1015 3387 1221 3459 voluntatem
1248 3398 1350 3477 tuam,
1377 3395 1411 3459 et
1436 3386 1622 3462 referemus
1638 3388 1697 3461 tibi
1712 3388 1854 3481 gloriam
1881 3399 1916 3461 et
1940 3390 2072 3464 laudern

694 3506 935 3597 unigenitoque
960 3501 1047 3575 Filio
1075 3513 1145 3592 tuo,
1172 3513 1207 3575 et
1233 3501 1370 3599 Spiritui
1397 3506 1619 3578 sanctissimo.

800 3617 962 3710 Populos.
1015 3618 1136 3690 Amen.

800 3733 977 3804 Sacerdos
1003 3734 1196 3804 inclinatas.
1240 3734 1450 3807 Convertere
1464 3735 1608 3806 Domine
1629 3735 1671 3808 ad
1692 3735 1962 3832 deprecationem
1983 3740 2075 3811 servi

695 3853 753 3936 tui,
780 3871 843 3943 pro
870 3853 1030 3922 universo
1053 3849 1178 3944 populo
1198 3859 1233 3922 et
1249 3849 1456 3922 haereditate
1480 3860 1547 3940 tua,
1575 3873 1662 3946 quoe
1688 3852 1823 3925 assidue
1842 3875 1955 3925 curam
1976 3857 2073 3945 gerii,

695 3964 935 4052 habitationes,
975 3964 1183 4038 lllonasteria
1222 3975 1255 4038 et
1287 3965 1461 4038 Ecclesiae
1494 3976 1568 4038 tuas
1601 3967 1823 4040 sustentandi:
1859 3991 1943 4063 quae
1977 3972 2076 4040 etiam

696 4082 872 4176 primitias,
899 4079 1066 4169 decimas,
1102 4091 1136 4153 et
1171 4079 1358 4154 oblationes
1385 4085 1419 4153 in
1445 4080 1562 4154 iisdem
1590 4081 1687 4154 offert
1713 4082 1790 4174 tibi,
1826 4093 1861 4156 et
1892 4065 2074 4181 pauperum

696 4195 899 4288 indigentiae
926 4199 1120 4268 necessaria
1147 4196 1352 4292 suppeditat,
1382 4208 1523 4294 propter
1555 4220 1676 4270 nomen
1712 4208 1816 4271 mum:
1851 4210 1885 4272 et
1917 4221 1979 4296 pro
2011 4198 2076 4272 illis

698 4314 753 4406 qui
780 4310 962 4383 seeundum
988 4311 1165 4387 facultates
1198 4333 1277 4385 suas
1314 4312 1501 4385 oblationes
1534 4313 1594 4388 tibi
1628 4313 1835 4402 obtulerunt,
1869 4325 1905 4388 ut
1939 4337 2001 4411 pro
2035 4318 2075 4388 iis

700 4430 755 4521 qui
782 4426 900 4499 eadem
927 4426 1086 4500 facultate
1112 4427 1268 4517 destituti,
1295 4429 1491 4501 confitentur
1516 4429 1585 4502 tibi.
1628 4429 1765 4524 Adjova
1793 4453 1911 4504 ornnes
1938 4434 1994 4526 qui
2019 4433 2077 4500 in-

697 4552 824 4613 vocant
850 4564 971 4614 noman
1000 4551 1101 4632 tuum,
1127 4566 1190 4639 per
1216 4541 1390 4616 dexteram
1417 4556 1507 4616 tuam
1534 4546 1687 4620 omnibus
1714 4545 1937 4620 sufficientem.

803 4658 966 4751 Populus.
1019 4657 1125 4754 Kyrie
1153 4657 1290 4731 eleison.

803 4771 979 4846 Sacerdos
1015 4776 1152 4848 elevans
1184 4797 1310 4846 ccccm.
1370 4775 1515 4874 Suscipe
1550 4799 1684 4872 quoque
1719 4776 1884 4868 Domine,
1915 4777 2075 4869 benigne,

697 4887 879 4960 illationem
906 4889 1110 4962 oblationum
1138 4901 1172 4963 et
1196 4871 1428 4987 primiliarum,
1457 4916 1573 4966 eorum
1600 4895 1656 4988 qui
1682 4893 1741 4966 tibi
1767 4890 1842 4965 illas
1869 4891 2076 4966 obtulerunt:

700 5024 818 5076 eorum
853 5007 951 5076 etiarn
989 5009 1044 5102 qui
1080 5005 1177 5080 nobis
1212 5006 1424 5080 benefaciunt
1459 5019 1494 5080 et-
1527 5007 1748 5104 deprecantur
1780 5020 1831 5081 te:
1866 5028 1983 5080 eorum
2018 5009 2076 5102 qni
