4804 6026
582 629 613 706 S.
640 627 777 707 ticoni
803 625 990 708 brosson
1014 627 1171 706 FRATRIS
1198 627 1341 705 DOMINI.
1604 631 1654 704 33

381 818 548 892 Miserere
574 815 685 906 nobis,
711 817 805 888 Deus
831 815 932 888 Pater
959 819 1179 912 omnipotens,
1207 825 1242 888 et
1266 819 1359 888 mitte
1382 815 1539 912 Spiritum
1561 827 1651 889 tuum

280 945 441 1024 sanctum,
469 932 646 1006 Dominum
674 941 707 1004 et
732 931 968 1020 vivificantem,
1001 936 1055 1027 qui
1090 931 1147 1004 tibi
1183 932 1303 1007 throno
1337 930 1487 1026 aequalis
1514 942 1583 1021 est,
1618 942 1653 1006 et

279 1052 346 1124 fiho
373 1049 520 1145 acquabs
548 1071 674 1142 regno,
707 1047 995 1121 consubstantialis
1033 1058 1067 1121 et
1098 1059 1317 1138 coaetemus;
1353 1052 1409 1142 qui
1442 1047 1573 1120 locutus
1601 1059 1654 1122 est

280 1171 313 1240 in
339 1166 436 1260 Lege
463 1176 497 1239 et
522 1164 697 1262 Prophetis
725 1174 759 1237 at
784 1164 884 1236 Novo
912 1163 1127 1236 Testamenta
1154 1175 1231 1255 tn03
1260 1168 1316 1261 qui
1341 1163 1512 1236 descendit
1536 1167 1571 1236 in
1598 1167 1652 1238 si-

279 1283 459 1357 militudine
485 1282 660 1356 columbae
686 1303 788 1378 super
806 1280 984 1353 Dominum
999 1292 1149 1354 nostrum
1171 1282 1286 1355 Jesum
1303 1279 1480 1372 Christum,
1506 1284 1539 1352 in
1566 1279 1653 1352 Jor-

282 1399 368 1471 dane
394 1399 544 1473 flumina:
572 1402 627 1495 qni
653 1395 825 1473 descendit
851 1418 953 1492 super
983 1395 1170 1492 Apostolos
1204 1407 1341 1471 sanctos
1375 1399 1410 1468 in
1442 1395 1652 1471 similitudine

281 1515 465 1608 linguarum
493 1519 591 1608 ignis.

384 1631 545 1724 Populus.
573 1630 679 1726 llyrie
707 1630 834 1704 cleison
861 1635 924 1702 ter.

384 1759 571 1831 Sacerdos.
598 1757 644 1832 Ut
671 1758 854 1832 adveniens
880 1757 999 1830 efficiat
1028 1781 1147 1855 panem
1173 1762 1290 1849 istum,
1320 1779 1443 1853 eorpus
1469 1754 1652 1848 vivificum,

284 1899 404 1973 corpus
432 1874 589 1967 salutare,
617 1896 741 1971 corpus
768 1875 929 1965 coeleste,
957 1879 1079 1970 corpus
1107 1875 1279 1947 animabus
1307 1883 1340 1946 et
1362 1871 1560 1970 corporibus
1587 1894 1652 1945 sa-

283 1991 381 2065 lutem
421 2002 612 2087 praestans,
656 2012 779 2086 corpus
818 1990 952 2062 Domini
1001 1988 1067 2061 Dei
1113 1999 1147 2062 et
1187 1989 1376 2063 Salvatoris
1423 1993 1528 2063 nostri
1569 1989 1654 2061 Jesu

285 2109 418 2198 Christi,
443 2112 479 2179 in
505 2109 734 2180 remissionem
767 2117 979 2202 peccatorum
1012 2116 1047 2178 ct
1071 2109 1175 2179 vitam
1210 2115 1379 2178 aeternam
1415 2105 1653 2220 arripientibus

284 2222 371 2296 illud.
580 2223 741 2320 Populus.
769 2225 889 2296 Arnen.

386 2355 571 2428 Sacerdos.
597 2355 642 2428 Et
667 2358 797 2427 mistum
824 2355 912 2452 quod
938 2359 1049 2429 estin
1074 2352 1140 2427 hoc
1167 2353 1285 2444 calice,
1312 2354 1431 2427 efficiat
1457 2358 1653 2448 sanguinem

285 2472 487 2544 Testamenti
518 2471 629 2562 Novi,
663 2475 860 2564 sanguinem
892 2471 1091 2562 salutarem,
1125 2474 1323 2563 sanguinem
1354 2471 1540 2562 vivificum,
1568 2493 1654 2544 san-

285 2592 415 2681 guinem
444 2585 635 2680 coelestem,
662 2591 858 2682 sanguinem
885 2587 1053 2661 animabus
1090 2597 1123 2658 et
1149 2584 1346 2683 corporibus
1382 2587 1520 2662 salutem
1547 2610 1655 2684 prae-

286 2714 435 2793 stantem,
463 2709 658 2797 sanguinem
685 2703 819 2777 Domini
844 2705 909 2776 Dei
937 2713 971 2775 et
996 2701 1185 2776 Salvatoris
1212 2707 1318 2775 nostri
1343 2703 1428 2778 lesu
1454 2703 1594 2780 Christi:
1622 2706 1656 2774 in

286 2824 514 2894 remissionem
541 2831 753 2917 peccatorum
780 2830 814 2892 et
839 2823 942 2892 vitam
970 2829 1139 2892 aeternam
1166 2818 1420 2916 suscipientibus
1446 2817 1545 2892 illum.
1604 2859 1609 2872 ·

387 2953 548 3047 Populus.
574 2953 693 3026 Amen.

388 3086 573 3157 Sacerdos.
600 3084 646 3158 Ut
671 3089 737 3160 sint
763 3085 860 3159 nobis
888 3096 922 3158 et
947 3085 1099 3168 omnihus
1136 3089 1191 3182 qui
1218 3107 1264 3158 ex
1296 3085 1360 3159 illis
1388 3088 1563 3182 accipient
1589 3088 1655 3160 iis-

287 3226 350 3299 qne
378 3201 676 3289 communicabunt,
705 3202 747 3272 ad
782 3205 989 3274 sanctitatem
1017 3205 1199 3275 animarum
1226 3211 1260 3274 et
1286 3223 1483 3298 corporum,
1510 3201 1553 3273 ad
1578 3201 1655 3273 iru-

286 3318 516 3390 ctihcationem
553 3339 691 3414 operum
726 3315 906 3390 bonomm:
948 3318 991 3390 ad
1037 3319 1322 3390 confirmationem
1361 3316 1537 3390 Ecclesiae
1578 3326 1657 3389 tuae

287 3443 440 3522 sanctae,
476 3457 573 3529 quam
609 3457 711 3530 super
743 3456 849 3506 verae
881 3433 959 3505 fidei
991 3444 1119 3530 petram
1152 3432 1316 3519 fundasti,
1345 3441 1380 3504 ct
1414 3443 1533 3528 portae
1560 3433 1657 3505 inleri

286 3571 352 3622 non
378 3548 622 3646 praevalebunt
647 3550 811 3624 adversus
838 3573 924 3639 eam,
951 3573 1025 3622 cum
1050 3547 1248 3622 liberabimus
1276 3550 1323 3620 sis
1350 3547 1440 3620 illam
1467 3547 1514 3620 ab
1542 3553 1657 3620 omni-

286 3663 347 3738 bus
374 3665 569 3740 haeresibus
587 3677 620 3739 et
634 3667 801 3742 scandalis
816 3669 1020 3763 operantium
1035 3670 1236 3762 iniquitates,
1258 3664 1422 3761 usquead
1439 3686 1656 3738 consumma-

287 3787 410 3855 tionem
438 3783 580 3857 saeculi:
608 3806 670 3879 per
696 3777 851 3876 gratiam,
877 3783 1138 3858 misericordiam
1165 3793 1199 3855 et
1225 3804 1371 3855 amorem
1399 3803 1481 3874 erga
1505 3779 1656 3852 homines

286 3901 443 3992 unigeniti
469 3898 546 3971 Filii
573 3904 631 3991 tui,
658 3922 720 3997 per
747 3924 845 3997 quem
873 3912 906 3974 et
933 3924 1008 3973 cum
1035 3923 1100 3996 quo
1128 3910 1162 3973 te
1190 3899 1287 3972 decet
1313 3899 1421 3993 gloria
1449 3907 1483 3969 et
1507 3895 1621 3968 honor.

390 4031 552 4126 Populus.
578 4034 699 4105 Amen.

388 4163 563 4237 Sacerdos
589 4166 781 4238 inclinatus.
818 4166 1029 4264 Quapropter
1057 4167 1222 4240 ollerimus
1248 4164 1328 4255 tihi,
1354 4164 1517 4252 Domine,
1544 4165 1656 4236 sacri-

288 4279 394 4352 ficium
421 4277 488 4350 hoc
513 4281 720 4353 tremendum
747 4293 781 4353 et
806 4285 1010 4354 incruentum
1036 4305 1098 4380 pro
1126 4283 1208 4357 locis
1235 4286 1300 4356 tuis
1328 4285 1451 4354 sanctis
1485 4303 1571 4376 qnae
1597 4301 1659 4376 per

290 4394 590 4470 manifestationem
619 4395 740 4470 Christi
766 4398 842 4469 Filii
867 4401 914 4469 tui
940 4399 1127 4488 illustrasti;
1162 4402 1341 4496 praecipue
1373 4419 1460 4469 vero
1488 4419 1549 4494 pro
1578 4395 1660 4468 Sion

292 4521 421 4602 sancta,
448 4522 553 4585 matre
581 4518 724 4585 omnium
750 4512 990 4606 Ecclesiam,
1017 4526 1051 4587 et
1078 4537 1140 4612 pro
1167 4513 1321 4588 Ecclesia
1352 4524 1407 4586 tua
1443 4522 1558 4586 sancta
1590 4520 1660 4584 toto

292 4624 373 4699 orbe
400 4627 524 4701 dilinsa.

392 4760 580 4832 Diaconos.
622 4760 768 4834 benedic
803 4764 954 4836 Domine.
987 4762 1129 4838 Oremus
1164 4773 1198 4836 et
1232 4764 1450 4860 deprecemur
1481 4763 1660 4835 Domhrum

289 4876 396 4950 Deum
421 4885 583 4965 nostrum,
596 4875 660 4949 hoc
682 4881 840 4975 temporis
860 4890 1041 4972 momento,
1059 4901 1195 4974 magno,
1218 4880 1362 4954 timendo
1382 4889 1415 4952 et
1442 4886 1570 4970 sancto,
1594 4899 1655 4973 pro

290 4990 438 5086 patribus
458 5001 492 5063 et
515 4991 702 5066 rectoribus
722 4997 858 5085 nostris,
880 4998 935 5090 qni
956 4994 1055 5068 hodie
1075 4995 1174 5070 nobis
1197 5005 1365 5092 praesunt,
1386 5005 1420 5067 et
1441 4997 1474 5068 in
1490 4995 1659 5091 praesenti

290 5111 357 5179 rita
373 5106 549 5184 Ecclesias
577 5119 712 5182 sanctas
730 5111 797 5182 Dei
821 5122 963 5207 pascunt
988 5121 1023 5184 et
1040 5110 1244 5206 gubernant:
1271 5112 1473 5188 venerandis
1496 5122 1531 5185 et
1552 5108 1661 5181 beatis
