4784 6040
534 659 646 738 BllhTI
672 655 809 736 Jldost
834 658 1073 736 INTERPRETIS
1100 655 1271 735 liPlSCOPI
1296 657 1485 736 hussshttt.
1624 657 1700 734 377

324 845 555 932 involuntarie,
584 847 730 916 scienter
755 854 811 918 aut
836 847 1032 938 ignoranter
1059 845 1294 932 commisimus,
1320 863 1430 938 neque
1456 843 1598 936 rigidum
1625 867 1697 918 no-

324 959 452 1034 biscum
479 982 623 1033 examen
655 963 817 1049 institues,
850 960 982 1055 quando
1009 959 1169 1033 stabimus
1196 981 1311 1032 coram
1338 959 1423 1032 solio
1457 959 1629 1032 tremendo
1665 971 1701 1032 et

324 1075 470 1149 timendo
496 1077 680 1168 majestatis
707 1075 837 1167 gloriae
870 1086 962 1163 tuae,
996 1077 1157 1165 Domine,
1191 1074 1252 1146 sed
1284 1073 1465 1147 secundum
1498 1077 1699 1148 misericor-

326 1192 424 1279 diam,
450 1194 606 1284 gratiam,
634 1201 668 1262 et
696 1180 904 1263 clementium
931 1213 997 1283 age
1022 1191 1215 1264 nobiscum:
1243 1213 1353 1285 neque
1367 1191 1532 1262 laetentm
1559 1192 1602 1263 de
1628 1212 1699 1264 no·-

326 1308 378 1380 bis
404 1309 526 1379 inimici
561 1311 688 1395 nostri,
724 1317 780 1377 aut
813 1305 963 1378 exultent
998 1306 1040 1378 de
1073 1306 1259 1404 perditione
1289 1317 1421 1380 nostra:
1457 1326 1567 1400 neque
1600 1307 1699 1378 alieni

327 1426 429 1496 simus
457 1445 477 1493 a
503 1421 630 1493 deliciis
664 1423 878 1517 optatissimis
912 1426 1009 1514 regni
1043 1427 1104 1495 tui:
1137 1443 1247 1516 neque
1280 1443 1456 1494 careamus
1490 1419 1608 1494 fiducia
1643 1422 1699 1495 illa

326 1535 467 1610 liliorum
494 1558 591 1631 quom
618 1534 744 1609 hahent
775 1559 891 1609 coram
924 1548 956 1608 te
990 1559 1106 1610 omnes
1134 1540 1190 1632 qui
1215 1536 1339 1610 iaciunt
1364 1535 1570 1610 voluntatem
1598 1549 1698 1627 tuam,

326 1661 362 1723 ut
389 1654 421 1722 in
449 1651 526 1739 hoc,
554 1655 638 1723 sicut
663 1663 697 1724 et
723 1654 757 1722 in
784 1651 956 1742 omnihus,
983 1653 1204 1745 glorificetur,
1229 1653 1401 1744 laudetur,
1433 1653 1634 1743 honoretur,
1667 1665 1700 1726 et

328 1767 494 1839 exaltetur
519 1789 641 1839 nomen
658 1777 748 1839 tuum
762 1766 986 1856 benedictum,
1013 1768 1174 1865 simulque
1188 1769 1322 1841 Domini
1347 1771 1454 1841 nostri
1479 1768 1561 1840 Jesu
1576 1768 1700 1841 Christi

327 1892 362 1952 et
387 1881 530 1976 Spiritus
557 1886 603 1954 tui
630 1885 745 1955 sancti.

428 1999 591 2091 Populus.
645 1996 700 2086 Ut,
726 2007 789 2069 etc.

429 2111 615 2184 Sacerdos.
667 2112 752 2185 Pax.

430 2227 592 2321 Populus.
633 2227 776 2299 Etcum
804 2229 921 2321 spiritu
947 2238 1013 2298 tuo.

430 2342 615 2414 Sacerdos
668 2341 921 2415 Misericordiae
947 2342 1012 2413 Dei
1038 2343 1111 2413 sint.

429 2458 619 2529 Diaconos.
671 2459 792 2531 ltemm
819 2467 918 2552 atquc
943 2459 1070 2528 iterum.

354 2747 528 2819 Sacerdos
540 2751 675 2842 frangit
696 2754 731 2819 et
747 2752 870 2842 signet.
904 2747 990 2819 Moe
1006 2748 1092 2818 dicit
1112 2747 1311 2818 Orationem
1329 2754 1410 2819 onte
1429 2749 1532 2820 Pater
1546 2758 1672 2822 noster.

431 2951 604 3041 Existens,
631 2961 779 3041 aeterne,
806 2954 906 3027 Pater
933 2963 1050 3024 sancte
1076 2952 1151 3023 Filii
1171 2955 1310 3038 aeterni,
1337 2962 1371 3024 ct
1397 2956 1518 3026 sancti:
1545 2951 1699 3026 abscon-

330 3068 396 3139 dite
422 3089 486 3140 nec
521 3067 779 3160 investigabilis:
812 3067 971 3158 excelse,
1003 3087 1070 3138 non
1104 3065 1428 3162 comprehensibihs:
1464 3069 1633 3160 gloriose,
1666 3080 1701 3141 et

330 3205 425 3277 quem
454 3186 590 3278 assequi
611 3186 776 3276 cogitatio
803 3204 870 3255 nou
896 3192 1022 3279 potest:
1058 3191 1190 3256 secrete
1218 3185 1273 3276 qui
1299 3179 1462 3276 exphcari
1495 3203 1563 3253 non
1588 3194 1700 3278 potes,

331 3301 384 3393 qui
411 3301 444 3368 in
470 3297 590 3370 ultimis
617 3299 734 3371 diebus
761 3301 934 3393 temporis,
961 3297 1060 3370 modo
1077 3295 1315 3392 inexplicabili,
1341 3319 1404 3392 per
1419 3296 1700 3392 dispensationem

329 3411 443 3484 verbis
469 3413 735 3500 inenarrabilem,
764 3423 798 3484 et
823 3435 885 3509 per
910 3416 1141 3486 miserationes
1169 3412 1392 3485 essentialiter
1417 3413 1476 3486 tihi
1491 3419 1700 3506 congenitas,

330 3550 458 3601 summo
485 3531 519 3598 in
546 3529 697 3600 homines
724 3551 840 3600 amore
867 3531 966 3620 egisti
1000 3550 1082 3619 erga
1109 3527 1301 3620 figmentum
1335 3538 1446 3616 tuum,
1481 3528 1568 3622 quod
1601 3551 1700 3600 mor-

330 3654 436 3732 tuum,
471 3647 673 3739 cormptioni
708 3642 921 3736 subjacebat:
956 3645 1128 3738 ipsumque
1160 3642 1311 3717 Verbum
1335 3643 1456 3715 Filium
1483 3655 1594 3732 tuum,
1621 3645 1700 3716 Do-

330 3761 450 3828 minum
484 3769 518 3830 et
545 3758 760 3832 Salvatorem
790 3768 941 3830 nostrum
973 3759 1088 3830 desum
1124 3757 1289 3832 Christum
1322 3760 1440 3830 misisti
1476 3756 1518 3828 ad
1550 3769 1700 3832 nostrum

331 3873 506 3962 auxiliom3
539 3879 595 3968 qui
626 3877 734 3946 omnia
768 3895 996 3969 quaecumque
1032 3873 1074 3946 ad
1110 3872 1375 3945 emendationem
1417 3881 1563 3944 nostrum
1606 3883 1701 3945 erant

329 3993 521 4061 necessaria
549 3988 701 4085 perfecit,
728 4009 857 4083 nosque
884 3989 969 4062 lilios
997 3999 1072 4062 tuos
1100 3999 1133 4061 et
1159 3987 1280 4060 iratres
1308 4009 1389 4060 suos
1421 3991 1559 4078 vocari,
1592 4010 1701 4084 prae-

331 4113 421 4175 stare
448 4104 602 4196 dignatus
630 4113 701 4191 est,
736 4112 770 4176 et
796 4107 980 4178 orationem
1013 4089 1220 4178 Dominioam
1254 4103 1365 4174 docuit
1395 4123 1478 4190 nos,
1513 4123 1609 4195 mam
1644 4100 1702 4173 tibi

332 4241 404 4289 cum
431 4218 668 4315 deprecatione
695 4219 908 4309 oderremus3
936 4229 969 4292 tu
994 4241 1094 4310 nunc,
1120 4220 1277 4310 Domine,
1302 4231 1439 4314 praesta
1463 4218 1561 4291 nohis
1588 4219 1702 4289 omni-

330 4329 406 4420 hus,
432 4342 468 4405 ut
493 4333 589 4406 labiis
617 4334 794 4431 impollutis
822 4346 956 4407 etcum
989 4333 1128 4408 icrvore
1154 4358 1261 4407 verae
1295 4333 1371 4407 fidei
1406 4344 1439 4406 et
1470 4332 1590 4405 fiducia
1624 4331 1702 4403 nulli

331 4445 517 4521 conlusioni
549 4449 715 4539 obnoxia,
752 4449 858 4546 qualis
894 4450 978 4522 lilios
1010 4450 1124 4538 decet,
1159 4453 1341 4524 clamemus
1374 4450 1416 4522 ud
1448 4458 1498 4536 tc,
1541 4471 1607 4521 uno
1642 4471 1703 4521 ore

332 4562 527 4656 aequaliter,
555 4587 688 4638 oremus
717 4575 750 4636 et
776 4566 940 4639 dicamus:
968 4565 1070 4638 Pater
1095 4577 1211 4639 noster
1238 4569 1293 4661 qui
1320 4589 1359 4640 es
1385 4568 1418 4636 in
1445 4563 1558 4636 coelis.

434 4679 596 4772 Populea.
651 4679 891 4769 Sanctificetur,
919 4693 982 4753 otc.

359 4883 363 4894 Ι
434 4793 619 4866 Sacerdos.
672 4797 772 4868 Pater
799 4807 914 4869 sancte
941 4807 975 4868 ct
1001 4799 1192 4869 misericors
1220 4818 1264 4868 ue
1290 4798 1436 4869 dimittas
1462 4813 1526 4866 nos
1553 4814 1598 4863 ex
1624 4814 1703 4863 ma-

332 4906 429 4982 nibus
461 4912 541 4997 tuis,
574 4933 618 4982 ne
651 4909 832 4984 incidamus
868 4915 902 4983 in
935 4915 1135 4985 tentationes
1171 4933 1308 5007 quarum
1341 4915 1410 4984 vim
1447 4911 1611 4984 sustinere
1638 4929 1705 4980 non

332 5026 509 5117 possimus.
563 5025 687 5098 Vemm
724 5036 760 5097 ut
791 5028 892 5100 Pater
932 5027 1097 5119 benignus
1132 5031 1231 5101 visita
1269 5026 1354 5098 lilios
1387 5023 1561 5111 imbelles,
1596 5045 1706 5118 neque

333 5141 449 5233 prives
480 5162 544 5214 nos
575 5143 683 5234 gratia
711 5152 782 5233 tua,
817 5154 872 5216 aut
905 5140 1085 5239 prohibeas
1120 5167 1139 5216 a
1171 5142 1270 5216 nohis
1302 5141 1459 5214 induxum
1491 5136 1704 5230 benignitatis
