4782 6068
681 574 738 650 AD
772 571 990 651 NESTORII
1018 574 1278 652 LITURGIAM.
1589 575 1662 698 till

298 767 347 821 tur
377 775 436 840 quc
466 755 527 820 dici
566 759 659 838 sada,
698 759 764 822 sive
799 757 961 822 uerborum
993 766 1024 822 et
1049 760 1218 824 smtcntiae
1252 759 1429 838 similitudo,
1462 760 1598 840 quamuis
1632 761 1665 822 in

297 857 395 939 prima
415 857 551 938 liturgia
572 875 633 920 non
656 865 740 920 extet
761 874 799 920 ec
820 858 888 938 ipso
920 857 1004 938 loco,
1034 859 1090 922 scd
1120 866 1279 940 antequam
1304 858 1542 942 pronunciantur
1568 858 1664 922 verba

300 945 411 1020 Christi
432 959 666 1036 consecratoria,
688 957 942 1039 paucioribusque
964 957 1066 1020 uerbis
1089 959 1287 1025 contineatur.
1331 958 1417 1023 Unde
1439 958 1579 1042 concludi
1600 976 1663 1021 non

298 1063 413 1118 temere
424 1063 535 1137 potest,
550 1056 720 1119 orientales
737 1057 870 1139 quamuis
880 1051 1105 1122 invocationem
1125 1059 1291 1121 secundum
1314 1057 1478 1139 simplicem
1500 1057 1664 1121 verborum

268 1216 271 1224 ,
299 1173 406 1218 sonum
419 1155 597 1239 intelligant,
620 1163 804 1237 nontamen,
827 1157 909 1238 quod
929 1157 1023 1240 vulgo
1046 1158 1118 1220 viris
1142 1157 1238 1220 doctis
1260 1158 1311 1220 alii
1331 1164 1502 1232 manserunt,
1524 1175 1591 1220 eam
1613 1165 1666 1220 ant

300 1255 420 1318 omnino
447 1256 667 1334 necessariam,
695 1264 748 1320 aut
776 1255 871 1318 solam
892 1255 1075 1319 effectricem
1105 1257 1342 1321 consecrationis
1368 1273 1556 1339 agnoscere,
1584 1255 1666 1338 quod

299 1353 368 1416 alibi
398 1355 566 1417 accuratius
594 1357 799 1436 exposuimus.
844 1356 957 1419 Verum
987 1355 1017 1418 id
1046 1355 1239 1440 singulariter
1269 1355 1325 1418 hac
1350 1357 1381 1418 in
1404 1354 1530 1417 formula
1552 1355 1666 1418 obser-

301 1450 430 1518 vandum
443 1461 501 1533 est,
518 1455 600 1534 quod
615 1454 681 1518 sota
694 1455 773 1516 inter
795 1462 854 1516 tam
876 1455 983 1517 multas
1006 1454 1080 1518 alias
1103 1456 1177 1517 haec
1198 1455 1293 1518 verba
1316 1461 1534 1536 repraesentet,
1558 1463 1666 1517 troas-

298 1559 430 1614 motonte
451 1571 489 1614 eo
511 1561 554 1628 te,
582 1561 612 1614 et
640 1553 847 1632 sanctificante
870 1573 928 1634 per
950 1557 1153 1635 epactionem
1173 1553 1306 1634 Spiritus
1327 1556 1444 1617 sancti:
1472 1540 1666 1632 μεταβαλών

298 1647 345 1730 τῷ
365 1641 530 1730 πνεύματι
552 1669 613 1714 σου
632 1649 679 1734 τῷ
701 1643 799 1736 ἁγίῳ,
831 1671 908 1734 quae
930 1654 1074 1737 leguntur
1094 1656 1125 1716 in
1148 1651 1264 1717 Graeca
1286 1653 1422 1736 Liturgia
1445 1652 1663 1734 chrysostomi.

174 1823 177 1834 Ι
300 1748 402 1812 Statim
425 1767 501 1813 vero
523 1751 685 1815 notandum
709 1760 769 1832 est,
801 1751 895 1834 Syros
923 1751 995 1815 illud
1016 1752 1142 1815 verbum
1163 1737 1373 1834 μεταβαλών,
1401 1752 1481 1833 quod
1509 1752 1665 1834 praeteriti

298 1849 521 1929 significatione
538 1851 726 1914 recentiores
745 1850 828 1914 multi
848 1852 1073 1934 intelligendum
1089 1869 1157 1914 esse
1171 1851 1366 1930 contendunt,
1388 1850 1475 1915 aliter
1497 1855 1664 1933 accepisse,
1753 1869 1756 1874 ·

299 1965 366 2010 cnm
389 1967 446 2029 per
468 1951 655 2031 participium
678 1953 896 2032 expresserint,
920 1951 1115 2033 eaparticula
1134 1951 1372 2030 determinatum,
1395 1968 1475 2031 quae
1496 1952 1664 2032 praesentis

299 2049 442 2126 temporis
465 2049 708 2112 characteristica
731 2057 793 2113 est:
820 2051 960 2113 Acristcs
983 2068 1077 2132 porro
1100 2051 1223 2132 Syriaca
1244 2050 1346 2132 lingua
1368 2050 1498 2134 ignorat.
1543 2051 1664 2132 insigne
1732 2131 1735 2138 Ι

299 2163 420 2228 quoque
443 2165 501 2210 nec
522 2147 643 2210 dubium
655 2149 730 2210 haec
744 2149 872 2213 formula
887 2150 1020 2212 continet
1033 2150 1215 2230 antiquitatis
1229 2150 1314 2211 istius
1329 2148 1494 2230 Liturgiae,
1517 2148 1664 2230 simulque

299 2245 423 2326 originis
452 2246 586 2329 ejusdem
614 2247 764 2312 indicium.
814 2249 889 2312 Nam
915 2238 1112 2329 μεταβαλών
1139 2249 1170 2311 in
1199 2247 1264 2311 scia
1295 2246 1501 2330 chrysostomi
1528 2247 1663 2331 liturgia

299 2341 423 2428 legitur:
454 2365 490 2408 ea
520 2355 617 2410 autem
647 2356 712 2410 erat
740 2347 1087 2428 Constantinopolitanae
1109 2347 1266 2411 Ecclesiae
1294 2365 1382 2427 quam
1403 2347 1561 2410 Nestorius
1583 2347 1664 2409 ohti-
1716 2334 1724 2348 '

298 2453 414 2523 nuernt,
437 2449 572 2527 propria.
622 2447 689 2510 Non
711 2448 839 2511 inaniter
860 2447 952 2532 igitur
974 2449 1039 2525 ejus
1061 2449 1181 2510 nomine
1202 2445 1339 2530 liturgia
1361 2446 1553 2527 designatur,
1583 2461 1661 2526 quae

298 2552 413 2606 certum
444 2553 475 2608 ει
504 2545 687 2629 singularem
716 2545 807 2609 hahet
835 2545 992 2610 Ecclesiae
1021 2546 1069 2609 cui
1098 2545 1267 2627 Episcopus
1290 2544 1443 2608 ordinatus
1465 2544 1565 2607 iuerat
1588 2542 1664 2604 cha-

298 2653 459 2718 racterem,
486 2646 538 2725 qui
567 2646 592 2707 si
620 2645 657 2708 ab
681 2662 718 2708 eo
741 2647 884 2727 scriptam
905 2645 984 2708 illam
1007 2663 1077 2708 esse
1099 2663 1160 2708 non
1182 2642 1272 2726 plane
1295 2643 1494 2718 demonstrat;
1524 2651 1623 2706 lamen
1646 2660 1663 2703 a

297 2745 401 2824 primis
431 2745 496 2825 ejus
519 2743 673 2826 discipulis
696 2746 747 2825 qui
771 2743 1031 2826 Constantinopoli
1053 2743 1205 2828 fugerant,
1228 2750 1438 2806 conservatum
1462 2741 1555 2805 luisse
1576 2741 1664 2805 veri-'

298 2840 393 2905 simile
415 2843 535 2905 omnino
566 2851 629 2920 est,
659 2842 738 2905 unde
767 2843 958 2904 confirmatur
978 2842 1132 2926 liturgiae
1153 2843 1233 2905 illius
1256 2842 1425 2923 antiquitas.
1469 2841 1543 2904 Eam
1565 2849 1663 2904 tamen

298 2941 372 3003 duas
402 2941 475 3002 alias
508 2958 568 3002 non
590 2958 737 3020 superare
765 2940 835 3004 inde
865 2948 997 3019 constat,
1026 2941 1106 3023 quod
1135 2942 1221 3018 illae,
1251 2943 1346 3022 prima
1376 2941 1554 3022 praesertim
1586 2958 1664 3020 quae

297 3038 514 3121 Apostolorum
542 3039 666 3116 dicitur,
696 3040 726 3101 in
754 3039 933 3121 quotidianis
961 3039 1070 3104 Odlciis
1093 3048 1290 3122 usurpantnr;
1320 3040 1414 3102 altera
1437 3039 1528 3102 certis
1551 3047 1663 3102 tantum

299 3137 421 3203 diebus:
443 3123 523 3203 unde
547 3140 742 3202 vetustiorem
764 3140 889 3219 primam
912 3156 981 3202 esse
1004 3146 1141 3221 apparet,
1164 3157 1231 3201 cum
1253 3147 1286 3200 ut
1304 3129 1498 3200 moxdicturh
1521 3147 1567 3201 εει
1588 3155 1662 3200 ιιειιε
1739 3137 1743 3148 “
1819 3115 1822 3124 ’

298 3238 487 3320 quotidianus
509 3247 582 3303 nota
603 3241 641 3302 sit
664 3239 845 3321 antiquitatis
868 3239 1042 3301 certissima.

383 3337 503 3402 Exilia
526 3347 625 3402 autern
647 3337 792 3420 particula
816 3337 1017 3400 invocationis
1041 3338 1168 3420 Spiritus
1190 3338 1302 3414 sancti,
1325 3335 1521 3399 firmissimum
1544 3332 1662 3395 ducitur

298 3438 444 3502 adversus
471 3439 675 3502 Protestantes
705 3445 911 3521 argumentum
937 3437 976 3500 dc
1005 3437 1064 3501 lide
1085 3437 1333 3500 Nestoriancrum
1360 3436 1439 3497 cirea
1462 3452 1566 3497 ueram
1587 3451 1661 3494 rea-

297 3535 416 3619 lemque
439 3539 715 3602 transmutationem
738 3536 954 3599 elemcntorum
975 3538 1006 3599 in
1028 3554 1138 3618 corpus
1154 3535 1265 3599 Christi
1280 3543 1311 3598 et
1325 3535 1512 3616 sangninem.
1541 3531 1661 3613 Quippe

297 3633 422 3715 Syriaca
449 3654 510 3699 vox
539 3655 641 3699 veram
673 3635 961 3698 transformationem
990 3635 1152 3718 significat:
1183 3635 1248 3698 lieri
1270 3643 1369 3699 autem
1391 3633 1471 3694 illam
1493 3639 1662 3715 agnoscunt
1772 3651 1776 3660 ·

297 3733 513 3816 perspiritum
535 3743 685 3798 sanctum:
709 3737 766 3799 hoc
790 3743 837 3798 cst
859 3735 1000 3798 divinitus
1023 3742 1054 3798 et
1076 3751 1190 3798 summo
1212 3733 1371 3808 miraculo;
1393 3751 1453 3795 non
1476 3741 1509 3794 ut
1530 3733 1561 3794 in
1582 3731 1660 3793 iidc-

297 3833 530 3914 lesadveniens,
552 3833 652 3913 iaciat,
676 3843 708 3897 ut
731 3842 910 3898 convertant
932 3834 1098 3916 perfidem
1120 3832 1269 3897 elementa
1291 3834 1322 3897 in
1346 3849 1457 3914 corpus
1479 3839 1511 3894 et
1532 3831 1661 3912 sangui-

296 3951 366 3995 nem
378 3931 499 4012 Christi,
522 3935 599 3996 adeo
621 3942 654 3996 ut
667 3933 805 4014 medium,
829 3935 910 4015 quod
925 3934 1235 4019 vulgol'rctestanlcs
1249 3933 1360 4010 dicunt,
1382 3949 1443 4013 quo
1465 3931 1662 4012 accipiuntur,

297 4032 372 4095 fides
403 4033 457 4095 sit:
487 4032 543 4095 sed
572 4041 604 4095 ut
632 4035 698 4114 ipse
734 4033 862 4114 Spiritus
897 4041 1020 4097 sanctus
1060 4033 1165 4096 alliciat
1197 4032 1276 4096 dona
1306 4033 1462 4113 proposita
1493 4037 1583 4111 atque
1611 4029 1663 4091 illa

296 4139 487 4212 transmutet,
517 4139 549 4194 ut
577 4133 657 4196 aliud
679 4132 861 4215 fiantquam
883 4134 964 4215 qnod
985 4132 1142 4208 videntur3
1172 4140 1203 4194 et
1224 4131 1305 4213 quod
1328 4132 1411 4212 prius
1433 4129 1562 4193 fuerant.
1606 4125 1660 4188 iila

297 4249 372 4294 vero
402 4231 537 4295 miraculi
569 4231 659 4312 piena
687 4233 823 4313 operatio
852 4240 991 4295 accurate
1023 4233 1053 4294 in
1084 4231 1189 4295 eadem
1219 4231 1356 4294 oratione
1385 4228 1593 4312 distinguitur,
1623 4223 1660 4286 ab

250 4324 253 4334 ’
298 4330 391 4392 altera
412 4332 509 4413 gratia
531 4349 619 4412 quam
640 4330 778 4396 Ecclesia
805 4331 952 4413 postulat,
982 4351 1059 4414 quac
1088 4338 1135 4394 est
1163 4338 1197 4393 ut
1226 4330 1428 4408 Eucharistia,
1457 4330 1499 4391 eit
1524 4324 1661 4390 omnibuis

297 4429 513 4506 accipientibus
534 4431 577 4492 od
597 4433 690 4493 citum
712 4440 883 4507 aeternam,
906 4439 961 4496 etc.
991 4431 1067 4495 adeo
1094 4437 1127 4492 ut
1147 4430 1197 4492 vel
1219 4429 1288 4493 inde
1310 4428 1498 4492 manifestum
1521 4427 1559 4490 sit
1581 4423 1661 4486 Bes-

297 4527 464 4607 ειιιοιιειιι,
488 4527 651 4592 Arcadium
673 4539 704 4592 et
726 4529 878 4612 reliquos,
907 4530 958 4612 qui
986 4530 1023 4593 ad
1050 4530 1177 4593 fructum
1199 4547 1240 4592 ex
1261 4529 1455 4609 susceptione
1478 4523 1662 4592 sacramenti

298 4625 536 4707 percipiendum,
559 4636 650 4691 totam
672 4631 873 4696 lnvccationis
895 4629 1073 4693 sententiam
1094 4627 1204 4691 reierri
1225 4626 1340 4706 volunt,
1363 4625 1532 4691 testimonio
1547 4621 1663 4686 Nesto-

297 4725 460 4806 rinnorum‚
482 4727 533 4807 qui
553 4725 610 4789 hac
632 4729 661 4791 in
683 4738 769 4812 parte
790 4729 938 4795 haeretici
960 4723 1121 4807 non'sunt,
1144 4743 1271 4808 prorsus
1292 4724 1400 4790 refelli

1772 4625 1780 4656 l
