4804 6026
692 587 836 666 otoo
878 577 1171 666 oouuuuls
1210 587 1536 665 LITURGIAE.
1756 587 1778 662 3

418 779 552 871 suspice
590 774 733 848 Domhrc
778 774 964 848 oblationes
1005 796 1182 848 servorum
1220 784 1364 864 tuorum,
1412 797 1493 870 quas
1539 787 1781 870 separaverunt

418 903 452 964 et
476 891 670 981 intulerunt,
704 901 842 988 propter
869 911 1015 963 amorem
1041 900 1146 981 tuum,
1180 899 1213 962 et
1237 912 1359 963 nomen
1376 902 1465 963 tuum
1500 901 1664 964 sanctum:
1691 915 1781 965 oon-

419 1029 521 1082 serva
555 1017 589 1080 ct
621 1005 765 1079 benedic
790 1029 852 1082 eos
886 1006 1037 1079 omnibus
1062 1005 1347 1081 benedictionibus
1375 1005 1781 1103 spniuabbus31aerffica

419 1143 479 1196 eos
504 1124 602 1197 bouis
627 1121 904 1211 indeficientibus,
939 1132 974 1194 et
1005 1145 1066 1218 spe
1097 1124 1335 1218 promissorum
1367 1145 1500 1210 eorum,
1537 1145 1622 1219 quae
1657 1129 1780 1200 sanctis

417 1243 482 1311 tuis
507 1237 596 1310 facta
622 1247 707 1327 sunt.
760 1237 899 1311 Eduardo
931 1239 1180 1312 benedictiones
1213 1248 1286 1311 tuas
1318 1240 1352 1310 in
1384 1241 1492 1311 omnia
1524 1261 1610 1334 quae
1644 1238 1687 1312 ad
1720 1264 1780 1315 eos

384 1440 385 1444 Ἴ
417 1358 599 1450 pertinent:
626 1355 777 1427 concede
803 1359 977 1428 sanitatem
1003 1365 1038 1426 et
1064 1356 1297 1427 continentiam
1323 1352 1516 1450 corporibus
1543 1375 1676 1443 eorum,
1711 1379 1780 1452 pu-

417 1473 548 1542 ritatem
576 1479 609 1541 et
634 1474 841 1543 sanctitatem
868 1468 1038 1542 animabus
1065 1492 1197 1558 eorum,
1225 1478 1259 1540 et
1284 1468 1325 1541 da
1350 1474 1498 1566 requiem
1518 1467 1688 1544 animabus
1714 1472 1780 1545 de-

417 1585 605 1659 hrnctorum
632 1609 678 1658 ex
703 1589 802 1683 ipsiS‚
828 1590 862 1658 in
886 1585 1080 1658 habitaculis
1107 1588 1170 1658 tuis
1187 1584 1312 1674 beatis,
1339 1588 1571 1658 bructernum:
1599 1594 1698 1683 atque
1718 1611 1780 1686 pro

417 1700 517 1775 rebus
544 1705 616 1775 istis
644 1701 896 1798 temporahbuS,
924 1703 966 1774 da
992 1702 1054 1774 illis
1081 1705 1185 1797 vitam
1211 1709 1245 1772 et
1269 1721 1419 1794 regnum.
1470 1703 1590 1776 Amen.

521 1817 652 1888 Pouem
678 1826 835 1913 quautam
860 1842 944 1913 opus
970 1825 1022 1891 est
1051 1817 1271 1912 multiplicat,
1305 1821 1477 1906 incenset,
1512 1821 1712 1912 reponitque
1744 1821 1781 1888 iu

418 1933 540 2022 altari,
568 1935 704 2007 diceus:

479 2108 485 2118 ,
522 2049 693 2145 Tanquam
720 2072 825 2142 agnus
852 2051 895 2122 ad
922 2054 1126 2126 occisionem
1151 2052 1266 2123 duobus
1293 2060 1362 2140 est,
1390 2059 1425 2122 et
1448 2051 1540 2124 velut
1565 2055 1641 2126 ovis
1668 2074 1781 2124 coram

417 2167 573 2240 tondente
599 2190 638 2240 so
664 2165 840 2256 obmutuit,
866 2189 929 2239 nec
956 2171 1084 2263 aperuit
1111 2190 1150 2242 os
1177 2189 1270 2240 suum
1297 2165 1458 2258 affligenti
1485 2189 1531 2239 se.
1664 2155 1667 2160 ’

520 2284 569 2354 Et
588 2289 768 2379 postquem
788 2305 914 2375 punem
924 2283 1200 2356 Daoburhticrao
1225 2282 1379 2354 tutuderit
1396 2282 1443 2352 od
1459 2282 1581 2372 uitare,
1608 2286 1782 2379 occipiens

418 2422 491 2471 cum
515 2405 660 2492 utruque
685 2414 786 2469 mortu
812 2399 913 2469 dicit:

519 2516 613 2588 Deus
640 2517 695 2609 qui
721 2515 918 2588 sacrificium
948 2513 1038 2590 Abel
1069 2518 1105 2586 in
1135 2537 1253 2612 campo
1289 2517 1482 2610 suscepisti,
1513 2515 1589 2589 Noe
1621 2518 1655 2588 in
1689 2539 1781 2608 urea,

416 2629 573 2704 Abrahae
600 2634 634 2702 in
659 2634 779 2704 montis
806 2633 993 2720 cacumine,
1018 2631 1160 2704 Davidis
1186 2634 1220 2703 in
1246 2653 1326 2704 area
1351 2631 1469 2705 Doran
1489 2630 1660 2722 debusaei,
1685 2630 1781 2706 Eliae

415 2748 450 2818 in
481 2755 593 2818 monte
626 2744 799 2834 Cermalo,
835 2756 870 2819 et
901 2751 1023 2819 mirruta
1054 2746 1176 2820 viduae
1205 2749 1238 2818 in
1271 2745 1535 2844 Gazophylacio:
1571 2759 1605 2820 tu
1639 2749 1782 2822 Domine

416 2865 550 2958 suscipe
574 2862 635 2935 has
662 2845 848 2934 oblationes
875 2885 961 2958 quae
987 2862 1046 2936 tibi
1072 2860 1251 2936 offeruntur
1282 2855 1443 2937 munibus
1459 2868 1561 2956 meis,
1595 2865 1713 2936 infirmi
1747 2875 1782 2937 et

416 2980 622 3075 peccatoris:
648 2985 683 3050 et
706 2999 768 3072 per
792 2976 867 3050 ilias
892 2989 1027 3073 praesta
1057 2981 1252 3051 memoriam
1285 2978 1408 3052 bonam
1441 2982 1531 3053 vivis
1566 2991 1600 3052 et
1630 2983 1780 3074 mortuis,

416 3117 479 3192 pro
507 3092 626 3190 quibus
652 3093 851 3185 olienrntur,
876 3091 1082 3189 benedicque
1107 3093 1341 3168 habitationem
1368 3117 1484 3169 eorum
1510 3098 1565 3191 qui
1590 3095 1665 3168 ibas
1692 3097 1780 3169 ode-v

416 3219 501 3283 umt
552 3211 673 3283 Amen.

519 3315 672 3419 Depoo'it
697 3311 847 3397 obtutum
872 3329 908 3398 tu
935 3327 1029 3397 disco
1056 3327 1219 3397 et'dicit:

520 3439 674 3513 Paratum
702 3441 773 3514 sedi
800 3451 877 3514 tuae
911 3441 1018 3514 fecisti
1053 3443 1274 3513 sanctuarium
1308 3451 1397 3514 tuum
1429 3442 1590 3516 Dominae
1621 3443 1780 3517 confirma

417 3556 496 3630 illud
521 3557 663 3630 Domine
690 3556 840 3630 manibus
867 3560 941 3632 tuis.
975 3557 1138 3630 Dominus
1163 3555 1317 3650 regnabit
1340 3559 1374 3629 in
1401 3555 1533 3629 saecula
1556 3558 1776 3632 saeculorum.

521 3673 681 3746 incensat
705 3673 813 3745 ocium
837 3657 959 3766 miuus,
986 3677 1070 3769 teqit
1093 3673 1152 3744 ttto
1178 3674 1320 3762 disemo,
1348 3679 1382 3745 et
1406 3673 1511 3745 dicit:

524 3790 686 3862 Dominus
722 3792 897 3882 regnavit,
938 3788 1100 3888 decorem
1134 3788 1251 3864 induit:
1285 3789 1403 3881 Pater,
1436 3789 1539 3862 Filius
1574 3800 1608 3862 et
1639 3783 1780 3885 Spiritus

281 3887 282 3891 ¹
308 3980 315 4002 ,
424 3915 578 3997 sanctus,
603 3906 722 3978 Arnen.

525 4021 666 4116 Accipit
692 4022 833 4093 codicem
858 4028 894 4093 et
919 4021 1017 4094 dicit:
1043 4019 1191 4096 Calicem
1217 4021 1331 4096 salutis
1358 4023 1534 4120 accipiam,
1559 4042 1680 4095 nomeu
1699 4021 1779 4094 Do-

416 4139 494 4210 mini
519 4135 700 4227 invocabo,
728 4147 761 4209 et
785 4147 867 4210 vota
892 4159 967 4210 mea
991 4138 1136 4211 Domino
1162 4137 1309 4210 reddam.

518 4253 644 4325 Fundit
668 4256 780 4324 uiuum
804 4256 841 4323 iu
868 4255 1009 4326 culicem
1034 4261 1069 4326 et
1094 4255 1196 4326 dicit:

513 4357 623 4441 Etiam
649 4367 715 4441 ho'c
739 4373 854 4441 vinum
880 4370 969 4465 quod
995 4381 1047 4443 est
1073 4379 1173 4468 typus
1200 4371 1382 4463 sanguinis,
1409 4371 1464 4465 qui
1489 4365 1586 4442 duxit
1609 4366 1707 4442 nobis
1734 4392 1780 4441 ex

414 4484 521 4558 latere
546 4484 602 4556 filii
630 4487 675 4555 tui
699 4485 821 4558 'dilecti
853 4487 936 4560 Jesu
968 4485 1089 4561 Christi
1120 4485 1255 4559 Domini
1289 4489 1412 4576 nostri,
1446 4483 1547 4558 hundo
1581 4489 1616 4558 in
1642 4485 1781 4560 culicem

412 4600 520 4693 hunc,
553 4600 692 4675 calicem
723 4602 859 4692 salutis,
886 4606 1077 4674 innomine
1103 4603 1211 4675 Patris
1246 4611 1280 4674 et
1313 4599 1387 4672 Filii
1419 4611 1453 4674 et
1486 4601 1780 4697 Spirihusaesancti,

414 4719 534 4791 Amen.
715 4727 717 4732 ’

520 4835 696 4910 Adruiccet
720 4839 800 4907 uiuo
821 4835 995 4930 paululum
1019 4856 1131 4929 oquae
1156 4841 1192 4906 et
1215 4835 1317 4906 dicit:
1442 4847 1445 4854 '

521 4950 617 5024 Hunc
643 4954 742 5025 etium
770 4975 905 5048 aquam,
932 4973 1019 5046 quae
1043 4961 1143 5048 typus
1169 4959 1222 5024 est
1246 4971 1353 5046 aquae
1370 4947 1469 5040 illius,
1495 4971 1581 5044 quae
1597 4945 1692 5022 fluxit
1707 4970 1777 5021 no·
1914 5003 1920 5012 .

416 5065 469 5140 bis
496 5089 516 5139 e
540 5068 648 5141 latere
673 5069 730 5142 iiiii
755 5073 803 5143 tui
829 5067 938 5143 dilecti
955 5067 1089 5140 Domini
1114 5070 1219 5143 nostn·
1244 5066 1326 5140 Jesu
1340 5064 1472 5155 Christi,
1499 5067 1623 5138 misceo
1650 5068 1685 5139 in
1710 5089 1777 5140 ca-

461 5201 550 5251 tonus
563 5207 588 5250 n
1556 5183 1582 5258 4
