4784 6040
587 595 766 674 LITURGIA
791 593 994 674 mouimus
1020 593 1285 674 anmuounu
1310 593 1551 674 mucorem.
1686 596 1763 672 437

392 779 557 846 indubitate
580 781 746 846 credimus:
775 780 816 842 ita
844 797 1003 863 rogamus,
1032 789 1065 844 ιιι
1096 782 1205 845 donum
1227 781 1293 844 sive
1319 779 1435 844 fructus
1466 781 1600 862 ejusdem
1628 783 1765 866 mysterii
1904 799 1907 806 ·

393 882 433 946 ad
460 899 518 946 nos
547 883 722 963 perveniat,
758 880 913 962 prositque
944 879 1031 944 nobis
1067 881 1106 945 ad
1132 880 1340 945 remissionem
1368 888 1571 962 peccatorum.
1623 879 1657 947 ld
1686 882 1765 944 enim

395 982 494 1063 ipsum
516 989 564 1044 est
586 980 667 1062 quod
689 981 719 1043 in
742 979 879 1042 omnibus
904 979 970 1044 aliis
994 980 1178 1043 orationibus
1201 979 1332 1042 anierei
1355 980 1683 1061 postcommunionem
1707 979 1767 1044 dici

397 1079 493 1143 solitis
516 1081 579 1161 peti
601 1081 693 1143 solet:
715 1078 881 1158 sufficitque
905 1078 943 1141 ed
965 1079 1050 1142 iscius
1080 1079 1322 1161 explicationem.
1374 1076 1456 1141 Istud
1485 1097 1560 1142 vero
1589 1082 1621 1144 in
1653 1089 1767 1144 acturo
1845 1065 1849 1074 ’

395 1178 476 1241 idem
498 1177 669 1262 significare
693 1178 910 1253 existimamus,
942 1195 978 1240 ac
1005 1196 1079 1240 vere
1103 1185 1134 1240 et
1156 1195 1190 1240 re
1213 1178 1295 1259 ipsa:
1323 1193 1392 1239 nam
1420 1194 1487 1239 cum
1513 1196 1576 1241 vox
1604 1191 1676 1248 nun
1704 1197 1767 1242 nos

398 1285 499 1358 mrum
519 1278 644 1359 proprie
667 1275 827 1360 significet,
849 1293 943 1357 saepe
965 1277 1064 1357 eiiam,
1086 1275 1331 1339 ubiabunduntia
1346 1294 1583 1358 synonymomm
1598 1277 1763 1360 quaeritur,

396 1392 454 1458 pro
476 1378 609 1440 essentia
631 1384 663 1440 et
684 1374 848 1438 substantia
870 1382 1044 1456 usurpatur,
1067 1381 1097 1437 at
1120 1376 1282 1458 opponitur
1304 1375 1503 1458 imaginario,
1526 1384 1557 1440 ei
1579 1378 1718 1462 iigruuto.

481 1473 516 1538 In
536 1474 665 1556 reliquia
683 1473 754 1536 nihil
775 1481 824 1537 est
846 1474 927 1554 quod
948 1491 1029 1538 nova
1052 1473 1152 1555 aliqua
1176 1474 1390 1539 observatione
1412 1475 1557 1558 indigeat.

826 2240 1325 2444 urrerem

713 2593 1453 2720 Ιιιιιιιιιιιιι

556 2834 1079 2921 PATRIARGHAE
1135 2835 1609 2917 Arulocuuul.

801 3124 952 3198 Primam
978 3125 1100 3199 Oratio
1125 3133 1206 3198 unic
1231 3128 1367 3200 Paeon.

466 3319 590 3424 Deus·
616 3351 827 3444 omnipotens
858 3357 893 3420 ei
926 3349 1079 3436 Domine,
1117 3356 1253 3443 praesta
1285 3343 1383 3417 uobis
1418 3357 1453 3418 ιιι
1488 3349 1687 3424 accedamus
1721 3351 1764 3424 ad

398 3467 591 3558 mysterium
618 3485 773 3556 magnum
800 3474 834 3536 et
859 3463 1023 3552 divinum,
1055 3460 1144 3558 quod
1178 3483 1240 3558 per
1271 3481 1421 3536 amorem
1453 3470 1542 3536 uun
1575 3487 1660 3560 erga
1694 3467 1763 3541 ho-

398 3581 503 3653 mines
528 3577 627 3654 uobis
651 3580 838 3670 instituisii3
865 3589 898 3651 et
924 3578 967 3651 da
992 3577 1090 3650 nobis
1122 3587 1157 3648 ιιι
1190 3599 1252 3673 per
1284 3577 1454 3654 corinun
1488 3587 1577 3656 uuam
1603 3581 1762 3676 colligari,

398 3717 460 3792 per
486 3717 561 3770 eam
587 3718 720 3792 quoque
746 3696 939 3768 mundemur
965 3693 1007 3768 ab
1036 3697 1126 3767 omui
1149 3696 1339 3789 iniquitate,
1371 3704 1406 3766 οι
1431 3718 1452 3766 a
1478 3694 1616 3772 nauus
1642 3699 1762 3790 cujus-

399 3833 540 3906 cumque
565 3815 714 3905 generis,
740 3812 807 3886 odii
833 3822 868 3885 οι
891 3811 1095 3884 inimicitiae:
1128 3820 1164 3882 ιιι
1188 3832 1251 3907 per
1277 3809 1493 3886 concordiam
1526 3824 1561 3886 οι
1591 3817 1762 3888 caritatem

398 3948 528 4018 veram,
556 3930 657 4002 simus
683 3951 799 4003 omnes
826 3949 949 4024 corpus
974 3949 1074 4000 unum
1098 3925 1287 4014 indivisum,
1315 3926 1497 4002 secuudum
1522 3927 1696 4024 Spiritum
1729 3941 1763 4003 et

398 4055 553 4140 tanquam
579 4045 739 4134 membra,
764 4047 909 4118 invicem
935 4043 1183 4141 amplectamur,
1209 4046 1243 4114 in
1269 4040 1446 4116 dilectione
1465 4055 1591 4136 sance,
1617 4048 1651 4118 in
1676 4069 1762 4142 per-

398 4162 589 4255 ticipatione
616 4163 766 4262 mysterii
792 4162 938 4234 cantatis
966 4158 1105 4247 Christi,
1132 4159 1294 4252 unigeniti
1317 4157 1396 4232 Filii
1427 4163 1492 4232 tui:
1525 4183 1600 4237 cum
1635 4186 1700 4258 quo
1727 4173 1760 4235 tc

400 4274 498 4348 decet
521 4275 643 4369 gloria,
669 4286 704 4349 ei
729 4275 836 4351 honor
862 4285 897 4349 οι
921 4279 1104 4372 inperium,
1130 4297 1205 4348 cum
1232 4275 1358 4372 Spiritu
1381 4285 1438 4352 ιιιο
1466 4280 1683 4353 sonorissimo.

501 4390 663 4486 Populus.
715 4393 835 4467 Amen.

503 4505 687 4580 Sacerdos.
739 4509 824 4581 Pax.

501 4621 663 4718 Papum.
715 4623 857 4698 Etcum
884 4627 999 4722 epuiuu
1025 4636 1091 4699 oro.

502 4737 689 4813 Diaconos.
742 4742 809 4814 Dei
834 4765 952 4838 pacem
977 4745 1213 4838 unusquisque,
1242 4750 1304 4815 etc.

503 4855 664 4950 Populus.
715 4857 865 4931 Praesta.

503 4971 690 5044 Diaconos.
743 4972 834 5046 Post.

503 5086 664 5182 Populus.
719 5087 842 5164 eoram
868 5100 911 5163 ιθ.
