4730 6038
561 593 737 672 DIOSCORI
762 593 1024 672 PthilhRClllE
1051 595 1314 690 ALEXANDRlNl.
1542 599 1618 674 289

252 780 474 875 acquisivisti,
511 779 668 853 obsecrat
700 792 734 853 et
767 781 1041 877 deprecatura,
1077 794 1111 855 et
1136 785 1270 857 Patrem
1297 795 1386 859 tuum
1412 809 1475 883 per
1500 796 1552 878 te,
1588 796 1624 862 et

253 907 364 968 tecum
392 896 516 968 dicens.
725 897 886 992 Populus.
940 897 1112 971 Miserere.

356 1012 541 1084 Sacerdos.
594 1011 667 1084 Nos
695 1037 836 1109 qnoque.

358 1128 519 1221 Populus.
573 1129 623 1200 'le
651 1129 836 1203 adoramus.

355 1243 542 1315 Diaconos.
598 1247 703 1331 Quam
731 1245 874 1318 timenda
901 1258 953 1320 est
978 1243 1062 1319 haec
1088 1247 1181 1319 hora.

356 1360 531 1431 Sacerdos
556 1362 750 1450 inclinatus,
776 1363 861 1432 dicit
887 1361 1141 1434 lacoontionem
1167 1362 1318 1456 Spiritus
1343 1366 1464 1432 sancti.

356 1476 499 1548 Domine
526 1481 640 1548 veniat
665 1477 808 1572 Spiritus
835 1489 908 1550 tuus
936 1490 1089 1567 sanctus,
1116 1483 1370 1574 requieseatque
1396 1480 1621 1574 pergratiam

254 1617 359 1682 suam,
387 1593 569 1664 sanctificet
597 1602 631 1664 et
655 1595 805 1689 perficiat
831 1595 1026 1667 sacrificinm
1054 1595 1129 1680 hoo,
1157 1594 1245 1689 qnod
1272 1617 1387 1667 coram
1413 1591 1510 1666 nobis
1532 1617 1620 1689 pro-

251 1713 395 1806 positum
423 1719 496 1797 est,
522 1718 557 1780 et
582 1709 679 1782 nobis
706 1709 784 1782 illud
812 1712 1074 1806 purificationem
1101 1733 1178 1783 esse
1205 1710 1314 1784 iaciat.
1359 1711 1485 1782 Vemm
1511 1733 1575 1782 nee
1606 1711 1621 1750 ⁴
1727 1752 1733 1762 -

251 1836 393 1922 propter
420 1848 525 1922 opera
552 1833 665 1898 nostra
693 1823 826 1898 odibilia
853 1831 966 1925 prives
992 1828 1148 1924 populum
1175 1836 1264 1899 tunm
1278 1826 1409 1898 fidelem
1425 1825 1513 1900 dono
1532 1849 1620 1899 coo-

251 1941 345 2013 lesti:
381 1941 441 2013 sed
472 1964 534 2037 per
568 1943 798 2016 abundantiam
831 1946 960 2035 gratiae
984 1954 1063 2016 tuae
1090 1947 1180 2015 mitte
1206 1942 1295 2014 illurn
1322 1942 1437 2029 nobis,
1465 1950 1498 2013 et
1525 1943 1620 2016 donis

252 2060 322 2130 suis
351 2057 471 2130 divinis
498 2079 561 2130 uos
588 2059 725 2155 repleat.
771 2059 816 2130 Et
831 2062 915 2132 sicut
931 2065 964 2131 in
981 2059 1155 2134 columbae
1172 2061 1286 2155 specie
1304 2063 1338 2130 in
1353 2058 1500 2131 Jordane
1517 2057 1619 2130 llnvio

250 2195 354 2268 snper
379 2177 581 2266 unigenitum
608 2175 725 2247 Filium
753 2186 841 2248 tunm
869 2179 1046 2271 requievit,
1079 2185 1113 2247 et
1145 2197 1246 2270 snper
1272 2175 1458 2270 Apostolos
1485 2183 1619 2247 sanctos

251 2293 285 2360 in
311 2288 431 2382 linguis
457 2292 546 2381 ignis
574 2294 742 2388 appamit:
770 2295 819 2363 sie
845 2290 969 2364 habitet
996 2302 1030 2364 et
1055 2295 1245 2388 requiescat
1266 2313 1366 2387 super
1386 2313 1448 2364 nos
1467 2299 1500 2363 et
1519 2313 1620 2386 snper

252 2405 440 2479 oblationes
469 2409 561 2478 istas.

355 2522 516 2616 Popnlnr.
569 2524 701 2597 Exaudi
727 2547 790 2597 me.

250 2691 254 2706 .
355 2637 540 2711 Sacerdos.
594 2638 639 2712 Ut
673 2639 875 2728 adveniens,
909 2643 1146 2735 pergratiam
1182 2661 1295 2728 suam,
1334 2659 1455 2734 panem
1488 2639 1619 2734 quidem

248 2758 348 2827 istum
376 2733 501 2827 official
524 2777 647 2852 corpus
676 2754 797 2831 Christi
823 2759 887 2829 Dei
912 2759 1026 2830 nostri.

250 2929 255 2935 .
359 2871 520 2964 Populus.
573 2873 689 2944 Amen.

355 2985 538 3058 Sacerdos.
592 2987 636 3059 Et
661 2992 791 3062 mistum
820 2987 908 3084 quod
935 2999 988 3060 est
1012 2991 1045 3058 in
1066 2986 1263 3077 buccolica,
1291 2985 1409 3057 efficiat
1424 2991 1619 3079 sanguinem

253 3103 376 3176 Christi
402 3106 467 3176 Dei
493 3107 608 3176 nostri.

355 3219 518 3314 Populus.
570 3221 689 3293 Amen.

353 3334 538 3408 Sacerdos.
592 3335 636 3408 Ut
663 3340 776 3431 quiin
804 3335 867 3408 hoo
894 3339 1053 3409 convivio
1083 3339 1318 3432 mysteriorum
1350 3337 1488 3406 istorum
1520 3336 1618 3405 vivi-

250 3451 417 3524 ficantium
444 3453 565 3547 epulati
592 3452 769 3540 fuerimus,
796 3462 830 3524 et
856 3475 993 3547 quorum
1021 3455 1150 3524 animae
1177 3461 1211 3524 et
1237 3473 1380 3546 corpora
1414 3449 1618 3522 sanctificata

252 3566 391 3656 luerint,
420 3591 461 3639 ea
487 3589 554 3668 non
581 3571 614 3640 in
641 3567 869 3640 contusionem
897 3569 976 3642 hant
1001 3567 1099 3642 nobis
1125 3571 1159 3639 in
1185 3570 1370 3640 novissimo
1397 3567 1468 3654 die,
1499 3566 1618 3640 sedin

252 3683 411 3770 salutern,
448 3695 480 3755 et
514 3683 703 3780 apologiam
736 3707 850 3756 coram
884 3687 1058 3777 majestate
1091 3694 1165 3771 tna,
1201 3693 1235 3755 et
1259 3682 1357 3756 bonis
1384 3707 1470 3779 quae
1496 3686 1617 3754 trium-

249 3797 443 3895 phatoribus
471 3804 533 3871 tuis
561 3811 735 3873 reservata
763 3811 849 3888 sunt,
875 3805 909 3871 in
935 3799 1055 3872 lumine
1082 3799 1294 3872 intellectuali
1320 3812 1389 3892 tuo,
1423 3799 1513 3892 digni
1541 3797 1617 3870 effi·-

251 3917 391 3988 ciamur:
420 3938 481 4011 per
507 3921 660 4008 gratiam,
686 3920 917 3989 miserationes
945 3927 978 3988 et
1004 3938 1152 3988 amorem
1179 3937 1260 4008 erga
1286 3916 1436 3989 homines
1459 3915 1617 4007 unigeniti

251 4030 326 4103 Filii
352 4034 409 4119 tui,
437 4043 470 4104 et
496 4031 637 4128 Spiritus
663 4036 709 4104 tui
737 4035 933 4106 sanctissimi
959 4043 993 4104 et
1019 4031 1107 4105 boni.

355 4148 517 4241 Populea.
569 4151 687 4222 Amen.

356 4261 531 4336 Sacerdos
567 4266 757 4336 inclinatae.
811 4264 1022 4337 Convertere
1038 4267 1190 4337 »Domine
1217 4273 1251 4336 et
1276 4270 1409 4362 arscipe
1437 4265 1485 4337 de·
1504 4267 1617 4336 mani-

252 4381 315 4453 bus
343 4385 466 4454 nostris
493 4381 753 4477 peccatricibus,
780 4379 975 4455 sacrificium
1007 4379 1072 4454 hoc
1106 4381 1195 4476 qnod
1227 4381 1285 4454 tihi
1317 4405 1403 4453 nunc
1439 4381 1617 4467 offerimus,

253 4519 316 4594 pro
344 4497 576 4592 tranquillitate
601 4497 777 4570 Ecclesiae
803 4508 880 4570 tuae
907 4506 1062 4585 sanctae,
1093 4520 1154 4594 pro
1188 4498 1338 4570 custodia
1365 4498 1504 4571 hliomm
1533 4500 1618 4588 ejus,

195 4643 204 4650 ·
253 4623 286 4684 et
312 4612 516 4686 exaltatione
544 4613 761 4686 Sacerdotum
790 4617 877 4707 ejus,
910 4617 1091 4709 praecipue
1121 4636 1206 4687 vero
1238 4615 1411 4686 Pastorum
1444 4613 1619 4686 beatorum

254 4730 308 4824 qui
335 4729 434 4801 hodie
460 4728 503 4802 illi
530 4739 697 4826 praesunt,
724 4735 758 4801 in
783 4729 848 4802 fide
875 4728 1073 4817 orthodoxa,
1100 4733 1262 4826 inprimis
1282 4725 1618 4800 autemPatriarchae

251 4850 360 4918 nostri
385 4847 520 4918 Domini
545 4845 585 4917 N.
620 4857 654 4917 et
679 4845 821 4919 Domini.
847 4845 888 4918 N.
923 4857 957 4919 et
987 4845 1146 4942 Episcopi
1178 4849 1285 4918 nostri
1314 4847 1356 4917 D.
1390 4845 1431 4917 N.
1463 4843 1617 4938 reliquo-

253 4981 391 5055 rumque
417 4959 660 5057 Episcopornm
687 4961 957 5048 orthodoxorum,
993 4973 1029 5033 nt
1053 4965 1086 5034 in
1113 4967 1247 5058 pascuis
1275 4962 1514 5058 spiritualim,
1542 4978 1617 5030 curn

252 5079 321 5148 vita
347 5077 470 5170 longa,
505 5089 538 5150 et
564 5079 767 5174 temporibus
794 5083 940 5176 pacatis,
972 5076 1099 5174 ubsque
1124 5079 1294 5175 hypocrisi
1319 5089 1458 5176 pascant
1485 5097 1559 5148 eam
1585 5081 1620 5144 et
