4784 6040
711 441 788 516 418
994 443 1210 521 LITURGlb
1235 442 1485 522 DOCTORUM
1510 443 1795 550 siberctum

708 627 828 701 beutur
855 653 874 701 a
900 628 997 702 nobis
1024 652 1171 703 summae
1199 629 1345 724 dignitati
1371 641 1460 722 tuae,
1485 634 1640 723 Domine,
1667 656 1784 710 omnes
1811 636 2069 728 glorificationes

708 745 948 838 indesinentes,
975 768 1090 820 omnes
1116 745 1231 819 laudes
1259 756 1293 818 et
1318 745 1539 821 exaltationes
1565 747 1751 841 gloriosae,
1787 754 1865 846 quia
1900 775 1962 848 per
1994 755 2071 826 cle-

708 865 864 935 mentiam
899 875 1002 951 tuam,
1043 863 1163 955 dignos
1195 865 1388 958 praestitisti
1419 886 1482 938 nos
1522 864 1610 938 dono
1648 864 1824 962 praeclaro
1867 877 1900 940 at
1931 871 2070 943 coelesti

708 977 773 1049 eibi
813 979 907 1070 hujus
941 979 1166 1052 indeficientis.
1231 978 1454 1054 Obsecramus
1488 1003 1637 1054 amorem
1670 991 1759 1054 tuum
1798 1006 1881 1076 erga
1921 983 2069 1060 homiues

706 1094 922 1184 inellabilem,
958 1107 993 1168 ut
1024 1118 1092 1167 non
1133 1105 1311 1168 convertas
1344 1095 1430 1168 festa
1462 1105 1577 1170 nostra
1616 1100 1649 1168 in
1684 1096 1823 1187 luctum,
1856 1109 1891 1173 et
1928 1102 2067 1194 gloriam

706 1221 856 1283 nostram
882 1215 917 1285 in
942 1215 1112 1309 pristinam
1139 1214 1375 1308 captivitatem.
1429 1212 1482 1285 Ne
1507 1212 1644 1286 inclines
1671 1217 1779 1311 capita
1805 1227 1921 1289 nostra
1951 1221 1985 1289 in
2007 1221 2069 1310 ju·-

708 1327 944 1424 dicimusque
971 1327 1167 1402 contusione
1194 1327 1371 1402 afficiamur
1396 1334 1430 1401 in
1457 1330 1510 1402 die
1535 1333 1734 1418 novissimo,
1761 1354 1826 1426 quo
1844 1337 2069 1430 unusquisque

706 1443 871 1516 bominum
896 1449 1195 1517 remunerationem
1221 1447 1378 1541 accipiet,
1414 1455 1448 1517 et
1477 1444 1619 1538 Angelis
1653 1467 1726 1517 cum
1754 1450 1872 1520 timore
1904 1448 2068 1522 adstanti-

706 1559 786 1640 bus,
813 1564 1000 1653 unigenitus
1027 1560 1131 1634 Filius
1158 1571 1231 1633 tuus
1244 1560 1422 1652 judicabit:
1449 1561 1508 1636 sed
1528 1573 1564 1634 ut
1576 1565 1778 1653 misericors,
1807 1567 1972 1659 aspicieus
1992 1587 2068 1656 nos,

599 1688 601 1707 ¹
706 1680 838 1748 veniam
864 1677 1031 1749 concedas
1058 1679 1205 1749 tenuitati
1232 1679 1361 1749 animae
1386 1687 1532 1751 nostrae.
1585 1677 1748 1752 Miserere
1781 1679 1973 1752 infirmitatis
1998 1703 2067 1754 na-

706 1807 800 1868 turae
827 1804 982 1883 nostrae,
1009 1816 1125 1865 verum
1153 1815 1219 1865 nou
1246 1792 1286 1864 ad
1309 1793 1488 1887 Judicium‚
1521 1775 1589 1866 sed¹
1606 1772 1721 1890 nequa⁶
1743 1795 1785 1867 ad
1811 1796 2067 1870 condemnatio-

705 1935 781 1985 nem
808 1915 930 2006 imputa
957 1908 1055 1982 nobis
1082 1932 1199 1982 munus
1225 1908 1291 1982 boo
1316 1917 1422 1997 tuum,
1450 1910 1510 1981 sed
1536 1911 1580 1982 ad
1606 1914 1824 2000 sanctitatem,
1851 1911 2065 2004 vigilantiam,

706 2040 739 2100 et
763 2030 919 2098 viaticum
945 2025 1070 2097 salutis.
1122 2024 1167 2097 m
1192 2035 1226 2097 te
1252 2025 1349 2096 decet
1374 2025 1502 2118 gloria,
1528 2023 1636 2099 bonor
1653 2036 1687 2098 et
1699 2035 1864 2121 potestas,
1892 2013 1966 2099 curn
1985 2032 2065 2100 uni-

704 2147 817 2236 genito
844 2143 929 2214 Filio
956 2153 1011 2214 tuo
1039 2150 1073 2213 et
1098 2140 1222 2237 Spiritu
1248 2150 1303 2213 tuo
1330 2143 1557 2234 sanctissimo,
1583 2141 1673 2216 bono
1701 2153 1734 2214 et
1761 2140 1941 2216 adorando.

807 2237 975 2353 Populos?
1020 2258 1140 2329 Amen.

807 2374 990 2446 Sacerdos.
1043 2374 1127 2445 Pax.

808 2490 968 2584 Populea.
1020 2489 1063 2561 m
1089 2511 1163 2561 cnm
1190 2491 1304 2584 spiritu
1331 2500 1397 2562 tuo.

808 2609 996 2680 Diaconos.
1048 2607 1148 2678 Ante.

808 2723 969 2818 Populea.
1024 2720 1147 2795 Coram
1173 2732 1216 2793 te.

807 2839 989 2912 Sacerdos.
1041 2838 1118 2910 Lux
1150 2863 1224 2912 moa
1259 2852 1293 2912 et
1331 2841 1423 2913 Deus
1462 2841 1606 2912 omnium
1644 2840 1788 2912 Domine
1828 2850 1945 2912 noster
1981 2838 2063 2911 Jesu

704 2957 856 3046 Christe,
883 2959 937 3050 qui
964 2956 1006 3027 de
1032 2955 1128 3028 coelo
1156 2955 1356 3030 descendisti
1382 2956 1424 3029 ad
1450 2956 1590 3028 salutem
1617 2957 1729 3027 ovium
1748 2965 1892 3045 tuarum,
1920 2954 2062 3026 extende

703 3075 875 3150 dexteram
901 3083 989 3144 tuam
1016 3081 1180 3160 sanctam,
1208 3070 1304 3146 bonis
1331 3072 1566 3160 abundantem,
1593 3079 1628 3143 et
1653 3074 1924 3167 omnipotentem,
1951 3070 2062 3144 bene-

703 3193 820 3286 dicque
845 3187 942 3262 uobis
969 3186 1119 3261 omnibus
1145 3193 1255 3261 servis
1275 3193 1357 3279 tum,
1384 3189 1599 3282 generaliter,
1626 3191 1755 3280 maguis
1777 3198 1811 3260 et
1829 3191 1954 3283 parvis,
1980 3189 2061 3262 viris

702 3308 797 3382 sunu
824 3315 858 3378 et
891 3302 1097 3378 mulieribus:
1128 3304 1306 3398 juvenibus
1341 3314 1374 3378 ct
1406 3301 1539 3400 pueris:⁸
1570 3301 1756 3396 virginibus
1791 3315 1824 3376 et
1856 3306 2060 3397 conjugatis:

702 3421 930 3498 sacerdotibus
956 3425 1081 3518 pariter
1108 3430 1142 3492 et
1175 3422 1309 3518 populo.
1362 3419 1497 3493 Viribus
1530 3420 1605 3492 illos
1639 3419 1791 3492 conforta
1825 3423 1880 3515 qui
1912 3419 2059 3493 imbelles

702 3550 793 3615 sunt:
821 3540 941 3611 divites
966 3541 1000 3609 in
1024 3539 1149 3630 justitia
1175 3536 1321 3627 custodi,
1349 3536 1516 3633 orphanos
1542 3539 1646 3624 nutri,
1672 3534 1873 3631 pauperibus
1894 3546 1927 3608 et
1952 3533 2058 3608 viduis

702 3655 856 3728 alimenta
881 3651 1016 3749 praebe.
1070 3650 1248 3726 Sanctifica
1276 3677 1335 3728 eos
1363 3657 1418 3748 qui
1443 3657 1476 3724 in
1507 3655 1654 3748 peccatis
1680 3652 1883 3724 volutantur:
1917 3652 2058 3725 extende

700 3768 870 3842 brachium
896 3780 984 3841 tuum
1011 3767 1098 3841 forte
1125 3779 1159 3842 et
1184 3769 1326 3863 obsigna
1350 3790 1414 3856 uos
1441 3790 1556 3842 omnes
1584 3791 1684 3840 cruce
1710 3776 1784 3857 tua3
1818 3771 1928 3841 emitto
1960 3790 2058 3865 super

701 3907 765 3960 nos
791 3908 907 3959 omnes
933 3883 1182 3958 benedictiones
1209 3897 1282 3960 tuas
1310 3895 1461 3974 sanctas,
1487 3907 1548 3980 per
1575 3884 1770 3956 sacrificium
1796 3882 1860 3958 boc
1876 3885 2055 3980 quodsus-

701 4004 857 4096 cepimus.
916 4001 1131 4093 Agnoscatur
1165 4005 1300 4095 sanguis
1345 4013 1419 4074 tuus
1452 4022 1554 4096 purus
1588 4011 1621 4072 et
1653 4008 1786 4072 sanctus
1819 4022 1920 4095 super
1951 4000 2057 4072 limina

700 4127 818 4212 portae
844 4139 1022 4213 corpomm
1047 4127 1245 4190 nostrorum.
1297 4117 1394 4191 biens
1421 4127 1538 4195 nostra
1562 4116 1683 4189 lumine
1708 4124 1765 4188 tuo
1790 4116 1948 4190 illustrata
1973 4139 2057 4212 pru-

700 4231 829 4304 dentior
855 4232 991 4306 evadat:
1018 4232 1121 4307 corda
1147 4243 1261 4307 nostra
1288 4234 1446 4307 conbma
1472 4237 1507 4305 in
1533 4233 1681 4305 docuiaa
1715 4244 1783 4305 tua:
1819 4254 1957 4326 gressus
1990 4253 2056 4304 no-

701 4359 789 4421 stros
816 4348 923 4443 dirige
948 4351 982 4420 in
1009 4352 1133 4423 semitis
1160 4353 1242 4424 tuis:
1268 4339 1402 4443 lidguae
1427 4360 1563 4423 nostrae
1589 4353 1653 4422 sint
1679 4344 1807 4442 organa
1833 4348 1940 4421 laudis
1973 4359 2057 4436 tuae,

701 4467 777 4559 quia
803 4474 838 4537 tu
863 4463 970 4540 bouus
998 4475 1032 4537 ct
1058 4476 1185 4540 amator
1211 4465 1377 4539 bominum
1403 4489 1463 4558 es,
1490 4475 1523 4538 et
1549 4475 1582 4538 te
1610 4465 1706 4539 decet
1725 4465 1853 4559 gloria,
1879 4464 1969 4557 laus,
1996 4473 2057 4536 etc.

1115 4786 1645 4832 ψ.
