4712 6032
617 550 694 624 258
910 543 1700 626 Liuineiustonuutu

721 738 881 832 Populus.
933 735 1077 808 Etcum
1104 737 1219 830 spiritu
1245 746 1312 807 tuo.

721 852 902 924 Sacerdos.
954 851 1189 924 Miseratioues
1214 851 1279 921 Dei
1306 853 1380 942 siut,
1407 859 1470 920 etc.

721 971 907 1041 Diaconta.
960 969 1081 1041 lterum
1108 978 1204 1062 atque
1226 970 1354 1038 iterum.

717 1313 724 1323 -
855 1261 1030 1333 Sacerdos
1057 1261 1141 1330 dicit
1169 1260 1364 1330 Orationem
1390 1263 1470 1327 ante
1495 1256 1596 1328 Pater
1622 1265 1748 1326 noster.
1808 1307 1812 1316 .

720 1449 813 1522 Deus
847 1460 967 1546 potens
1001 1460 1034 1520 et
1067 1471 1206 1540 magne,
1247 1450 1300 1543 qui
1341 1471 1403 1545 per
1437 1467 1585 1518 amorem
1623 1456 1713 1518 tuum
1748 1465 1831 1536 erga
1865 1443 1978 1520 homi-

617 1589 696 1655 nes,
729 1569 879 1655 vocasti,
914 1574 948 1638 et
982 1564 1146 1638 adduxisti
1181 1587 1244 1637 nos
1277 1565 1318 1635 ad
1352 1564 1471 1636 donum
1500 1562 1751 1647 bauduinum,
1784 1583 1846 1657 per
1881 1565 1979 1660 quod,

618 1683 730 1769 Pater,
757 1681 980 1774 glorificamus
1008 1693 1052 1770 te,
1080 1692 1113 1753 et
1139 1680 1295 1776 Spiritum
1322 1691 1480 1753 sanctum·
1499 1678 1695 1768 adoramus,
1730 1687 1764 1749 et
1796 1684 1979 1754 orauouem

619 1797 835 1888 dominicam,
862 1819 960 1893 quam
992 1797 1104 1871 docuit
1137 1820 1200 1871 uos
1227 1797 1330 1872 Filius
1366 1807 1439 1870 tuus
1466 1798 1653 1887 unigenitus
1689 1797 1855 1883 canimus3
1888 1799 1978 1892 puris

617 1913 799 2002 meruius,
833 1913 945 2006 lingua
980 1913 1151 2004 abstersa,
1188 1938 1261 1987 cum
1288 1919 1430 2010 puritate
1456 1914 1626 2006 corporis,
1654 1921 1687 1982 et
1713 1915 1861 2000 animae,
1895 1934 1978 2006 quae

617 2029 736 2102 fiducia
762 2034 921 2104 instructa
949 2034 1008 2118 sit,
1046 2029 1237 2104 audebimus
1264 2034 1424 2102 iuvocare
1458 2039 1491 2100 te
1523 2026 1630 2098 Deum
1664 2026 1863 2114 coelestem,
1894 2049 1978 2098 ora-

616 2144 736 2234 bimus,
764 2156 797 2217 et
823 2146 979 2217 dicemus
1032 2148 1132 2220 Pater
1158 2157 1273 2220 noster
1300 2150 1353 2242 qui
1380 2169 1417 2217 es
1444 2147 1477 2214 iu
1504 2142 1618 2214 coelis.

720 2262 880 2355 Populos.
933 2261 1174 2350 Sanctificetur,
1202 2271 1267 2334 etc.

719 2377 903 2451 Sacerdos.
956 2378 1057 2450 Pater
1082 2378 1171 2450 boue
1199 2387 1232 2450 et
1257 2381 1469 2468 miseriem,
1504 2381 1559 2474 qui
1594 2380 1787 2474 praestitisti
1821 2376 1917 2450 nobis
1945 2387 2004 2478 ut·

616 2493 673 2565 filii
700 2497 746 2565 tui
778 2515 994 2566 vocaremur:
1026 2496 1119 2588 eripe
1145 2516 1208 2566 nos
1236 2518 1255 2566 a
1286 2480 1519 2568 tentationibus
1552 2497 1780 2586 gravissimis,
1807 2505 1842 2566 et
1872 2494 1978 2567 libera

617 2631 680 2681 nos
707 2632 727 2679 a
753 2608 916 2702 maligna
943 2613 1097 2703 omnique
1123 2620 1288 2706 potestate
1315 2615 1405 2704 ejus,
1443 2621 1477 2682 et
1503 2635 1524 2682 a
1550 2610 1840 2684 machinationibus
1863 2612 1978 2685 -homi-

616 2744 693 2794 uum
724 2723 949 2821 improborum
981 2733 1016 2796 et
1041 2725 1225 2799 referemus
1251 2724 1309 2798 tibi
1336 2725 1488 2818 gloriam,
1515 2735 1578 2798 etc.

722 2840 883 2933 Populos.
934 2843 1054 2915 Arnen.

720 2956 903 3028 Sacerdos.
956 2957 1039 3029 Pax.

715 3072 881 3164 Populus.
934 3073 978 3144 ta
1004 3096 1077 3146 cum
1105 3079 1221 3171 spiritu
1245 3088 1312 3149 tuo.

720 3189 908 3261 Diacoata.
961 3189 1131 3288 Inclinato¹
1146 3196 1253 3289 capita
1279 3201 1404 3264 vestra.

719 3302 902 3377 Sacerdos.
953 3306 1032 3378 Rex
1058 3330 1179 3400 magne
1198 3320 1231 3381 et
1257 3315 1467 3404 omnipotens
1495 3307 1555 3380 suh
1583 3311 1677 3401 cujus
1691 3312 1820 3405 imperii
1846 3319 1976 3407 sceptro

617 3442 733 3494 omues
761 3431 935 3494 creaturae
962 3423 1177 3515 inclinantur,
1210 3429 1300 3496 mitto
1332 3425 1582 3498 benedictiones
1617 3436 1690 3498 toas
1724 3448 1826 3522 super
1850 3425 1975 3499 Eccle-

617 3541 700 3611 siam
734 3546 821 3608 mam
857 3547 1023 3628 sanctam,
1057 3563 1143 3635 quae
1175 3563 1261 3613 nuuc
1291 3540 1465 3612 inclinatur
1499 3562 1613 3613 coram
1646 3550 1696 3630 te,
1728 3552 1762 3613 et
1793 3540 1974 3618 referemus

616 3651 687 3742 tibi,
715 3664 777 3725 etc.

719 3768 879 3862 Populus.
931 3770 1050 3842 Amen.

719 3883 902 3956 Sacerdos.
955 3887 1038 3956 Pax.

721 3999 882 4093 Populus.
933 3999 1076 4074 Etcum
1104 4006 1311 4099 spiritutuo.

720 4113 902 4188 Sacerdos.
956 4117 1007 4189 Sit
1031 4122 1148 4211 gratia.

724 4231 910 4304 Diaconos.
964 4233 1047 4306 Cum
1073 4238 1200 4306 timore.

722 4347 883 4440 Populea.
936 4349 1028 4424 Unus
1055 4350 1155 4423 Pater
1181 4363 1324 4426 sauctus.

838 4640 1012 4714 Sacerdos
1039 4646 1123 4716 dicit
1150 4645 1346 4718 Orationem
1373 4633 1570 4719 Gratiarum
1596 4654 1752 4723 actionis.

723 4827 856 4903 Gratius
883 4835 1011 4924 agimus
1039 4835 1097 4908 tihi
1123 4836 1215 4910 Deus
1249 4847 1283 4908 et
1315 4836 1507 4910 confitemur
1532 4841 1655 4912 nomini
1681 4849 1754 4928 tuo,
1792 4840 1880 4934 quod
1912 4861 1971 4913 uos

617 4939 695 5014 licet
719 4943 885 5039 indiguos,
911 4947 1020 5021 fecisti
1046 4950 1165 5044 dignos
1190 4951 1255 5024 hoc
1286 4951 1375 5025 dono
1410 4953 1523 5028 divino
1559 4960 1710 5052 corporis
1738 4969 1771 5032 et
1804 4959 1972 5051 sauguinis

621 5063 780 5153 unigeniti
805 5061 882 5136 Filii
907 5067 965 5157 tui,
992 5075 1026 5138 et
1050 5065 1245 5158 referemus,
1272 5078 1333 5141 etc.
