4730 6038
642 557 717 632 282
1090 551 1510 676 'LITURGIA

744 743 929 836 Sacerdos.
981 739 1232 815 Misericordiae
1257 740 1323 811 Dei
1348 742 1413 811 sint
1437 737 1624 814 vobiscmn.

746 860 907 953 Populus.
958 857 1003 930 Et
1029 879 1104 930 cum
1130 857 1244 951 spiritu
1270 865 1337 927 uuo.

745 977 926 1048 Diaconos
952 974 1026 1046 altu
1050 995 1139 1046 uoce
1160 975 1370 1066 pronunciat
1396 971 1617 1043 catholicam.

746 1090 930 1167 Sacerdos.
984 1087 1159 1164 Credimus
1186 1098 1221 1160 ot
1248 1086 1444 1160 accedimus.

1076 1451 1196 1522 Oratio
1224 1454 1304 1519 ante
1330 1449 1431 1520 Pnter
1455 1457 1580 1520 noster.

655 1683 658 1701 “
746 1674 936 1748 Adornmus
971 1682 1029 1760 te,
1062 1673 1155 1746 Deus
1190 1672 1291 1744 Pater
1320 1674 1547 1767 omnipotens,
1580 1681 1730 1761 creator,
1765 1683 1799 1744 et
1834 1672 2015 1771 dispositor

643 1790 834 1877 visibilium,
861 1799 895 1860 et
920 1787 1150 1876 invisibilium,
1178 1792 1232 1884 qui
1260 1809 1298 1860 os
1324 1787 1538 1862 absconditus
1565 1798 1599 1860 et
1624 1787 1858 1878 inscrutabilis,
1890 1791 2015 1864 inetia-

641 1905 736 1994 bilis,
763 1916 797 1978 et
822 1904 1087 1978 interminabilis:
1114 1908 1212 1998 origo
1240 1903 1336 1993 boni,
1368 1915 1402 1976 et
1436 1903 1512 1977 ious
1545 1908 1637 1977 vitae
1672 1904 1798 1999 ubsque
1833 1909 2014 2003 principio:

642 2023 721 2094 Rex
746 2044 882 2114 regum,
909 2032 943 2093 et
967 2020 1129 2095 Dominus
1147 2019 1373 2115 Angelorum
1402 2023 1457 2116 qui
1473 2020 1672 2095 sublimitate
1690 2031 1745 2092 tun
1767 2021 2014 2112 excelsissima,

644 2159 746 2234 super
770 2147 917 2225 naturas,
945 2146 1142 2233 potestates,
1169 2148 1204 2209 et
1223 2138 1357 2210 ordines
1372 2158 1500 2227 onmes,
1528 2137 1770 2209 circumfereris
1797 2159 1898 2234 super
1915 2138 2014 2210 thro-

643 2277 721 2325 num
749 2263 921 2325 eetemum
948 2256 1132 2345 mejestatis
1159 2264 1236 2325 tune
1263 2257 1295 2324 in
1323 2253 1484 2326 excelsis:
1512 2255 1567 2347 qui
1597 2253 1714 2326 videns
1742 2275 1849 2346 genus
1864 2265 2014 2332 nostrum

642 2374 676 2442 in
703 2368 853 2464 periculo
890 2372 1119 2459 constitutum,
1160 2368 1236 2441 dum
1270 2371 1456 2460 ignorantie
1489 2368 1658 2440 doctrinae
1685 2373 1776 2442 vitae
1808 2378 2014 2460 teneremur;

643 2508 711 2557 non
737 2484 917 2576 neglexisti
945 2506 1063 2580 opem,
1090 2489 1137 2555 et'
1150 2507 1262 2556 curum
1290 2507 1373 2576 ergo
1389 2505 1450 2558 nos
1466 2495 1563 2556 tuam.
1615 2483 1735 2558 Misisti
1751 2490 1837 2557 enim
1862 2484 2014 2582 prophe-

644 2612 696 2674 tes
722 2604 878 2695 primum,
906 2609 941 2670 ut
966 2603 1224 2673 conversionem
1249 2600 1347 2673 nobis
1374 2599 1525 2673 omnibus
1552 2600 1672 2692 modis,
1699 2611 1733 2674 et
1752 2601 2015 2676 similitudinibus

644 2716 896 2813 praedicerent3
923 2715 1084 2810 ideoque,
1111 2725 1146 2788 et
1172 2725 1322 2812 temporo
1350 2716 1498 2810 elegisti,
1526 2717 1643 2812 quibus
1669 2718 1843 2792 nobiscum
1868 2740 1929 2815 por
1956 2717 2015 2789 di-

644 2833 763 2905 lectum
796 2831 914 2903 Filium
947 2841 1037 2904 tuum
1071 2831 1202 2906 locutus
1237 2855 1294 2924 es,
1330 2836 1533 2926 unigenitum
1565 2832 1676 2922 illum,
1710 2839 1765 2928 qui
1800 2857 1847 2906 ex
1881 2844 1914 2906 te
1951 2843 2015 2922 est,

645 2971 802 3043 germen,
829 2959 863 3020 et
888 2947 1017 3045 prolem
1045 2971 1091 3020 ex
1117 2951 1191 3022 sinu
1218 2960 1286 3040 tuo,
1314 2959 1347 3022 et
1373 2949 1478 3021 solem
1506 2973 1552 3021 ex
1579 2949 1761 3023 substantio
1788 2959 1856 3041 tua,
1880 2954 2014 3024 verita-

644 3075 728 3152 tem,
755 3066 857 3136 vitam
884 3075 918 3135 et
945 3063 1103 3153 salutem;
1130 3068 1184 3159 qui
1212 3070 1321 3138 carnis
1349 3087 1493 3161 expers,
1518 3070 1707 3138 incarnatus
1735 3077 1804 3138 ost:
1833 3075 1865 3138 et
1892 3069 2014 3138 incor-

643 3204 785 3280 poreus,
812 3202 935 3274 corpus
962 3184 1154 3276 assumpsit:
1183 3185 1238 3276 qui
1263 3180 1435 3254 nobiscum
1464 3185 1496 3253 in
1530 3192 1620 3255 terro
1654 3191 1894 3271 conversatus,
1927 3204 2014 3254 orn·-

643 3303 768 3370 tionem
802 3305 981 3393 paternam·
1007 3318 1071 3370 nos
1107 3296 1235 3387 docuit,
1275 3309 1309 3370 et
1341 3298 1537 3370 sucrificium
1574 3302 1646 3370 siue
1679 3299 1818 3371 mocula.
1880 3297 2015 3372 Oblatio

644 3411 872 3507 acceptabilis,
899 3422 933 3484 et
960 3412 1044 3486 odor
1071 3416 1185 3488 suevis
1212 3433 1273 3508 pro
1300 3414 1397 3488 nobis
1414 3417 1532 3504 extitit,
1560 3419 1766 3511 etmysteria
1783 3413 1868 3487 hoec
1887 3425 2014 3501 sancta,

644 3539 678 3599 et
704 3533 795 3600 vitae
821 3529 921 3625 pleno
947 3527 1044 3602 nobis
1071 3528 1213 3601 tradidit.
1267 3529 1319 3602 Tu
1346 3552 1429 3622 ergo
1456 3530 1615 3618 Domine,
1642 3531 1767 3627 perfice
1797 3553 1860 3604 uos
1896 3533 1928 3603 in
1955 3530 2016 3602 di-

645 3644 784 3740 sciplina
811 3648 915 3740 ipsius
943 3646 1199 3739 sapientissime,
1227 3656 1261 3716 ut
1287 3649 1395 3718 animo
1421 3668 1519 3742 puro,
1546 3651 1749 3720 conscientia
1767 3647 1951 3734 defaecata,
1979 3657 2015 3720 et

644 3759 757 3853 lingue
784 3760 882 3856 plene
910 3759 1132 3848 exultatione,
1159 3762 1339 3834 clamemus
1365 3761 1407 3833 ad
1421 3771 1471 3852 ta,
1500 3785 1644 3855 oremus,
1671 3773 1705 3836 et
1725 3763 1889 3838 dicemus:
1911 3766 2014 3837 Pater

643 3887 759 3950 noster
786 3879 841 3972 qui
868 3898 906 3950 es
932 3880 966 3948 in
993 3877 1107 3948 coelis.

745 3992 906 4087 Populus.
959 3991 1209 4083 Sanctificetur,
1236 4001 1300 4065 etc.

748 4108 931 4180 Sacerdos.
984 4109 1091 4181 Tuum
1118 4121 1169 4182 est
1196 4112 1284 4180 enim
1296 4111 1458 4200 Domine,
1485 4113 1673 4204 imperium,
1700 4112 1825 4200 virtus,
1853 4114 2014 4207 potentia,

645 4248 806 4318 regnum,
833 4237 867 4298 et
892 4224 1054 4315 laudatio,
1081 4238 1245 4322 potesque
1272 4230 1404 4322 eripere
1430 4250 1493 4301 nos
1521 4251 1542 4298 a
1568 4228 1675 4318 mulo,
1709 4238 1743 4298 et
1776 4226 1817 4299 ab
1855 4229 2014 4325 operibus

646 4347 734 4436 ojus,
762 4351 796 4413 et
822 4340 864 4413 ub
892 4343 1182 4439 oppressionibus,
1218 4343 1469 4430 tentationibus,
1506 4354 1540 4415 et
1574 4347 1680 4436 virgis
1712 4343 1854 4431 luroris,
1890 4355 1924 4418 et
1956 4345 2015 4416 di-

645 4461 775 4530 mittere
808 4469 964 4556 peccato,
1001 4468 1034 4532 et
1069 4460 1188 4532 delicta
1213 4469 1329 4534 nostru
1360 4483 1422 4556 per
1454 4459 1685 4532 abundantium
1717 4483 1873 4554 magnam
1904 4466 2016 4533 mise-

646 4572 811 4646 ricordiae
848 4587 947 4665 tuoe,
979 4586 1015 4647 ut
1047 4575 1123 4647 dum
1165 4577 1387 4649 sanctificatur
1418 4580 1452 4649 in
1484 4577 1581 4650 nobis
1614 4598 1736 4649 nomen
1769 4589 1876 4666 tuum,
1912 4589 1946 4650 et
1980 4581 2015 4650 in

552 4781 554 4786 ι
646 4688 742 4762 nobis
769 4700 824 4764 tun
851 4690 1006 4764 voluntas
1039 4691 1225 4789 perficitur,
1258 4701 1292 4764 te
1326 4692 1516 4787 laudemus,
1550 4705 1682 4785 sancte,
1719 4703 1753 4765 et
1782 4692 1900 4766 Filium
1932 4694 2017 4764 nni-

647 4807 803 4898 genitum.

750 4923 911 5016 Populus.
965 4925 1082 4998 Amen.

748 5038 931 5112 Sacerdos.
984 5043 1059 5114 Pax
1084 5040 1184 5115 vobis
1211 5038 1372 5113 omnibus.
