4728 6028
735 575 808 650 136
1231 576 1586 654 blTUllGll

833 761 1016 836 Sacadoa.
1067 763 1554 859 Similiteretincalicequi
1588 762 1631 834 ab
1664 766 1903 857 magnatus,
1937 767 2089 840 sanctifi-

731 889 838 968 caus,
863 891 898 951 et
923 881 1019 952 datus
1050 881 1167 952 iisdem
1197 884 1322 954 sanda
1351 879 1525 976 Apostolis
1551 878 1626 953 brit.
1661 883 1857 972 sanguinem
1882 905 1978 954 suum
2002 907 2089 979 pro-

730 998 940 1091 pitiatorium,
966 999 1098 1070 dicens:
1124 1002 1286 1093 accipite,
1318 998 1420 1070 bibite
1453 1020 1500 1069 ex
1533 1019 1576 1068 eo
1610 1019 1677 1068 vos
1709 1019 1843 1070 omnes:
1872 998 1937 1069 llio
1969 1022 2090 1095 nempe

730 1121 783 1182 est
807 1112 897 1185 calix
923 1117 1094 1206 sanguinis
1118 1119 1185 1185 mei
1210 1114 1301 1185 Novi
1325 1113 1541 1202 Testamenti,
1567 1117 1623 1207 qui
1648 1137 1712 1208 pro
1729 1113 1829 1186 vobis
1843 1123 1954 1210 etpro
1979 1115 2089 1188 multis

673 1300 677 1309 ,
730 1224 960 1301 effundituPet
985 1231 1081 1302 datur
1105 1231 1148 1302 ad
1174 1233 1400 1325 expiationem
1425 1228 1642 1318 delictorum,
1675 1239 1710 1301 et
1741 1234 1974 1303 remissionem
1998 1253 2088 1327 pee-

729 1355 878 1416 catorum
904 1345 993 1418 dedit
1017 1345 1114 1418 nobis
1141 1346 1184 1417 ad
1209 1349 1311 1418 vitam
1336 1357 1515 1418 aeternam

831 1463 992 1556 Populus.
1043 1467 1164 1535 Amen.

830 1578 1012 1650 Sacerdoa.
1062 1579 1225 1673 Adiunxit
1254 1579 1350 1651 simul
1378 1577 1464 1652 banc
1490 1577 1745 1650 admonitionem
1773 1577 1905 1648 diceas:
1931 1581 2086 1673 quoties-

727 1714 867 1788 mmque
892 1699 969 1789 pani
993 1695 1068 1767 buio
1097 1695 1399 1783 communicabitis,
1433 1705 1573 1766 mortem
1604 1704 1639 1765 et
1670 1697 1949 1768 resurrectionem
1979 1718 2086 1768 meam

727 1811 1039 1902 commemorantis,
1065 1813 1174 1884 donee
1198 1816 1342 1883 veniam.

829 1927 991 2020 Populus.
1042 1927 1160 2000 blortis
1186 1941 1273 2000 tuae.

831 2042 1006 2115 Sacerdos
1038 2045 1175 2115 εἱεεαιιε
1205 2066 1329 2115 rocem.
1381 2043 1458 2115 Nou
1495 2042 1655 2116 obliuioni
1688 2040 1847 2114 audenda
1880 2055 1956 2115 sunt
1987 2043 2085 2118 nobis

728 2159 885 2230 mnaena
910 2159 1070 2256 stupenda
1104 2159 1358 2255 dispensationis
1390 2171 1468 2232 tuae
1493 2159 1666 2246 salutaria,
1698 2183 1775 2230 curn
1806 2161 1912 2250 siguis
1947 2159 2085 2232 terribi-

726 2275 813 2348 libus
845 2276 1007 2348 adventus
1038 2281 1102 2366 tui,
1133 2300 1199 2370 quo
1225 2277 1422 2349 retribuetur
1456 2279 1630 2370 unicnique
1661 2274 1840 2346 secundum
1874 2297 1979 2370 opera
2011 2297 2085 2364 sua,

727 2391 885 2464 Domine:
920 2403 1098 2490 eapropter
1128 2391 1282 2466 Ecclesia
1313 2405 1368 2466 tua
1400 2402 1434 2465 et
1459 2413 1546 2484 grex
1573 2401 1647 2464 brus
1669 2392 1868 2487 deprecatum
1892 2401 1936 2476 te,
1963 2399 1997 2462 et
2021 2411 2084 2485 per

726 2515 761 2578 te
786 2517 821 2580 a
845 2519 954 2582 tecm
979 2509 1111 2581 Patrem
1137 2519 1238 2598 uum,
1264 2509 1387 2582 dimac

828 2625 990 2718 Populea.
1041 2625 1205 2698 bliserere
1242 2629 1348 2700 nostri
1388 2627 1481 2698 Deus
1514 2627 1616 2698 Pater
1655 2627 1883 2718 omnipotens,
1921 2627 2084 2694 miserere

725 2743 841 2814 nostri.

825 2857 1008 2930 Sacerdos.
1061 2858 1133 2931 Nos
1165 2881 1297 2954 quoque
1329 2858 1492 2946 Domine,
1533 2855 1652 2928 infirmi
1688 2868 1723 2929 et
1755 2865 1953 2953 peccatores
1989 2857 2081 2928 servi

724 2977 788 3064 tui,
819 2976 945 3067 gratias
977 2977 1105 3068 agimus
1146 2974 1205 3046 tibi
1239 2984 1274 3045 et
1305 2974 1474 3046 laudamus
1510 2985 1543 3046 to
1573 2996 1635 3070 pro
1668 2970 1838 3060 omullus,
1876 2980 1910 3041 et
1943 2978 2081 3066 propter

724 3113 844 3164 omma.

824 3207 986 3300 Populus.
1038 3209 1091 3280 te
1116 3207 1349 3299 glorificamus

824 3324 1006 3398 moeros.
1057 3325 1243 3420 Praecipue
1269 3346 1353 3396 vero
1380 3333 1415 3394 et
1439 3323 1596 3418 primario
1622 3329 1772 3391 sanctam
1806 3328 1841 3390 et
1871 3315 2080 3390 benedictam

723 3461 856 3536 semper
880 3439 1052 3534 Virginem
1076 3442 1115 3512 B.
1140 3439 1281 3513 blariam
1306 3441 1370 3512 Dei
1395 3441 1589 3532 genitricem
1621 3457 1927 3508 commemoramus.

824 3557 1012 3630 Dioooam.
1063 3557 1231 3628 Memento
1268 3557 1376 3644 illius,
1413 3555 1555 3627 Domine
1586 3552 1695 3624 Deus:
1734 3562 1768 3623 et
1808 3574 1870 3647 per
1910 3551 2079 3620 orationes

722 3675 808 3748 illius
833 3697 934 3770 puras
961 3683 996 3746 et
1020 3682 1175 3764 sanctas,
1209 3696 1311 3769 parce
1343 3671 1439 3745 nobis
1471 3681 1508 3742 et
1538 3673 1699 3742 miserere
1731 3666 1839 3740 uobis.
1893 3665 1998 3753 Quam
2029 3666 2078 3734 ti-

721 3792 841 3864 menda
867 3800 919 3864 est
944 3789 1028 3862 baec
1054 3789 1154 3862 bora:
1182 3813 1279 3884 quam
1305 3788 1450 3860 terribile
1477 3799 1604 3879 tempus
1631 3782 1736 3871 istard,
1762 3783 1872 3855 dilecti
1902 3784 1985 3868 mei,
2012 3801 2078 3874 quo

722 3909 863 4005 Spiritus
890 3917 1025 3982 sanctas
1052 3905 1094 3978 de
1120 3904 1265 3978 excelsis
1291 3903 1482 3978 sublimibus
1507 3902 1611 3976 coelis
1637 3899 1787 3988 advolat,
1814 3897 1995 3986 descendit,
2020 3897 2079 3965 iu-

721 4023 821 4098 cubat
851 4032 885 4095 et
921 4025 1099 4122 requiescit
1139 4045 1239 4117 super
1278 4021 1517 4094 Eucharistiam
1555 4018 1640 4089 banc
1677 4019 1896 4112 propositam,
1938 4033 2078 4106 eamque

721 4139 911 4214 sanctificat
963 4137 1000 4211 ln
1026 4137 1155 4212 silentio
1183 4148 1217 4210 et
1242 4141 1360 4210 timore
1393 4147 1479 4210 state
1511 4145 1546 4208 et
1571 4143 1675 4207 orate.
1728 4132 1830 4205 Orate
1862 4151 1979 4227 pacem
2005 4150 2076 4200 uo-

719 4254 860 4342 biscum,
885 4267 919 4328 et
943 4253 1207 4350 tranquillitatem
1233 4254 1330 4327 nobis
1357 4253 1523 4328 omnbus:
1555 4249 1735 4323 clamemus
1766 4259 1800 4320 et
1830 4246 1978 4318 dicamus
2007 4255 2077 4316 ter:

720 4369 826 4466 llyrie
851 4370 987 4444 eleison.
1145 4355 1149 4368 ’

823 4485 996 4558 Sacerdos
1020 4486 1211 4560 samanae.
1263 4488 1429 4583 Propitius
1455 4497 1529 4562 esto
1556 4483 1645 4573 mibi,
1670 4484 1826 4570 Domine,
1851 4481 2076 4571 universoque

721 4607 819 4700 gregi
844 4611 899 4674 bro
926 4611 960 4675 et
982 4601 1177 4675 haereditati
1203 4615 1297 4678 tuae:
1332 4604 1538 4701 placitosque
1572 4600 1677 4690 babo,
1709 4607 1745 4672 et
1779 4595 1947 4670 sanctifica
1973 4591 2077 4664 obla-

722 4725 830 4794 tiones
857 4720 948 4806 istas,
973 4739 1033 4816 per
1059 4717 1209 4815 illapsum
1235 4721 1376 4818 Spiritus
1403 4723 1449 4792 tui
1475 4721 1597 4794 sancti:
1623 4720 1678 4811 qui
1710 4715 1825 4788 ate*
1851 4710 2002 4808 procedit
2032 4706 2075 4780 ab

723 4846 870 4924 anemo,
896 4845 930 4908 et
954 4860 975 4908 a
1000 4833 1085 4908 Filio
1111 4845 1169 4909 tuo
1193 4840 1315 4934 accipit
1340 4833 1606 4913 substantialiter.

824 4950 871 5022 Et
894 4972 1006 5045 genua
1027 4953 1176 5045 placem,
1203 4953 1296 5024 dicit.
1346 4951 1480 5027 Exaudi
1505 4971 1559 5020 me
1585 4951 1743 5022 Domine:
1769 4943 1891 5018 exaudi
1916 4964 1970 5014 mo
1995 4941 2074 5012 Do-

720 5072 828 5142 mina:
854 5065 976 5142 exaudi
999 5089 1054 5142 me
1080 5069 1237 5144 Domine:
1263 5080 1297 5145 ot
1321 5074 1482 5146 mamere
1505 5068 1580 5140 mei.
