<?xml version="1.0" encoding="UTF-8"?>
<!DOCTYPE html PUBLIC "-//W3C//DTD XHTML 1.0 Transitional//EN"
    "http://www.w3.org/TR/xhtml1/DTD/xhtml1-transitional.dtd">
<html xmlns="http://www.w3.org/1999/xhtml" xml:lang="en" lang="en">
 <head>
  <title>
</title>
<meta http-equiv="Content-Type" content="text/html;charset=utf-8" />
  <meta name='ocr-system' content='tesseract 3.04.00' />
  <meta name='ocr-capabilities' content='ocr_page ocr_carea ocr_par ocr_line ocrx_word'/>
</head>
<body>
  <div class='ocr_page' id='page_1' title='image "./liturgiarumorie04renagoog_0379.png"; bbox 0 0 4730 6038; ppageno 0'>
   <div class='ocr_carea' id='block_1_1' title="bbox 674 474 1480 556">
    <p class='ocr_par' dir='ltr' id='par_1_1' title="bbox 674 474 1480 556">
     <span class='ocr_line' id='line_1_1' title="bbox 674 474 1480 556; baseline 0.009 -7"><span class='ocrx_word' id='word_1_1' title='bbox 674 474 749 550; x_wconf 78' lang='lat'><strong>342</strong></span> <span class='ocrx_word' id='word_1_2' title='bbox 1249 478 1480 556; x_wconf 84' lang='lat' dir='ltr'><strong>NOTAE</strong></span> 
     </span>
    </p>
   </div>
   <div class='ocr_carea' id='block_1_2' title="bbox 669 661 2044 2635">
    <p class='ocr_par' dir='ltr' id='par_1_2' title="bbox 669 661 2044 2635">
     <span class='ocr_line' id='line_1_2' title="bbox 677 661 2043 746; baseline 0.004 -23"><span class='ocrx_word' id='word_1_3' title='bbox 677 678 767 742; x_wconf 90' lang='lat' dir='ltr'><strong>quam</strong></span> <span class='ocrx_word' id='word_1_4' title='bbox 791 661 965 744; x_wconf 85' lang='lat' dir='ltr'><strong>Ceograpbi</strong></span> <span class='ocrx_word' id='word_1_5' title='bbox 988 661 1123 726; x_wconf 86' lang='lat' dir='ltr'><strong>nonnulli</strong></span> <span class='ocrx_word' id='word_1_6' title='bbox 1144 661 1307 727; x_wconf 90' lang='lat' dir='ltr'><strong>Armeniae</strong></span> <span class='ocrx_word' id='word_1_7' title='bbox 1330 661 1503 728; x_wconf 89' lang='lat' dir='ltr'><strong>attribuunt.</strong></span> <span class='ocrx_word' id='word_1_8' title='bbox 1532 662 1616 727; x_wconf 89' lang='lat' dir='ltr'><strong>lllum</strong></span> <span class='ocrx_word' id='word_1_9' title='bbox 1640 665 1719 728; x_wconf 89' lang='lat' dir='ltr'><strong>enirn</strong></span> <span class='ocrx_word' id='word_1_10' title='bbox 1741 664 1926 746; x_wconf 86' lang='lat' dir='ltr'><strong>Episcopum</strong></span> <span class='ocrx_word' id='word_1_11' title='bbox 1949 664 2043 728; x_wconf 90' lang='lat' dir='ltr'><strong>fuisse</strong></span> 
     </span>
     <span class='ocr_line' id='line_1_3' title="bbox 673 761 2042 845; baseline 0.004 -23"><span class='ocrx_word' id='word_1_12' title='bbox 673 761 847 824; x_wconf 88' lang='lat' dir='ltr'><strong>Nestoriani</strong></span> <span class='ocrx_word' id='word_1_13' title='bbox 867 761 1000 825; x_wconf 78' lang='lat' dir='ltr'><strong>Antores</strong></span> <span class='ocrx_word' id='word_1_14' title='bbox 1023 769 1186 841; x_wconf 78' lang='lat' dir='ltr'><strong>testantur,</strong></span> <span class='ocrx_word' id='word_1_15' title='bbox 1217 781 1275 844; x_wconf 93' lang='lat' dir='ltr'><strong>qua</strong></span> <span class='ocrx_word' id='word_1_16' title='bbox 1298 763 1337 826; x_wconf 92' lang='lat' dir='ltr'><strong>de</strong></span> <span class='ocrx_word' id='word_1_17' title='bbox 1359 781 1393 826; x_wconf 90' lang='lat' dir='ltr'><strong>re</strong></span> <span class='ocrx_word' id='word_1_18' title='bbox 1416 763 1488 826; x_wconf 90' lang='lat' dir='ltr'><strong>nibil</strong></span> <span class='ocrx_word' id='word_1_19' title='bbox 1512 762 1591 845; x_wconf 92' lang='lat' dir='ltr'><strong>apud</strong></span> <span class='ocrx_word' id='word_1_20' title='bbox 1612 763 1766 827; x_wconf 87' lang='lat' dir='ltr'><strong>Jaccbitas</strong></span> <span class='ocrx_word' id='word_1_21' title='bbox 1789 765 1877 828; x_wconf 87' lang='lat' dir='ltr'><strong>nobis</strong></span> <span class='ocrx_word' id='word_1_22' title='bbox 1901 767 2042 828; x_wconf 90' lang='lat' dir='ltr'><strong>occurrit.</strong></span> 
     </span>
     <span class='ocr_line' id='line_1_4' title="bbox 673 859 2042 946; baseline 0.004 -24"><span class='ocrx_word' id='word_1_23' title='bbox 673 861 785 922; x_wconf 88' lang='lat' dir='ltr'><strong>Verum</strong></span> <span class='ocrx_word' id='word_1_24' title='bbox 816 879 882 922; x_wconf 91' lang='lat' dir='ltr'><strong>cnm</strong></span> <span class='ocrx_word' id='word_1_25' title='bbox 910 863 989 924; x_wconf 88' lang='lat' dir='ltr'><strong>inter</strong></span> <span class='ocrx_word' id='word_1_26' title='bbox 1016 869 1060 924; x_wconf 91' lang='lat' dir='ltr'><strong>tot</strong></span> <span class='ocrx_word' id='word_1_27' title='bbox 1083 859 1222 943; x_wconf 88' lang='lat' dir='ltr'><strong>Syriacas</strong></span> <span class='ocrx_word' id='word_1_28' title='bbox 1246 861 1397 945; x_wconf 80' lang='lat' dir='ltr'><strong>liturgias</strong></span> <span class='ocrx_word' id='word_1_29' title='bbox 1419 861 1499 924; x_wconf 93' lang='lat' dir='ltr'><strong>nulla</strong></span> <span class='ocrx_word' id='word_1_30' title='bbox 1523 864 1560 924; x_wconf 92' lang='lat' dir='ltr'><strong>sit</strong></span> <span class='ocrx_word' id='word_1_31' title='bbox 1583 880 1661 943; x_wconf 93' lang='lat' dir='ltr'><strong>quae</strong></span> <span class='ocrx_word' id='word_1_32' title='bbox 1684 861 1809 944; x_wconf 91' lang='lat' dir='ltr'><strong>alicujus</strong></span> <span class='ocrx_word' id='word_1_33' title='bbox 1832 864 1962 940; x_wconf 91' lang='lat' dir='ltr'><strong>autoris,</strong></span> <span class='ocrx_word' id='word_1_34' title='bbox 1992 867 2042 946; x_wconf 89' lang='lat' dir='ltr'><strong>qui</strong></span> 
     </span>
     <span class='ocr_line' id='line_1_5' title="bbox 672 960 2043 1042; baseline 0.001 -19"><span class='ocrx_word' id='word_1_35' title='bbox 672 960 842 1042; x_wconf 86' lang='lat' dir='ltr'><strong>Episcopus</strong></span> <span class='ocrx_word' id='word_1_36' title='bbox 866 968 916 1022; x_wconf 90' lang='lat' dir='ltr'><strong>aut</strong></span> <span class='ocrx_word' id='word_1_37' title='bbox 938 960 1111 1023; x_wconf 90' lang='lat' dir='ltr'><strong>Patriarcha</strong></span> <span class='ocrx_word' id='word_1_38' title='bbox 1134 978 1194 1023; x_wconf 92' lang='lat' dir='ltr'><strong>non</strong></span> <span class='ocrx_word' id='word_1_39' title='bbox 1216 960 1322 1036; x_wconf 90' lang='lat' dir='ltr'><strong>fuerit,</strong></span> <span class='ocrx_word' id='word_1_40' title='bbox 1354 978 1464 1023; x_wconf 89' lang='lat' dir='ltr'><strong>nomen</strong></span> <span class='ocrx_word' id='word_1_41' title='bbox 1493 960 1661 1042; x_wconf 86' lang='lat' dir='ltr'><strong>praeferat,</strong></span> <span class='ocrx_word' id='word_1_42' title='bbox 1693 981 1733 1024; x_wconf 87' lang='lat' dir='ltr'><strong>ex</strong></span> <span class='ocrx_word' id='word_1_43' title='bbox 1762 981 1800 1026; x_wconf 92' lang='lat' dir='ltr'><strong>eo</strong></span> <span class='ocrx_word' id='word_1_44' title='bbox 1830 963 1940 1027; x_wconf 91' lang='lat' dir='ltr'><strong>indicio</strong></span> <span class='ocrx_word' id='word_1_45' title='bbox 1963 962 2043 1026; x_wconf 91' lang='lat' dir='ltr'><strong>baud</strong></span> 
     </span>
     <span class='ocr_line' id='line_1_6' title="bbox 674 1059 2044 1144; baseline 0.001 -22"><span class='ocrx_word' id='word_1_46' title='bbox 674 1059 811 1122; x_wconf 75' lang='lat' dir='ltr'><strong>fortassis</strong></span> <span class='ocrx_word' id='word_1_47' title='bbox 845 1067 959 1122; x_wconf 89' lang='lat' dir='ltr'><strong>temere</strong></span> <span class='ocrx_word' id='word_1_48' title='bbox 991 1061 1101 1140; x_wconf 83' lang='lat' dir='ltr'><strong>conjici</strong></span> <span class='ocrx_word' id='word_1_49' title='bbox 1123 1067 1239 1141; x_wconf 91' lang='lat' dir='ltr'><strong>potest,</strong></span> <span class='ocrx_word' id='word_1_50' title='bbox 1269 1060 1299 1122; x_wconf 90' lang='lat' dir='ltr'><strong>in</strong></span> <span class='ocrx_word' id='word_1_51' title='bbox 1328 1059 1414 1122; x_wconf 92' lang='lat' dir='ltr'><strong>simili</strong></span> <span class='ocrx_word' id='word_1_52' title='bbox 1437 1059 1582 1123; x_wconf 90' lang='lat' dir='ltr'><strong>Jacobum</strong></span> <span class='ocrx_word' id='word_1_53' title='bbox 1605 1059 1750 1144; x_wconf 88' lang='lat' dir='ltr'><strong>dignitate</strong></span> <span class='ocrx_word' id='word_1_54' title='bbox 1773 1060 1879 1126; x_wconf 90' lang='lat' dir='ltr'><strong>fuisse.</strong></span> <span class='ocrx_word' id='word_1_55' title='bbox 1924 1061 1956 1124; x_wconf 91' lang='lat' dir='ltr'><strong>Si</strong></span> <span class='ocrx_word' id='word_1_56' title='bbox 1976 1059 2044 1123; x_wconf 88' lang='lat' dir='ltr'><strong>Ne-</strong></span> 
     </span>
     <span class='ocr_line' id='line_1_7' title="bbox 672 1158 2042 1243; baseline 0 -21"><span class='ocrx_word' id='word_1_57' title='bbox 672 1161 824 1222; x_wconf 87' lang='lat' dir='ltr'><strong>storianos</strong></span> <span class='ocrx_word' id='word_1_58' title='bbox 847 1159 1000 1236; x_wconf 91' lang='lat' dir='ltr'><strong>audimus,</strong></span> <span class='ocrx_word' id='word_1_59' title='bbox 1031 1159 1128 1222; x_wconf 81' lang='lat' dir='ltr'><strong>lilarin</strong></span> <span class='ocrx_word' id='word_1_60' title='bbox 1158 1159 1325 1223; x_wconf 90' lang='lat' dir='ltr'><strong>Salomonis</strong></span> <span class='ocrx_word' id='word_1_61' title='bbox 1354 1158 1461 1236; x_wconf 91' lang='lat' dir='ltr'><strong>lilium,</strong></span> <span class='ocrx_word' id='word_1_62' title='bbox 1492 1166 1523 1221; x_wconf 90' lang='lat' dir='ltr'><strong>et</strong></span> <span class='ocrx_word' id='word_1_63' title='bbox 1550 1158 1674 1222; x_wconf 90' lang='lat' dir='ltr'><strong>Amrum</strong></span> <span class='ocrx_word' id='word_1_64' title='bbox 1702 1163 1769 1243; x_wconf 89' lang='lat' dir='ltr'><strong>ejus</strong></span> <span class='ocrx_word' id='word_1_65' title='bbox 1792 1161 2042 1238; x_wconf 79' lang='lat' dir='ltr'><strong>abbreviatorem,</strong></span> 
     </span>
     <span class='ocr_line' id='line_1_8' title="bbox 672 1257 2044 1343; baseline -0.001 -20"><span class='ocrx_word' id='word_1_66' title='bbox 672 1268 831 1341; x_wconf 83' lang='lat' dir='ltr'><strong>postquam</strong></span> <span class='ocrx_word' id='word_1_67' title='bbox 854 1257 988 1320; x_wconf 87' lang='lat' dir='ltr'><strong>Severus</strong></span> <span class='ocrx_word' id='word_1_68' title='bbox 1009 1258 1187 1323; x_wconf 87' lang='lat' dir='ltr'><strong>Antiochiae</strong></span> <span class='ocrx_word' id='word_1_69' title='bbox 1209 1258 1395 1341; x_wconf 86' lang='lat' dir='ltr'><strong>Episcopatu</strong></span> <span class='ocrx_word' id='word_1_70' title='bbox 1417 1277 1507 1339; x_wconf 91' lang='lat' dir='ltr'><strong>quem</strong></span> <span class='ocrx_word' id='word_1_71' title='bbox 1524 1269 1733 1340; x_wconf 63' lang='lat' dir='ltr'><strong>‘occupaverat</strong></span> <span class='ocrx_word' id='word_1_72' title='bbox 1757 1261 1904 1343; x_wconf 89' lang='lat' dir='ltr'><strong>dejectus,</strong></span> <span class='ocrx_word' id='word_1_73' title='bbox 1927 1263 1957 1322; x_wconf 90' lang='lat' dir='ltr'><strong>in</strong></span> <span class='ocrx_word' id='word_1_74' title='bbox 1970 1260 2044 1322; x_wconf 89' lang='lat' dir='ltr'><strong>Ae·-</strong></span> 
     </span>
     <span class='ocr_line' id='line_1_9' title="bbox 672 1355 2044 1443; baseline 0.003 -25"><span class='ocrx_word' id='word_1_75' title='bbox 672 1363 768 1439; x_wconf 84' lang='lat' dir='ltr'><strong>gypto</strong></span> <span class='ocrx_word' id='word_1_76' title='bbox 792 1355 932 1420; x_wconf 90' lang='lat' dir='ltr'><strong>obiisset:</strong></span> <span class='ocrx_word' id='word_1_77' title='bbox 957 1364 990 1419; x_wconf 92' lang='lat' dir='ltr'><strong>ut</strong></span> <span class='ocrx_word' id='word_1_78' title='bbox 1011 1359 1077 1438; x_wconf 87' lang='lat' dir='ltr'><strong>ejus</strong></span> <span class='ocrx_word' id='word_1_79' title='bbox 1101 1357 1266 1439; x_wconf 90' lang='lat' dir='ltr'><strong>discipulus</strong></span> <span class='ocrx_word' id='word_1_80' title='bbox 1289 1366 1319 1421; x_wconf 94' lang='lat' dir='ltr'><strong>et</strong></span> <span class='ocrx_word' id='word_1_81' title='bbox 1342 1355 1459 1420; x_wconf 88' lang='lat' dir='ltr'><strong>assecla</strong></span> <span class='ocrx_word' id='word_1_82' title='bbox 1477 1357 1608 1422; x_wconf 84' lang='lat' dir='ltr'><strong>lacobus</strong></span> <span class='ocrx_word' id='word_1_83' title='bbox 1623 1359 1815 1443; x_wconf 90' lang='lat' dir='ltr'><strong>Serugensis,</strong></span> <span class='ocrx_word' id='word_1_84' title='bbox 1837 1360 1971 1424; x_wconf 83' lang='lat' dir='ltr'><strong>lacobus</strong></span> <span class='ocrx_word' id='word_1_85' title='bbox 1993 1361 2044 1422; x_wconf 90' lang='lat' dir='ltr'><strong>ille</strong></span> 
     </span>
     <span class='ocr_line' id='line_1_10' title="bbox 673 1455 2044 1542; baseline 0.003 -24"><span class='ocrx_word' id='word_1_86' title='bbox 673 1457 711 1520; x_wconf 90' lang='lat' dir='ltr'><strong>de</strong></span> <span class='ocrx_word' id='word_1_87' title='bbox 735 1473 795 1537; x_wconf 91' lang='lat' dir='ltr'><strong>quo</strong></span> <span class='ocrx_word' id='word_1_88' title='bbox 820 1456 934 1537; x_wconf 88' lang='lat' dir='ltr'><strong>agitur,</strong></span> <span class='ocrx_word' id='word_1_89' title='bbox 957 1455 1081 1519; x_wconf 76' lang='lat' dir='ltr'><strong>mirifice</strong></span> <span class='ocrx_word' id='word_1_90' title='bbox 1104 1465 1217 1520; x_wconf 89' lang='lat' dir='ltr'><strong>sectam</strong></span> <span class='ocrx_word' id='word_1_91' title='bbox 1240 1456 1305 1538; x_wconf 89' lang='lat' dir='ltr'><strong>ejus</strong></span> <span class='ocrx_word' id='word_1_92' title='bbox 1327 1475 1384 1538; x_wconf 87' lang='lat' dir='ltr'><strong>per</strong></span> <span class='ocrx_word' id='word_1_93' title='bbox 1407 1465 1498 1520; x_wconf 92' lang='lat' dir='ltr'><strong>totam</strong></span> <span class='ocrx_word' id='word_1_94' title='bbox 1521 1458 1637 1538; x_wconf 88' lang='lat' dir='ltr'><strong>Syriam</strong></span> <span class='ocrx_word' id='word_1_95' title='bbox 1660 1465 1856 1542; x_wconf 85' lang='lat' dir='ltr'><strong>propagavit,</strong></span> <span class='ocrx_word' id='word_1_96' title='bbox 1879 1461 2044 1542; x_wconf 88' lang='lat' dir='ltr'><strong>praecipue</strong></span> 
     </span>
     <span class='ocr_line' id='line_1_11' title="bbox 672 1555 2044 1639; baseline 0.001 -21"><span class='ocrx_word' id='word_1_97' title='bbox 672 1557 813 1618; x_wconf 87' lang='lat' dir='ltr'><strong>&#39;fakritae</strong></span> <span class='ocrx_word' id='word_1_98' title='bbox 836 1557 866 1616; x_wconf 92' lang='lat' dir='ltr'><strong>in</strong></span> <span class='ocrx_word' id='word_1_99' title='bbox 879 1555 1041 1618; x_wconf 81' lang='lat' dir='ltr'><strong>Armeniae</strong></span> <span class='ocrx_word' id='word_1_100' title='bbox 1063 1557 1182 1635; x_wconf 91' lang='lat' dir='ltr'><strong>fmibus,</strong></span> <span class='ocrx_word' id='word_1_101' title='bbox 1206 1557 1256 1618; x_wconf 93' lang='lat' dir='ltr'><strong>ubi</strong></span> <span class='ocrx_word' id='word_1_102' title='bbox 1278 1555 1433 1619; x_wconf 87' lang='lat' dir='ltr'><strong>Jacobitae</strong></span> <span class='ocrx_word' id='word_1_103' title='bbox 1458 1555 1560 1619; x_wconf 86' lang='lat' dir='ltr'><strong>sedem</strong></span> <span class='ocrx_word' id='word_1_104' title='bbox 1575 1557 1721 1621; x_wconf 88' lang='lat' dir='ltr'><strong>Catholici</strong></span> <span class='ocrx_word' id='word_1_105' title='bbox 1744 1561 1801 1639; x_wconf 90' lang='lat' dir='ltr'><strong>sui,</strong></span> <span class='ocrx_word' id='word_1_106' title='bbox 1825 1578 1880 1622; x_wconf 89' lang='lat' dir='ltr'><strong>seu</strong></span> <span class='ocrx_word' id='word_1_107' title='bbox 1896 1559 2044 1638; x_wconf 69' lang='lat' dir='ltr'><strong>Mosaioni</strong></span> 
     </span>
     <span class='ocr_line' id='line_1_12' title="bbox 672 1655 2041 1740; baseline 0.001 -21"><span class='ocrx_word' id='word_1_108' title='bbox 672 1655 809 1719; x_wconf 91' lang='lat' dir='ltr'><strong>utillum</strong></span> <span class='ocrx_word' id='word_1_109' title='bbox 838 1663 964 1733; x_wconf 83' lang='lat' dir='ltr'><strong>vocant,</strong></span> <span class='ocrx_word' id='word_1_110' title='bbox 995 1655 1105 1718; x_wconf 90' lang='lat' dir='ltr'><strong>dudum</strong></span> <span class='ocrx_word' id='word_1_111' title='bbox 1136 1658 1372 1733; x_wconf 89' lang='lat' dir='ltr'><strong>constituerunt,</strong></span> <span class='ocrx_word' id='word_1_112' title='bbox 1404 1664 1434 1718; x_wconf 91' lang='lat' dir='ltr'><strong>et</strong></span> <span class='ocrx_word' id='word_1_113' title='bbox 1457 1656 1486 1718; x_wconf 92' lang='lat' dir='ltr'><strong>in</strong></span> <span class='ocrx_word' id='word_1_114' title='bbox 1510 1657 1615 1720; x_wconf 89' lang='lat' dir='ltr'><strong>vicinis</strong></span> <span class='ocrx_word' id='word_1_115' title='bbox 1639 1659 1775 1724; x_wconf 88' lang='lat' dir='ltr'><strong>urbibus.</strong></span> <span class='ocrx_word' id='word_1_116' title='bbox 1819 1659 1882 1722; x_wconf 93' lang='lat' dir='ltr'><strong>lllic</strong></span> <span class='ocrx_word' id='word_1_117' title='bbox 1905 1677 2041 1740; x_wconf 87' lang='lat' dir='ltr'><strong>magnam</strong></span> 
     </span>
     <span class='ocr_line' id='line_1_13' title="bbox 672 1753 2042 1822; baseline 0.001 -4"><span class='ocrx_word' id='word_1_118' title='bbox 672 1773 776 1818; x_wconf 86' lang='lat' dir='ltr'><strong>eorum</strong></span> <span class='ocrx_word' id='word_1_119' title='bbox 800 1756 923 1818; x_wconf 87' lang='lat' dir='ltr'><strong>caedem</strong></span> <span class='ocrx_word' id='word_1_120' title='bbox 945 1753 1017 1818; x_wconf 89' lang='lat' dir='ltr'><strong>fecit</strong></span> <span class='ocrx_word' id='word_1_121' title='bbox 1038 1755 1168 1818; x_wconf 88' lang='lat' dir='ltr'><strong>Peroses</strong></span> <span class='ocrx_word' id='word_1_122' title='bbox 1191 1774 1245 1818; x_wconf 90' lang='lat' dir='ltr'><strong>seu</strong></span> <span class='ocrx_word' id='word_1_123' title='bbox 1269 1757 1422 1818; x_wconf 88' lang='lat' dir='ltr'><strong>utPersae</strong></span> <span class='ocrx_word' id='word_1_124' title='bbox 1445 1755 1581 1818; x_wconf 88' lang='lat' dir='ltr'><strong>scribunt</strong></span> <span class='ocrx_word' id='word_1_125' title='bbox 1605 1757 1714 1820; x_wconf 73' lang='lat' dir='ltr'><strong>llinis:</strong></span> <span class='ocrx_word' id='word_1_126' title='bbox 1737 1767 1767 1820; x_wconf 90' lang='lat' dir='ltr'><strong>et</strong></span> <span class='ocrx_word' id='word_1_127' title='bbox 1790 1779 1830 1821; x_wconf 88' lang='lat' dir='ltr'><strong>ex</strong></span> <span class='ocrx_word' id='word_1_128' title='bbox 1853 1777 1889 1821; x_wconf 91' lang='lat' dir='ltr'><strong>ea</strong></span> <span class='ocrx_word' id='word_1_129' title='bbox 1913 1777 1946 1822; x_wconf 88' lang='lat' dir='ltr'><strong>se</strong></span> <span class='ocrx_word' id='word_1_130' title='bbox 1970 1777 2042 1820; x_wconf 90' lang='lat' dir='ltr'><strong>sur-</strong></span> 
     </span>
     <span class='ocr_line' id='line_1_14' title="bbox 673 1853 2040 1940; baseline 0.002 -23"><span class='ocrx_word' id='word_1_131' title='bbox 673 1856 763 1936; x_wconf 92' lang='lat' dir='ltr'><strong>ripuit</strong></span> <span class='ocrx_word' id='word_1_132' title='bbox 785 1855 930 1932; x_wconf 88' lang='lat' dir='ltr'><strong>lacobus,</strong></span> <span class='ocrx_word' id='word_1_133' title='bbox 954 1853 1116 1934; x_wconf 88' lang='lat' dir='ltr'><strong>habitaque</strong></span> <span class='ocrx_word' id='word_1_134' title='bbox 1140 1855 1211 1918; x_wconf 88' lang='lat' dir='ltr'><strong>Solii</strong></span> <span class='ocrx_word' id='word_1_135' title='bbox 1234 1856 1300 1918; x_wconf 90' lang='lat' dir='ltr'><strong>sive</strong></span> <span class='ocrx_word' id='word_1_136' title='bbox 1322 1855 1466 1938; x_wconf 83' lang='lat' dir='ltr'><strong>lieligiosi</strong></span> <span class='ocrx_word' id='word_1_137' title='bbox 1490 1855 1613 1932; x_wconf 87' lang='lat' dir='ltr'><strong>Persae,</strong></span> <span class='ocrx_word' id='word_1_138' title='bbox 1636 1858 1742 1934; x_wconf 72' lang='lat' dir='ltr'><strong>erasit.</strong></span> <span class='ocrx_word' id='word_1_139' title='bbox 1789 1857 1920 1920; x_wconf 88' lang='lat' dir='ltr'><strong>Comites</strong></span> <span class='ocrx_word' id='word_1_140' title='bbox 1948 1855 2040 1940; x_wconf 85' lang='lat' dir='ltr'><strong>fugae</strong></span> 
     </span>
     <span class='ocr_line' id='line_1_15' title="bbox 672 1953 2041 2040; baseline 0.001 -24"><span class='ocrx_word' id='word_1_141' title='bbox 672 1954 749 2018; x_wconf 93' lang='lat' dir='ltr'><strong>duos</strong></span> <span class='ocrx_word' id='word_1_142' title='bbox 777 1954 857 2018; x_wconf 93' lang='lat' dir='ltr'><strong>illurn</strong></span> <span class='ocrx_word' id='word_1_143' title='bbox 888 1953 1046 2032; x_wconf 88' lang='lat' dir='ltr'><strong>babuisse,</strong></span> <span class='ocrx_word' id='word_1_144' title='bbox 1077 1954 1165 2017; x_wconf 87' lang='lat' dir='ltr'><strong>iidem</strong></span> <span class='ocrx_word' id='word_1_145' title='bbox 1196 1963 1317 2018; x_wconf 87' lang='lat' dir='ltr'><strong>autores</strong></span> <span class='ocrx_word' id='word_1_146' title='bbox 1339 1955 1474 2038; x_wconf 83' lang='lat' dir='ltr'><strong>scribunt</strong></span> <span class='ocrx_word' id='word_1_147' title='bbox 1497 1953 1660 2036; x_wconf 81' lang='lat' dir='ltr'><strong>Georgium</strong></span> <span class='ocrx_word' id='word_1_148' title='bbox 1683 1965 1713 2019; x_wconf 91' lang='lat' dir='ltr'><strong>et</strong></span> <span class='ocrx_word' id='word_1_149' title='bbox 1737 1955 1934 2040; x_wconf 87' lang='lat' dir='ltr'><strong>Gregorium,</strong></span> <span class='ocrx_word' id='word_1_150' title='bbox 1965 1973 2041 2036; x_wconf 91' lang='lat' dir='ltr'><strong>quos</strong></span> 
     </span>
     <span class='ocr_line' id='line_1_16' title="bbox 671 2051 2040 2137; baseline 0.001 -21"><span class='ocrx_word' id='word_1_151' title='bbox 671 2055 723 2117; x_wconf 92' lang='lat' dir='ltr'><strong>ille</strong></span> <span class='ocrx_word' id='word_1_152' title='bbox 745 2055 926 2135; x_wconf 90' lang='lat' dir='ltr'><strong>Episcopos‚</strong></span> <span class='ocrx_word' id='word_1_153' title='bbox 949 2052 1030 2114; x_wconf 92' lang='lat' dir='ltr'><strong>illum</strong></span> <span class='ocrx_word' id='word_1_154' title='bbox 1054 2053 1111 2134; x_wconf 92' lang='lat' dir='ltr'><strong>ipsi</strong></span> <span class='ocrx_word' id='word_1_155' title='bbox 1134 2051 1333 2116; x_wconf 83' lang='lat' dir='ltr'><strong>Patriarcbam</strong></span> <span class='ocrx_word' id='word_1_156' title='bbox 1357 2053 1580 2118; x_wconf 86' lang='lat' dir='ltr'><strong>ordinaverunt.</strong></span> <span class='ocrx_word' id='word_1_157' title='bbox 1627 2053 1762 2136; x_wconf 85' lang='lat' dir='ltr'><strong>Cumque</strong></span> <span class='ocrx_word' id='word_1_158' title='bbox 1784 2059 1896 2137; x_wconf 90' lang='lat' dir='ltr'><strong>passim</strong></span> <span class='ocrx_word' id='word_1_159' title='bbox 1915 2055 2040 2117; x_wconf 91' lang='lat' dir='ltr'><strong>ordina-</strong></span> 
     </span>
     <span class='ocr_line' id='line_1_17' title="bbox 672 2153 2039 2233; baseline -0.001 -16"><span class='ocrx_word' id='word_1_160' title='bbox 672 2157 770 2217; x_wconf 89' lang='lat' dir='ltr'><strong>tiones</strong></span> <span class='ocrx_word' id='word_1_161' title='bbox 786 2153 911 2231; x_wconf 86' lang='lat' dir='ltr'><strong>faceret,</strong></span> <span class='ocrx_word' id='word_1_162' title='bbox 934 2171 1123 2233; x_wconf 90' lang='lat' dir='ltr'><strong>quocumque</strong></span> <span class='ocrx_word' id='word_1_163' title='bbox 1143 2154 1298 2233; x_wconf 85' lang='lat' dir='ltr'><strong>transibat,</strong></span> <span class='ocrx_word' id='word_1_164' title='bbox 1322 2153 1404 2215; x_wconf 90' lang='lat' dir='ltr'><strong>aiunt</strong></span> <span class='ocrx_word' id='word_1_165' title='bbox 1427 2173 1495 2217; x_wconf 88' lang='lat' dir='ltr'><strong>eum</strong></span> <span class='ocrx_word' id='word_1_166' title='bbox 1519 2154 1700 2218; x_wconf 83' lang='lat' dir='ltr'><strong>Sacerdotes</strong></span> <span class='ocrx_word' id='word_1_167' title='bbox 1724 2165 1754 2218; x_wconf 92' lang='lat' dir='ltr'><strong>et</strong></span> <span class='ocrx_word' id='word_1_168' title='bbox 1777 2156 1927 2219; x_wconf 84' lang='lat' dir='ltr'><strong>Diaconos</strong></span> <span class='ocrx_word' id='word_1_169' title='bbox 1951 2163 2039 2217; x_wconf 92' lang='lat' dir='ltr'><strong>octo-</strong></span> 
     </span>
     <span class='ocr_line' id='line_1_18' title="bbox 670 2252 2040 2339; baseline -0.002 -22"><span class='ocrx_word' id='word_1_170' title='bbox 670 2255 754 2339; x_wconf 87' lang='lat' dir='ltr'><strong>ginta</strong></span> <span class='ocrx_word' id='word_1_171' title='bbox 777 2253 857 2315; x_wconf 93' lang='lat' dir='ltr'><strong>mille</strong></span> <span class='ocrx_word' id='word_1_172' title='bbox 880 2253 1048 2331; x_wconf 86' lang='lat' dir='ltr'><strong>ordinasse,</strong></span> <span class='ocrx_word' id='word_1_173' title='bbox 1072 2252 1166 2334; x_wconf 93' lang='lat' dir='ltr'><strong>longo</strong></span> <span class='ocrx_word' id='word_1_174' title='bbox 1190 2255 1269 2316; x_wconf 88' lang='lat' dir='ltr'><strong>vitae</strong></span> <span class='ocrx_word' id='word_1_175' title='bbox 1293 2253 1438 2332; x_wconf 89' lang='lat' dir='ltr'><strong>decursu,</strong></span> <span class='ocrx_word' id='word_1_176' title='bbox 1469 2272 1535 2316; x_wconf 90' lang='lat' dir='ltr'><strong>cum</strong></span> <span class='ocrx_word' id='word_1_177' title='bbox 1558 2255 1750 2338; x_wconf 86' lang='lat' dir='ltr'><strong>septuaginta</strong></span> <span class='ocrx_word' id='word_1_178' title='bbox 1776 2262 1839 2316; x_wconf 89' lang='lat' dir='ltr'><strong>tres</strong></span> <span class='ocrx_word' id='word_1_179' title='bbox 1863 2271 1958 2317; x_wconf 90' lang='lat' dir='ltr'><strong>annos</strong></span> <span class='ocrx_word' id='word_1_180' title='bbox 1981 2254 2040 2314; x_wconf 90' lang='lat' dir='ltr'><strong>im-</strong></span> 
     </span>
     <span class='ocr_line' id='line_1_19' title="bbox 669 2350 2038 2434; baseline 0.001 -20"><span class='ocrx_word' id='word_1_181' title='bbox 669 2355 807 2434; x_wconf 89' lang='lat' dir='ltr'><strong>pleverit.</strong></span> <span class='ocrx_word' id='word_1_182' title='bbox 850 2351 929 2414; x_wconf 89' lang='lat' dir='ltr'><strong>Nihil</strong></span> <span class='ocrx_word' id='word_1_183' title='bbox 951 2350 1032 2413; x_wconf 90' lang='lat' dir='ltr'><strong>illum</strong></span> <span class='ocrx_word' id='word_1_184' title='bbox 1055 2353 1084 2413; x_wconf 92' lang='lat' dir='ltr'><strong>in</strong></span> <span class='ocrx_word' id='word_1_185' title='bbox 1107 2352 1228 2432; x_wconf 90' lang='lat' dir='ltr'><strong>scriptis</strong></span> <span class='ocrx_word' id='word_1_186' title='bbox 1250 2352 1410 2434; x_wconf 86' lang='lat' dir='ltr'><strong>reliquisse</strong></span> <span class='ocrx_word' id='word_1_187' title='bbox 1431 2352 1593 2415; x_wconf 88' lang='lat' dir='ltr'><strong>verisimile</strong></span> <span class='ocrx_word' id='word_1_188' title='bbox 1615 2360 1671 2432; x_wconf 89' lang='lat' dir='ltr'><strong>est,</strong></span> <span class='ocrx_word' id='word_1_189' title='bbox 1695 2372 1761 2416; x_wconf 90' lang='lat' dir='ltr'><strong>cum</strong></span> <span class='ocrx_word' id='word_1_190' title='bbox 1783 2355 1814 2417; x_wconf 91' lang='lat' dir='ltr'><strong>in</strong></span> <span class='ocrx_word' id='word_1_191' title='bbox 1837 2353 1979 2416; x_wconf 83' lang='lat' dir='ltr'><strong>Tractatu</strong></span> <span class='ocrx_word' id='word_1_192' title='bbox 2000 2352 2038 2415; x_wconf 88' lang='lat' dir='ltr'><strong>de</strong></span> 
     </span>
     <span class='ocr_line' id='line_1_20' title="bbox 669 2449 2039 2533; baseline -0.002 -18"><span class='ocrx_word' id='word_1_193' title='bbox 669 2452 742 2515; x_wconf 82' lang='lat' dir='ltr'><strong>Fide</strong></span> <span class='ocrx_word' id='word_1_194' title='bbox 765 2453 901 2528; x_wconf 84' lang='lat' dir='ltr'><strong>Petrum,</strong></span> <span class='ocrx_word' id='word_1_195' title='bbox 929 2449 980 2530; x_wconf 94' lang='lat' dir='ltr'><strong>qui</strong></span> <span class='ocrx_word' id='word_1_196' title='bbox 1003 2457 1083 2514; x_wconf 90' lang='lat' dir='ltr'><strong>totus</strong></span> <span class='ocrx_word' id='word_1_197' title='bbox 1106 2470 1145 2514; x_wconf 86' lang='lat' dir='ltr'><strong>ex</strong></span> <span class='ocrx_word' id='word_1_198' title='bbox 1168 2459 1304 2514; x_wconf 88' lang='lat' dir='ltr'><strong>autorum</strong></span> <span class='ocrx_word' id='word_1_199' title='bbox 1334 2453 1384 2532; x_wconf 92' lang='lat' dir='ltr'><strong>qui</strong></span> <span class='ocrx_word' id='word_1_200' title='bbox 1408 2452 1487 2533; x_wconf 93' lang='lat' dir='ltr'><strong>apud</strong></span> <span class='ocrx_word' id='word_1_201' title='bbox 1508 2451 1661 2515; x_wconf 88' lang='lat' dir='ltr'><strong>Jacobitas</strong></span> <span class='ocrx_word' id='word_1_202' title='bbox 1684 2453 1929 2516; x_wconf 89' lang='lat' dir='ltr'><strong>commendantur</strong></span> <span class='ocrx_word' id='word_1_203' title='bbox 1951 2451 2039 2514; x_wconf 87' lang='lat' dir='ltr'><strong>testi-</strong></span> 
     </span>
     <span class='ocr_line' id='line_1_21' title="bbox 669 2549 2038 2635; baseline 0.003 -24"><span class='ocrx_word' id='word_1_204' title='bbox 669 2552 775 2612; x_wconf 90' lang='lat' dir='ltr'><strong>moniis</strong></span> <span class='ocrx_word' id='word_1_205' title='bbox 799 2555 958 2612; x_wconf 79' lang='lat' dir='ltr'><strong>contextus</strong></span> <span class='ocrx_word' id='word_1_206' title='bbox 982 2559 1038 2629; x_wconf 91' lang='lat' dir='ltr'><strong>cst,</strong></span> <span class='ocrx_word' id='word_1_207' title='bbox 1061 2559 1094 2613; x_wconf 93' lang='lat' dir='ltr'><strong>ut</strong></span> <span class='ocrx_word' id='word_1_208' title='bbox 1108 2557 1139 2613; x_wconf 91' lang='lat' dir='ltr'><strong>et</strong></span> <span class='ocrx_word' id='word_1_209' title='bbox 1154 2550 1257 2613; x_wconf 90' lang='lat' dir='ltr'><strong>inaliis</strong></span> <span class='ocrx_word' id='word_1_210' title='bbox 1273 2553 1337 2633; x_wconf 86' lang='lat' dir='ltr'><strong>ejus</strong></span> <span class='ocrx_word' id='word_1_211' title='bbox 1347 2552 1470 2634; x_wconf 87' lang='lat' dir='ltr'><strong>generis</strong></span> <span class='ocrx_word' id='word_1_212' title='bbox 1484 2549 1679 2614; x_wconf 88' lang='lat' dir='ltr'><strong>collectaneis</strong></span> <span class='ocrx_word' id='word_1_213' title='bbox 1691 2555 1802 2615; x_wconf 92' lang='lat' dir='ltr'><strong>mentio</strong></span> <span class='ocrx_word' id='word_1_214' title='bbox 1813 2552 1878 2635; x_wconf 92' lang='lat' dir='ltr'><strong>ejus</strong></span> <span class='ocrx_word' id='word_1_215' title='bbox 1891 2550 2038 2615; x_wconf 90' lang='lat' dir='ltr'><strong>nullafiat.</strong></span> 
     </span>
    </p>
   </div>
   <div class='ocr_carea' id='block_1_3' title="bbox 1090 2811 1615 2906">
    <p class='ocr_par' dir='ltr' id='par_1_3' title="bbox 1090 2811 1615 2906">
     <span class='ocr_line' id='line_1_22' title="bbox 1090 2811 1615 2906; baseline -0.004 -21"><span class='ocrx_word' id='word_1_216' title='bbox 1090 2813 1124 2884; x_wconf 88' lang='lat'><strong>2.</strong></span> <span class='ocrx_word' id='word_1_217' title='bbox 1170 2811 1312 2906; x_wconf 78' lang='lat' dir='ltr'><strong>Vigilom</strong></span> <span class='ocrx_word' id='word_1_218' title='bbox 1338 2819 1372 2883; x_wconf 85' lang='lat' dir='ltr'><strong>et</strong></span> <span class='ocrx_word' id='word_1_219' title='bbox 1397 2811 1615 2904; x_wconf 53' lang='lat' dir='ltr'><strong>,Angelorum</strong></span> 
     </span>
    </p>
   </div>
   <div class='ocr_carea' id='block_1_4' title="bbox 767 3004 2037 3099">
    <p class='ocr_par' dir='ltr' id='par_1_4' title="bbox 767 3004 2037 3099">
     <span class='ocr_line' id='line_1_23' title="bbox 767 3004 2037 3099; baseline -0.003 -15"><span class='ocrx_word' id='word_1_220' title='bbox 767 3004 822 3084; x_wconf 82' lang='lat' dir='ltr'><strong>Ex</strong></span> <span class='ocrx_word' id='word_1_221' title='bbox 845 3017 912 3080; x_wconf 91' lang='lat' dir='ltr'><strong>loco</strong></span> <span class='ocrx_word' id='word_1_222' title='bbox 935 3016 1068 3080; x_wconf 83' lang='lat' dir='ltr'><strong>Danielis</strong></span> <span class='ocrx_word' id='word_1_223' title='bbox 1091 3034 1158 3099; x_wconf 88' lang='lat' dir='ltr'><strong>cap.</strong></span> <span class='ocrx_word' id='word_1_224' title='bbox 1181 3016 1211 3081; x_wconf 83' lang='grc'><strong>4.</strong></span> <span class='ocrx_word' id='word_1_225' title='bbox 1233 3037 1261 3078; x_wconf 86' lang='lat' dir='ltr'><strong>v.</strong></span> <span class='ocrx_word' id='word_1_226' title='bbox 1285 3015 1335 3080; x_wconf 87' lang='lat' dir='ltr'><strong>lt).</strong></span> <span class='ocrx_word' id='word_1_227' title='bbox 1364 3014 1534 3080; x_wconf 88' lang='lat' dir='ltr'><strong>Orientales</strong></span> <span class='ocrx_word' id='word_1_228' title='bbox 1557 3013 1741 3098; x_wconf 90' lang='lat' dir='ltr'><strong>singularem</strong></span> <span class='ocrx_word' id='word_1_229' title='bbox 1763 3015 1919 3080; x_wconf 88' lang='lat' dir='ltr'><strong>beatorum</strong></span> <span class='ocrx_word' id='word_1_230' title='bbox 1943 3019 2037 3097; x_wconf 91' lang='lat' dir='ltr'><strong>spiri-</strong></span> 
     </span>
    </p>
   </div>
   <div class='ocr_carea' id='block_1_5' title="bbox 665 3117 2037 5093">
    <p class='ocr_par' dir='ltr' id='par_1_5' title="bbox 665 3117 2037 5093">
     <span class='ocr_line' id='line_1_24' title="bbox 669 3117 2036 3204; baseline 0.001 -23"><span class='ocrx_word' id='word_1_231' title='bbox 669 3128 750 3182; x_wconf 92' lang='lat' dir='ltr'><strong>tuum</strong></span> <span class='ocrx_word' id='word_1_232' title='bbox 783 3120 918 3184; x_wconf 92' lang='lat' dir='ltr'><strong>ordinem</strong></span> <span class='ocrx_word' id='word_1_233' title='bbox 946 3119 1101 3198; x_wconf 87' lang='lat' dir='ltr'><strong>feccrunt,</strong></span> <span class='ocrx_word' id='word_1_234' title='bbox 1135 3119 1266 3204; x_wconf 88' lang='lat' dir='ltr'><strong>lligilum</strong></span> <span class='ocrx_word' id='word_1_235' title='bbox 1296 3117 1427 3195; x_wconf 90' lang='lat' dir='ltr'><strong>scilicet,</strong></span> <span class='ocrx_word' id='word_1_236' title='bbox 1458 3136 1585 3200; x_wconf 89' lang='lat' dir='ltr'><strong>quorum</strong></span> <span class='ocrx_word' id='word_1_237' title='bbox 1613 3120 1686 3182; x_wconf 90' lang='lat' dir='ltr'><strong>satis</strong></span> <span class='ocrx_word' id='word_1_238' title='bbox 1718 3119 1862 3202; x_wconf 85' lang='lat' dir='ltr'><strong>frequens</strong></span> <span class='ocrx_word' id='word_1_239' title='bbox 1893 3122 2036 3185; x_wconf 88' lang='lat' dir='ltr'><strong>memoria</strong></span> 
     </span>
     <span class='ocr_line' id='line_1_25' title="bbox 669 3217 2036 3301; baseline 0.001 -20"><span class='ocrx_word' id='word_1_240' title='bbox 669 3223 767 3282; x_wconf 92' lang='lat' dir='ltr'><strong>estin</strong></span> <span class='ocrx_word' id='word_1_241' title='bbox 790 3219 874 3282; x_wconf 93' lang='lat' dir='ltr'><strong>libris</strong></span> <span class='ocrx_word' id='word_1_242' title='bbox 896 3217 1135 3298; x_wconf 89' lang='lat' dir='ltr'><strong>Ecclesiasticis,</strong></span> <span class='ocrx_word' id='word_1_243' title='bbox 1165 3219 1301 3301; x_wconf 88' lang='lat' dir='ltr'><strong>quamvis</strong></span> <span class='ocrx_word' id='word_1_244' title='bbox 1323 3218 1361 3280; x_wconf 94' lang='lat' dir='ltr'><strong>de</strong></span> <span class='ocrx_word' id='word_1_245' title='bbox 1384 3219 1501 3282; x_wconf 90' lang='lat' dir='ltr'><strong>illorum</strong></span> <span class='ocrx_word' id='word_1_246' title='bbox 1524 3218 1683 3300; x_wconf 77' lang='lat' dir='ltr'><strong>dignitate,</strong></span> <span class='ocrx_word' id='word_1_247' title='bbox 1714 3225 1745 3281; x_wconf 92' lang='lat' dir='ltr'><strong>et</strong></span> <span class='ocrx_word' id='word_1_248' title='bbox 1766 3219 1835 3284; x_wconf 89' lang='lat' dir='ltr'><strong>loco</strong></span> <span class='ocrx_word' id='word_1_249' title='bbox 1858 3221 1888 3280; x_wconf 90' lang='lat' dir='ltr'><strong>in</strong></span> <span class='ocrx_word' id='word_1_250' title='bbox 1911 3221 2036 3284; x_wconf 90' lang='lat' dir='ltr'><strong>coelesti</strong></span> 
     </span>
     <span class='ocr_line' id='line_1_26' title="bbox 668 3317 2036 3401; baseline 0 -21"><span class='ocrx_word' id='word_1_251' title='bbox 668 3318 853 3397; x_wconf 89' lang='lat' dir='ltr'><strong>Hierarcbia,</strong></span> <span class='ocrx_word' id='word_1_252' title='bbox 875 3319 1023 3401; x_wconf 88' lang='lat' dir='ltr'><strong>perplexe</strong></span> <span class='ocrx_word' id='word_1_253' title='bbox 1046 3320 1207 3400; x_wconf 91' lang='lat' dir='ltr'><strong>loquantur</strong></span> <span class='ocrx_word' id='word_1_254' title='bbox 1228 3319 1367 3400; x_wconf 89' lang='lat' dir='ltr'><strong>plerique</strong></span> <span class='ocrx_word' id='word_1_255' title='bbox 1388 3337 1494 3381; x_wconf 91' lang='lat' dir='ltr'><strong>eorum</strong></span> <span class='ocrx_word' id='word_1_256' title='bbox 1517 3317 1674 3401; x_wconf 86' lang='lat' dir='ltr'><strong>Theologi.</strong></span> <span class='ocrx_word' id='word_1_257' title='bbox 1706 3318 1787 3382; x_wconf 88' lang='lat' dir='ltr'><strong>lnter</strong></span> <span class='ocrx_word' id='word_1_258' title='bbox 1806 3337 1859 3380; x_wconf 91' lang='lat' dir='ltr'><strong>eos</strong></span> <span class='ocrx_word' id='word_1_259' title='bbox 1872 3319 2036 3400; x_wconf 89' lang='lat' dir='ltr'><strong>praecipue</strong></span> 
     </span>
     <span class='ocr_line' id='line_1_27' title="bbox 667 3415 2037 3499; baseline 0.001 -21"><span class='ocrx_word' id='word_1_260' title='bbox 667 3417 790 3482; x_wconf 91' lang='lat' dir='ltr'><strong>laudare</strong></span> <span class='ocrx_word' id='word_1_261' title='bbox 813 3419 913 3482; x_wconf 86' lang='lat' dir='ltr'><strong>solent</strong></span> <span class='ocrx_word' id='word_1_262' title='bbox 933 3419 1079 3481; x_wconf 83' lang='lat' dir='ltr'><strong>loannem</strong></span> <span class='ocrx_word' id='word_1_263' title='bbox 1101 3418 1279 3496; x_wconf 89' lang='lat' dir='ltr'><strong>Darenscm,</strong></span> <span class='ocrx_word' id='word_1_264' title='bbox 1302 3418 1386 3499; x_wconf 90' lang='lat' dir='ltr'><strong>cujus</strong></span> <span class='ocrx_word' id='word_1_265' title='bbox 1409 3416 1586 3480; x_wconf 90' lang='lat' dir='ltr'><strong>testimoniis</strong></span> <span class='ocrx_word' id='word_1_266' title='bbox 1617 3417 1653 3478; x_wconf 90' lang='lat' dir='ltr'><strong>ab</strong></span> <span class='ocrx_word' id='word_1_267' title='bbox 1676 3415 1847 3481; x_wconf 85' lang='lat' dir='ltr'><strong>Abrabamo</strong></span> <span class='ocrx_word' id='word_1_268' title='bbox 1864 3415 2037 3479; x_wconf 87' lang='lat' dir='ltr'><strong>Ecbellensi</strong></span> 
     </span>
     <span class='ocr_line' id='line_1_28' title="bbox 667 3515 2036 3600; baseline 0.001 -22"><span class='ocrx_word' id='word_1_269' title='bbox 667 3518 800 3599; x_wconf 90' lang='lat' dir='ltr'><strong>acceptis</strong></span> <span class='ocrx_word' id='word_1_270' title='bbox 823 3537 896 3581; x_wconf 92' lang='lat' dir='ltr'><strong>usus</strong></span> <span class='ocrx_word' id='word_1_271' title='bbox 920 3527 967 3582; x_wconf 87' lang='lat' dir='ltr'><strong>est</strong></span> <span class='ocrx_word' id='word_1_272' title='bbox 989 3518 1037 3579; x_wconf 87' lang='lat' dir='ltr'><strong>vir</strong></span> <span class='ocrx_word' id='word_1_273' title='bbox 1058 3517 1241 3580; x_wconf 90' lang='lat' dir='ltr'><strong>clarissimus</strong></span> <span class='ocrx_word' id='word_1_274' title='bbox 1263 3519 1397 3580; x_wconf 83' lang='lat' dir='ltr'><strong>loannes</strong></span> <span class='ocrx_word' id='word_1_275' title='bbox 1419 3517 1565 3597; x_wconf 83' lang='lat' dir='ltr'><strong>Morinos,</strong></span> <span class='ocrx_word' id='word_1_276' title='bbox 1588 3517 1640 3597; x_wconf 88' lang='lat' dir='ltr'><strong>qui</strong></span> <span class='ocrx_word' id='word_1_277' title='bbox 1662 3517 1700 3578; x_wconf 91' lang='lat' dir='ltr'><strong>de</strong></span> <span class='ocrx_word' id='word_1_278' title='bbox 1722 3515 1850 3600; x_wconf 81' lang='lat' dir='ltr'><strong>Angelis</strong></span> <span class='ocrx_word' id='word_1_279' title='bbox 1874 3536 1913 3580; x_wconf 90' lang='lat' dir='ltr'><strong>ex</strong></span> <span class='ocrx_word' id='word_1_280' title='bbox 1937 3517 2036 3598; x_wconf 92' lang='lat' dir='ltr'><strong>Syro-</strong></span> 
     </span>
     <span class='ocr_line' id='line_1_29' title="bbox 666 3615 2034 3698; baseline -0.001 -20"><span class='ocrx_word' id='word_1_281' title='bbox 666 3634 732 3679; x_wconf 92' lang='lat' dir='ltr'><strong>rum</strong></span> <span class='ocrx_word' id='word_1_282' title='bbox 755 3626 864 3696; x_wconf 89' lang='lat' dir='ltr'><strong>mente,</strong></span> <span class='ocrx_word' id='word_1_283' title='bbox 887 3618 1008 3698; x_wconf 92' lang='lat' dir='ltr'><strong>scripsit</strong></span> <span class='ocrx_word' id='word_1_284' title='bbox 1030 3617 1162 3680; x_wconf 92' lang='lat' dir='ltr'><strong>innotis</strong></span> <span class='ocrx_word' id='word_1_285' title='bbox 1185 3616 1223 3679; x_wconf 91' lang='lat' dir='ltr'><strong>ad</strong></span> <span class='ocrx_word' id='word_1_286' title='bbox 1246 3616 1459 3678; x_wconf 85' lang='lat' dir='ltr'><strong>Ordinationes</strong></span> <span class='ocrx_word' id='word_1_287' title='bbox 1483 3617 1634 3698; x_wconf 90' lang='lat' dir='ltr'><strong>Syriacas.</strong></span> <span class='ocrx_word' id='word_1_288' title='bbox 1676 3617 1717 3678; x_wconf 88' lang='lat' dir='ltr'><strong>At</strong></span> <span class='ocrx_word' id='word_1_289' title='bbox 1739 3615 1778 3678; x_wconf 93' lang='lat' dir='ltr'><strong>de</strong></span> <span class='ocrx_word' id='word_1_290' title='bbox 1799 3616 1924 3678; x_wconf 85' lang='lat' dir='ltr'><strong>loannis</strong></span> <span class='ocrx_word' id='word_1_291' title='bbox 1948 3617 2034 3678; x_wconf 93' lang='lat' dir='ltr'><strong>istius</strong></span> 
     </span>
     <span class='ocr_line' id='line_1_30' title="bbox 666 3715 2034 3797; baseline -0.001 -19"><span class='ocrx_word' id='word_1_292' title='bbox 666 3715 809 3780; x_wconf 88' lang='lat' dir='ltr'><strong>Darensis</strong></span> <span class='ocrx_word' id='word_1_293' title='bbox 846 3725 942 3780; x_wconf 89' lang='lat' dir='ltr'><strong>aetate</strong></span> <span class='ocrx_word' id='word_1_294' title='bbox 969 3717 1135 3779; x_wconf 82' lang='lat' dir='ltr'><strong>Maronitas</strong></span> <span class='ocrx_word' id='word_1_295' title='bbox 1169 3718 1226 3797; x_wconf 92' lang='lat' dir='ltr'><strong>ipsi</strong></span> <span class='ocrx_word' id='word_1_296' title='bbox 1256 3717 1334 3778; x_wconf 90' lang='lat' dir='ltr'><strong>inter</strong></span> <span class='ocrx_word' id='word_1_297' title='bbox 1364 3735 1398 3778; x_wconf 91' lang='lat' dir='ltr'><strong>se</strong></span> <span class='ocrx_word' id='word_1_298' title='bbox 1428 3716 1624 3794; x_wconf 87' lang='lat' dir='ltr'><strong>dissentiunt,</strong></span> <span class='ocrx_word' id='word_1_299' title='bbox 1659 3733 1725 3778; x_wconf 91' lang='lat' dir='ltr'><strong>curn</strong></span> <span class='ocrx_word' id='word_1_300' title='bbox 1752 3715 1940 3778; x_wconf 88' lang='lat' dir='ltr'><strong>Echellensis</strong></span> <span class='ocrx_word' id='word_1_301' title='bbox 1966 3733 2034 3776; x_wconf 93' lang='lat' dir='ltr'><strong>eum</strong></span> 
     </span>
     <span class='ocr_line' id='line_1_31' title="bbox 666 3807 2035 3898; baseline -0.003 -20"><span class='ocrx_word' id='word_1_302' title='bbox 666 3817 781 3880; x_wconf 86' lang='lat' dir='ltr'><strong>vixisse</strong></span> <span class='ocrx_word' id='word_1_303' title='bbox 809 3822 916 3897; x_wconf 88' lang='lat' dir='ltr'><strong>quarto</strong></span> <span class='ocrx_word' id='word_1_304' title='bbox 946 3815 1069 3879; x_wconf 88' lang='lat' dir='ltr'><strong>saeculo</strong></span> <span class='ocrx_word' id='word_1_305' title='bbox 1098 3817 1254 3898; x_wconf 85' lang='lat' dir='ltr'><strong>scripserit</strong></span> <span class='ocrx_word' id='word_1_306' title='bbox 1284 3817 1312 3878; x_wconf 90' lang='lat' dir='ltr'><strong>in</strong></span> <span class='ocrx_word' id='word_1_307' title='bbox 1343 3816 1422 3879; x_wconf 90' lang='lat' dir='ltr'><strong>notis</strong></span> <span class='ocrx_word' id='word_1_308' title='bbox 1452 3816 1488 3878; x_wconf 92' lang='lat' dir='ltr'><strong>ad</strong></span> <span class='ocrx_word' id='word_1_309' title='bbox 1519 3807 1735 3897; x_wconf 89' lang='lat' dir='ltr'><strong>Hebedjesum:</strong></span> <span class='ocrx_word' id='word_1_310' title='bbox 1769 3814 1897 3876; x_wconf 83' lang='lat' dir='ltr'><strong>Faustus</strong></span> <span class='ocrx_word' id='word_1_311' title='bbox 1922 3813 2035 3876; x_wconf 91' lang='lat' dir='ltr'><strong>Nairo-</strong></span> 
     </span>
     <span class='ocr_line' id='line_1_32' title="bbox 666 3913 2033 3996; baseline -0.002 -19"><span class='ocrx_word' id='word_1_312' title='bbox 666 3932 723 3979; x_wconf 90' lang='lat' dir='ltr'><strong>nus</strong></span> <span class='ocrx_word' id='word_1_313' title='bbox 757 3916 837 3978; x_wconf 88' lang='lat' dir='ltr'><strong>inter</strong></span> <span class='ocrx_word' id='word_1_314' title='bbox 866 3915 1000 3996; x_wconf 94' lang='lat' dir='ltr'><strong>quintum</strong></span> <span class='ocrx_word' id='word_1_315' title='bbox 1029 3922 1060 3977; x_wconf 88' lang='lat' dir='ltr'><strong>et</strong></span> <span class='ocrx_word' id='word_1_316' title='bbox 1089 3922 1208 3978; x_wconf 84' lang='lat' dir='ltr'><strong>sextum</strong></span> <span class='ocrx_word' id='word_1_317' title='bbox 1238 3914 1408 3993; x_wconf 87' lang='lat' dir='ltr'><strong>saeculum,</strong></span> <span class='ocrx_word' id='word_1_318' title='bbox 1438 3933 1496 3978; x_wconf 94' lang='lat' dir='ltr'><strong>nec</strong></span> <span class='ocrx_word' id='word_1_319' title='bbox 1526 3916 1600 3978; x_wconf 90' lang='lat' dir='ltr'><strong>satis</strong></span> <span class='ocrx_word' id='word_1_320' title='bbox 1629 3913 1746 3995; x_wconf 90' lang='lat' dir='ltr'><strong>probat.</strong></span> <span class='ocrx_word' id='word_1_321' title='bbox 1790 3914 1883 3976; x_wconf 82' lang='lat' dir='ltr'><strong>liccte</strong></span> <span class='ocrx_word' id='word_1_322' title='bbox 1915 3913 2033 3992; x_wconf 90' lang='lat' dir='ltr'><strong>quidem</strong></span> 
     </span>
     <span class='ocr_line' id='line_1_33' title="bbox 667 4009 2034 4096; baseline -0.004 -16"><span class='ocrx_word' id='word_1_323' title='bbox 667 4016 784 4080; x_wconf 84' lang='lat' dir='ltr'><strong>Severo</strong></span> <span class='ocrx_word' id='word_1_324' title='bbox 817 4009 1007 4077; x_wconf 77' lang='lat' dir='ltr'><strong>Antiocheno</strong></span> <span class='ocrx_word' id='word_1_325' title='bbox 1037 4017 1239 4094; x_wconf 89' lang='lat' dir='ltr'><strong>posteriorem</strong></span> <span class='ocrx_word' id='word_1_326' title='bbox 1270 4013 1350 4076; x_wconf 91' lang='lat' dir='ltr'><strong>illum</strong></span> <span class='ocrx_word' id='word_1_327' title='bbox 1377 4015 1511 4096; x_wconf 89' lang='lat' dir='ltr'><strong>judicat,</strong></span> <span class='ocrx_word' id='word_1_328' title='bbox 1540 4032 1607 4076; x_wconf 90' lang='lat' dir='ltr'><strong>cum</strong></span> <span class='ocrx_word' id='word_1_329' title='bbox 1636 4031 1703 4075; x_wconf 90' lang='lat' dir='ltr'><strong>eum</strong></span> <span class='ocrx_word' id='word_1_330' title='bbox 1740 4012 1826 4087; x_wconf 82' lang='lat' dir='ltr'><strong>citet3</strong></span> <span class='ocrx_word' id='word_1_331' title='bbox 1863 4012 1917 4073; x_wconf 91' lang='lat' dir='ltr'><strong>sed</strong></span> <span class='ocrx_word' id='word_1_332' title='bbox 1953 4011 2034 4093; x_wconf 93' lang='lat' dir='ltr'><strong>quod</strong></span> 
     </span>
     <span class='ocr_line' id='line_1_34' title="bbox 666 4113 2034 4197; baseline -0.002 -21"><span class='ocrx_word' id='word_1_333' title='bbox 666 4135 706 4176; x_wconf 88' lang='lat' dir='ltr'><strong>ex</strong></span> <span class='ocrx_word' id='word_1_334' title='bbox 734 4115 856 4197; x_wconf 86' lang='lat' dir='ltr'><strong>linguae</strong></span> <span class='ocrx_word' id='word_1_335' title='bbox 879 4113 1021 4194; x_wconf 81' lang='lat' dir='ltr'><strong>Syriacae</strong></span> <span class='ocrx_word' id='word_1_336' title='bbox 1049 4113 1200 4195; x_wconf 88' lang='lat' dir='ltr'><strong>elegantia</strong></span> <span class='ocrx_word' id='word_1_337' title='bbox 1229 4133 1316 4196; x_wconf 93' lang='lat' dir='ltr'><strong>quam</strong></span> <span class='ocrx_word' id='word_1_338' title='bbox 1346 4115 1376 4176; x_wconf 93' lang='lat' dir='ltr'><strong>in</strong></span> <span class='ocrx_word' id='word_1_339' title='bbox 1405 4115 1471 4196; x_wconf 88' lang='lat' dir='ltr'><strong>ejus</strong></span> <span class='ocrx_word' id='word_1_340' title='bbox 1501 4113 1620 4195; x_wconf 89' lang='lat' dir='ltr'><strong>scriptis</strong></span> <span class='ocrx_word' id='word_1_341' title='bbox 1642 4113 1802 4188; x_wconf 87' lang='lat' dir='ltr'><strong>observat,</strong></span> <span class='ocrx_word' id='word_1_342' title='bbox 1836 4113 2034 4191; x_wconf 87' lang='lat' dir='ltr'><strong>antiquiorem</strong></span> 
     </span>
     <span class='ocr_line' id='line_1_35' title="bbox 667 4209 2033 4304; baseline -0.003 -28"><span class='ocrx_word' id='word_1_343' title='bbox 667 4231 736 4276; x_wconf 89' lang='lat' dir='ltr'><strong>esse</strong></span> <span class='ocrx_word' id='word_1_344' title='bbox 764 4213 1048 4275; x_wconf 83' lang='lat' dir='ltr'><strong>Muhamedanorum</strong></span> <span class='ocrx_word' id='word_1_345' title='bbox 1076 4213 1204 4295; x_wconf 92' lang='lat' dir='ltr'><strong>imperio</strong></span> <span class='ocrx_word' id='word_1_346' title='bbox 1232 4213 1397 4304; x_wconf 78' lang='lat' dir='ltr'><strong>existimat,</strong></span> <span class='ocrx_word' id='word_1_347' title='bbox 1428 4213 1499 4274; x_wconf 93' lang='lat' dir='ltr'><strong>nibil</strong></span> <span class='ocrx_word' id='word_1_348' title='bbox 1529 4213 1600 4295; x_wconf 89' lang='lat' dir='ltr'><strong>egit.</strong></span> <span class='ocrx_word' id='word_1_349' title='bbox 1645 4211 1755 4274; x_wconf 88' lang='lat' dir='ltr'><strong>lllultos</strong></span> <span class='ocrx_word' id='word_1_350' title='bbox 1783 4209 1860 4270; x_wconf 91' lang='lat' dir='ltr'><strong>enim</strong></span> <span class='ocrx_word' id='word_1_351' title='bbox 1891 4209 2033 4272; x_wconf 92' lang='lat' dir='ltr'><strong>babemus</strong></span> 
     </span>
     <span class='ocr_line' id='line_1_36' title="bbox 667 4310 2034 4396; baseline -0.004 -19"><span class='ocrx_word' id='word_1_352' title='bbox 667 4314 763 4394; x_wconf 83' lang='lat' dir='ltr'><strong>Syros</strong></span> <span class='ocrx_word' id='word_1_353' title='bbox 786 4313 837 4393; x_wconf 93' lang='lat' dir='ltr'><strong>qui</strong></span> <span class='ocrx_word' id='word_1_354' title='bbox 859 4313 955 4394; x_wconf 89' lang='lat' dir='ltr'><strong>patria</strong></span> <span class='ocrx_word' id='word_1_355' title='bbox 978 4329 1033 4374; x_wconf 88' lang='lat' dir='ltr'><strong>sua</strong></span> <span class='ocrx_word' id='word_1_356' title='bbox 1056 4311 1158 4396; x_wconf 87' lang='lat' dir='ltr'><strong>lingua</strong></span> <span class='ocrx_word' id='word_1_357' title='bbox 1181 4313 1272 4395; x_wconf 89' lang='lat' dir='ltr'><strong>longe</strong></span> <span class='ocrx_word' id='word_1_358' title='bbox 1294 4320 1365 4392; x_wconf 89' lang='lat' dir='ltr'><strong>post</strong></span> <span class='ocrx_word' id='word_1_359' title='bbox 1382 4311 1598 4374; x_wconf 85' lang='lat' dir='ltr'><strong>Muhamedana</strong></span> <span class='ocrx_word' id='word_1_360' title='bbox 1621 4319 1759 4391; x_wconf 87' lang='lat' dir='ltr'><strong>tempora</strong></span> <span class='ocrx_word' id='word_1_361' title='bbox 1781 4310 1981 4389; x_wconf 92' lang='lat' dir='ltr'><strong>scripserunt,</strong></span> <span class='ocrx_word' id='word_1_362' title='bbox 2004 4311 2034 4371; x_wconf 94' lang='lat' dir='ltr'><strong>in</strong></span> 
     </span>
     <span class='ocr_line' id='line_1_37' title="bbox 667 4407 2032 4494; baseline -0.004 -19"><span class='ocrx_word' id='word_1_363' title='bbox 667 4411 775 4493; x_wconf 92' lang='lat' dir='ltr'><strong>quibus</strong></span> <span class='ocrx_word' id='word_1_364' title='bbox 797 4412 924 4474; x_wconf 87' lang='lat' dir='ltr'><strong>maxima</strong></span> <span class='ocrx_word' id='word_1_365' title='bbox 946 4413 1094 4474; x_wconf 90' lang='lat' dir='ltr'><strong>sermonis</strong></span> <span class='ocrx_word' id='word_1_366' title='bbox 1116 4411 1312 4490; x_wconf 89' lang='lat' dir='ltr'><strong>foecunditas,</strong></span> <span class='ocrx_word' id='word_1_367' title='bbox 1336 4419 1367 4474; x_wconf 92' lang='lat' dir='ltr'><strong>et</strong></span> <span class='ocrx_word' id='word_1_368' title='bbox 1388 4412 1522 4475; x_wconf 88' lang='lat' dir='ltr'><strong>Asiatica</strong></span> <span class='ocrx_word' id='word_1_369' title='bbox 1544 4410 1594 4474; x_wconf 89' lang='lat' dir='ltr'><strong>illo</strong></span> <span class='ocrx_word' id='word_1_370' title='bbox 1617 4411 1768 4494; x_wconf 89' lang='lat' dir='ltr'><strong>elegantia</strong></span> <span class='ocrx_word' id='word_1_371' title='bbox 1789 4407 1900 4490; x_wconf 90' lang='lat' dir='ltr'><strong>ubique</strong></span> <span class='ocrx_word' id='word_1_372' title='bbox 1922 4409 2032 4471; x_wconf 90' lang='lat' dir='ltr'><strong>lucent.</strong></span> 
     </span>
     <span class='ocr_line' id='line_1_38' title="bbox 666 4507 2032 4596; baseline -0.005 -21"><span class='ocrx_word' id='word_1_373' title='bbox 666 4511 749 4576; x_wconf 92' lang='lat' dir='ltr'><strong>Unus</strong></span> <span class='ocrx_word' id='word_1_374' title='bbox 772 4513 850 4596; x_wconf 87' lang='lat' dir='ltr'><strong>bano</strong></span> <span class='ocrx_word' id='word_1_375' title='bbox 872 4510 1075 4592; x_wconf 83' lang='lat' dir='ltr'><strong>conjecturam</strong></span> <span class='ocrx_word' id='word_1_376' title='bbox 1098 4509 1207 4573; x_wconf 89' lang='lat' dir='ltr'><strong>refellit</strong></span> <span class='ocrx_word' id='word_1_377' title='bbox 1228 4509 1455 4594; x_wconf 89' lang='lat' dir='ltr'><strong>Abulfaragins,</strong></span> <span class='ocrx_word' id='word_1_378' title='bbox 1477 4510 1529 4591; x_wconf 94' lang='lat' dir='ltr'><strong>qui</strong></span> <span class='ocrx_word' id='word_1_379' title='bbox 1551 4527 1618 4574; x_wconf 89' lang='lat' dir='ltr'><strong>cum</strong></span> <span class='ocrx_word' id='word_1_380' title='bbox 1640 4509 1764 4572; x_wconf 88' lang='lat' dir='ltr'><strong>saeculo</strong></span> <span class='ocrx_word' id='word_1_381' title='bbox 1779 4507 1870 4570; x_wconf 86' lang='lat' dir='ltr'><strong>Xlll0.</strong></span> <span class='ocrx_word' id='word_1_382' title='bbox 1885 4507 2032 4584; x_wconf 87' lang='lat' dir='ltr'><strong>floruerit,</strong></span> 
     </span>
     <span class='ocr_line' id='line_1_39' title="bbox 665 4605 2031 4694; baseline -0.004 -20"><span class='ocrx_word' id='word_1_383' title='bbox 665 4611 753 4694; x_wconf 86' lang='lat' dir='ltr'><strong>plura</strong></span> <span class='ocrx_word' id='word_1_384' title='bbox 786 4611 1010 4693; x_wconf 88' lang='lat' dir='ltr'><strong>elegantissime</strong></span> <span class='ocrx_word' id='word_1_385' title='bbox 1040 4610 1177 4692; x_wconf 89' lang='lat' dir='ltr'><strong>scripsit,</strong></span> <span class='ocrx_word' id='word_1_386' title='bbox 1207 4628 1295 4691; x_wconf 68' lang='lat' dir='ltr'><strong>mom</strong></span> <span class='ocrx_word' id='word_1_387' title='bbox 1325 4611 1422 4691; x_wconf 89' lang='lat' dir='ltr'><strong>quivis</strong></span> <span class='ocrx_word' id='word_1_388' title='bbox 1456 4609 1540 4673; x_wconf 89' lang='lat' dir='ltr'><strong>alius.</strong></span> <span class='ocrx_word' id='word_1_389' title='bbox 1600 4608 1763 4691; x_wconf 89' lang='lat' dir='ltr'><strong>Dionysius</strong></span> <span class='ocrx_word' id='word_1_390' title='bbox 1792 4605 1938 4670; x_wconf 89' lang='lat' dir='ltr'><strong>Barsalibi</strong></span> <span class='ocrx_word' id='word_1_391' title='bbox 1972 4624 2031 4668; x_wconf 93' lang='lat' dir='ltr'><strong>uno</strong></span> 
     </span>
     <span class='ocr_line' id='line_1_40' title="bbox 666 4704 2032 4790; baseline -0.007 -15"><span class='ocrx_word' id='word_1_392' title='bbox 666 4712 772 4775; x_wconf 91' lang='lat' dir='ltr'><strong>saltem</strong></span> <span class='ocrx_word' id='word_1_393' title='bbox 805 4710 928 4773; x_wconf 92' lang='lat' dir='ltr'><strong>saeculo</strong></span> <span class='ocrx_word' id='word_1_394' title='bbox 964 4709 1113 4790; x_wconf 87' lang='lat' dir='ltr'><strong>antiquior</strong></span> <span class='ocrx_word' id='word_1_395' title='bbox 1145 4709 1244 4772; x_wconf 91' lang='lat' dir='ltr'><strong>multis</strong></span> <span class='ocrx_word' id='word_1_396' title='bbox 1272 4726 1393 4790; x_wconf 93' lang='lat' dir='ltr'><strong>qnoque</strong></span> <span class='ocrx_word' id='word_1_397' title='bbox 1429 4709 1549 4789; x_wconf 91' lang='lat' dir='ltr'><strong>scriptis</strong></span> <span class='ocrx_word' id='word_1_398' title='bbox 1586 4705 1717 4790; x_wconf 78' lang='lat' dir='ltr'><strong>Syriacis</strong></span> <span class='ocrx_word' id='word_1_399' title='bbox 1753 4705 1900 4768; x_wconf 87' lang='lat' dir='ltr'><strong>inclaruit.</strong></span> <span class='ocrx_word' id='word_1_400' title='bbox 1946 4704 2032 4785; x_wconf 92' lang='lat' dir='ltr'><strong>lpsae</strong></span> 
     </span>
     <span class='ocr_line' id='line_1_41' title="bbox 668 4805 2032 4893; baseline -0.007 -19"><span class='ocrx_word' id='word_1_401' title='bbox 668 4831 743 4893; x_wconf 90' lang='lat' dir='ltr'><strong>quas</strong></span> <span class='ocrx_word' id='word_1_402' title='bbox 766 4817 927 4874; x_wconf 88' lang='lat' dir='ltr'><strong>tractamus</strong></span> <span class='ocrx_word' id='word_1_403' title='bbox 950 4807 1105 4892; x_wconf 90' lang='lat' dir='ltr'><strong>Liturgiae</strong></span> <span class='ocrx_word' id='word_1_404' title='bbox 1126 4810 1232 4872; x_wconf 87' lang='lat' dir='ltr'><strong>aetatis</strong></span> <span class='ocrx_word' id='word_1_405' title='bbox 1254 4810 1443 4890; x_wconf 91' lang='lat' dir='ltr'><strong>posterioris,</strong></span> <span class='ocrx_word' id='word_1_406' title='bbox 1466 4809 1536 4872; x_wconf 90' lang='lat' dir='ltr'><strong>stilo</strong></span> <span class='ocrx_word' id='word_1_407' title='bbox 1558 4806 1609 4869; x_wconf 93' lang='lat' dir='ltr'><strong>illc</strong></span> <span class='ocrx_word' id='word_1_408' title='bbox 1631 4806 1718 4870; x_wconf 88' lang='lat' dir='ltr'><strong>uberi</strong></span> <span class='ocrx_word' id='word_1_409' title='bbox 1739 4807 1870 4885; x_wconf 90' lang='lat' dir='ltr'><strong>scriptae</strong></span> <span class='ocrx_word' id='word_1_410' title='bbox 1892 4812 1979 4883; x_wconf 92' lang='lat' dir='ltr'><strong>sunt,</strong></span> <span class='ocrx_word' id='word_1_411' title='bbox 2003 4805 2032 4865; x_wconf 93' lang='lat' dir='ltr'><strong>in</strong></span> 
     </span>
     <span class='ocr_line' id='line_1_42' title="bbox 668 4907 2032 4994; baseline -0.008 -20"><span class='ocrx_word' id='word_1_412' title='bbox 668 4930 728 4993; x_wconf 92' lang='lat' dir='ltr'><strong>quc</strong></span> <span class='ocrx_word' id='word_1_413' title='bbox 756 4911 949 4994; x_wconf 68' lang='lat' dir='ltr'><strong>potissimum·</strong></span> <span class='ocrx_word' id='word_1_414' title='bbox 969 4908 1108 4970; x_wconf 89' lang='lat' dir='ltr'><strong>consistit</strong></span> <span class='ocrx_word' id='word_1_415' title='bbox 1137 4908 1297 4970; x_wconf 89' lang='lat' dir='ltr'><strong>Orientalis</strong></span> <span class='ocrx_word' id='word_1_416' title='bbox 1326 4907 1473 4970; x_wconf 88' lang='lat' dir='ltr'><strong>facundia.</strong></span> <span class='ocrx_word' id='word_1_417' title='bbox 1517 4907 1628 4969; x_wconf 90' lang='lat' dir='ltr'><strong>Verum</strong></span> <span class='ocrx_word' id='word_1_418' title='bbox 1659 4907 1733 4968; x_wconf 90' lang='lat' dir='ltr'><strong>baec</strong></span> <span class='ocrx_word' id='word_1_419' title='bbox 1762 4907 1834 4967; x_wconf 92' lang='lat' dir='ltr'><strong>tanti</strong></span> <span class='ocrx_word' id='word_1_420' title='bbox 1863 4922 1925 4968; x_wconf 91' lang='lat' dir='ltr'><strong>non</strong></span> <span class='ocrx_word' id='word_1_421' title='bbox 1947 4910 2032 4966; x_wconf 90' lang='lat' dir='ltr'><strong>sunt:</strong></span> 
     </span>
     <span class='ocr_line' id='line_1_43' title="bbox 667 5004 2032 5093; baseline -0.004 -22"><span class='ocrx_word' id='word_1_422' title='bbox 667 5029 766 5093; x_wconf 92' lang='lat' dir='ltr'><strong>neque</strong></span> <span class='ocrx_word' id='word_1_423' title='bbox 789 5009 911 5074; x_wconf 91' lang='lat' dir='ltr'><strong>multum</strong></span> <span class='ocrx_word' id='word_1_424' title='bbox 932 5005 1037 5086; x_wconf 86' lang='lat' dir='ltr'><strong>refert,</strong></span> <span class='ocrx_word' id='word_1_425' title='bbox 1061 5005 1132 5089; x_wconf 87' lang='lat' dir='ltr'><strong>quid</strong></span> <span class='ocrx_word' id='word_1_426' title='bbox 1154 5007 1310 5070; x_wconf 88' lang='lat' dir='ltr'><strong>debeatis</strong></span> <span class='ocrx_word' id='word_1_427' title='bbox 1333 5007 1486 5088; x_wconf 89' lang='lat' dir='ltr'><strong>spiritibus</strong></span> <span class='ocrx_word' id='word_1_428' title='bbox 1499 5004 1670 5070; x_wconf 87' lang='lat' dir='ltr'><strong>Orientales</strong></span> <span class='ocrx_word' id='word_1_429' title='bbox 1685 5007 1824 5084; x_wconf 89' lang='lat' dir='ltr'><strong>sentiant,</strong></span> <span class='ocrx_word' id='word_1_430' title='bbox 1847 5022 1913 5066; x_wconf 90' lang='lat' dir='ltr'><strong>cum</strong></span> <span class='ocrx_word' id='word_1_431' title='bbox 1927 5019 2032 5067; x_wconf 87' lang='lat' dir='ltr'><strong>omnes</strong></span> 
     </span>
    </p>
   </div>
   <div class='ocr_carea' id='block_1_6' title="bbox 0 0 2370 6038">
    <p class='ocr_par' dir='ltr' id='par_1_6' title="bbox 0 0 2370 6038">
     <span class='ocr_line' id='line_1_44' title="bbox 0 0 2370 6038; baseline 0 1"><span class='ocrx_word' id='word_1_432' title='bbox 0 0 2370 6038; x_wconf 95' lang='lat' dir='ltr'><strong> </strong></span> 
     </span>
    </p>
   </div>
  </div>
 </body>
</html>
