4784 6040
547 638 765 717 GREGORII
804 637 1060 718 cluflotlot
1099 638 1335 736 0RlllllTlS,
1373 656 1424 718 hc.
1608 643 1685 718 45⁷

415 825 577 920 Populos.
629 825 673 898 m
699 847 774 896 cum
801 827 916 921 spiritu
942 834 1010 898 tuo.
1129 883 1132 890 .

413 941 598 1014 Sacerdos.
651 940 790 1013 Sursum
818 941 932 1014 corda.

415 1057 576 1149 Populus.
629 1054 800 1128 Habemus
827 1057 870 1129 ad
895 1056 1084 1130 Dominum.

413 1172 599 1244 Sacerdos.
653 1171 788 1245 Gratias
816 1194 964 1265 agamus.

413 1288 575 1382 Populos.
628 1286 775 1381 Dignum
801 1299 835 1360 et
857 1292 981 1382 justum
1010 1297 1071 1360 est.

413 1403 589 1475 Sacerdos
621 1402 813 1474 inclinatur.
881 1401 958 1474 Tibi
989 1402 1128 1476 debetur
1162 1404 1333 1494 adoratio,
1365 1405 1424 1477 tibi
1458 1429 1599 1503 aequum
1633 1421 1685 1480 est

309 1523 435 1612 gratias
463 1541 578 1611 agere,
605 1529 639 1590 te
666 1518 803 1590 laudare
839 1528 989 1614 oportet,
1022 1530 1057 1590 te
1086 1521 1211 1611 justum
1244 1531 1296 1592 est
1329 1520 1460 1620 hymnis
1497 1521 1683 1610 celebrare,

308 1634 365 1708 tibi
392 1633 530 1707 debetur
557 1632 730 1722 exaltatio,
758 1643 791 1704 te
818 1634 914 1706 decet
940 1633 1060 1727 gloria,
1088 1644 1209 1730 quanta
1228 1635 1300 1708 dari
1326 1648 1439 1733 potest
1465 1640 1623 1727 maxima,
1651 1649 1685 1711 et

308 1748 350 1823 ab
378 1749 530 1823 omnibus
556 1772 651 1836 vere,
681 1754 757 1845 quia
783 1748 894 1822 lactor
920 1753 1066 1821 omnium
1091 1772 1140 1822 es.

411 1865 562 1944 Eleooaa
580 1885 706 1935 nocero.
760 1864 812 1935 Tu
830 1865 975 1937 Domine
1001 1865 1110 1938 verbo
1138 1877 1194 1938 tuo
1214 1865 1346 1938 coelum
1365 1868 1485 1954 iecisti,
1513 1878 1547 1940 et
1565 1867 1683 1942 coelos

308 1981 500 2070 coelorum3
527 1979 693 2052 coelestes
727 1989 899 2052 creaturas
932 1979 1040 2054 verbo
1068 1991 1124 2054 tuo
1151 1987 1294 2071 creasti,
1328 1993 1362 2054 et
1389 1984 1515 2079 Spiritu
1541 1987 1610 2057 oris
1638 1988 1684 2056 tui

308 2101 448 2170 virtutes
476 2100 663 2188 igneorum,
691 2117 875 2191 omnesque
902 2096 1037 2168 ordines
1070 2099 1302 2192 incorporeae,
1330 2107 1364 2168 et
1389 2097 1582 2188 flammeos3
1614 2121 1682 2170 na-

305 2225 399 2295 turas
426 2216 525 2285 etiam
551 2211 733 2284 rationales
766 2214 992 2300 terrestrium,
1027 2215 1082 2306 qui
1116 2215 1247 2283 animati
1283 2224 1359 2286 suut
1392 2238 1438 2287 ex
1471 2217 1587 2307 spiritu
1614 2225 1681 2287 tuo.

310 2328 470 2402 Gamales
498 2328 614 2400 iisdem
641 2327 793 2399 manibus
821 2330 885 2399 tuis
913 2331 1037 2400 sanctis
1064 2328 1226 2418 formasti,
1254 2339 1287 2401 et
1313 2331 1503 2416 renovasti,
1538 2351 1612 2401 cum
1640 2331 1682 2402 de

307 2466 399 2516 novo
427 2467 488 2517 eos
515 2446 647 2515 creasti.
700 2441 829 2514 Eodem
862 2448 987 2539 pariter
1020 2442 1137 2515 ordine
1164 2447 1306 2538 ipsoque
1333 2451 1488 2538 quantum
1514 2466 1681 2517 necessa-

308 2563 391 2632 rium
418 2582 496 2634 esse
522 2566 655 2655 poterat
680 2561 1011 2649 convenientissimo,
1039 2563 1176 2653 eosqui
1202 2559 1407 2632 circumdant
1433 2581 1564 2631 currum
1591 2560 1683 2633 illum

309 2697 504 2771 supernum,
541 2677 657 2768 etqui
689 2676 780 2746 circa
807 2673 958 2747 thronum
994 2674 1187 2746 interiorem
1227 2685 1317 2747 sunt:
1351 2696 1412 2746 eos
1449 2679 1503 2770 qui
1538 2679 1682 2748 animate

308 2789 474 2878 collocati,
502 2801 536 2862 et
562 2813 623 2863 eos
651 2793 706 2884 qui
733 2788 862 2885 absque
898 2793 1004 2861 anima
1031 2790 1090 2861 fixi
1125 2799 1219 2877 sunt,
1256 2788 1456 2862 substantias
1493 2791 1682 2881 sensibiles,

309 2917 343 2979 et
368 2905 482 2978 turbas
510 2905 725 3001 spiritualium
753 2909 920 2995 mentium,
948 2927 1086 3000 quarum
1107 2903 1186 2978 illae
1203 2927 1304 2994 voce,
1331 2904 1409 2976 illae
1436 2928 1511 2976 cum
1539 2906 1681 2993 silentio,

307 3023 451 3115 gloriam
476 3022 728 3110 indesinentem,
754 3020 870 3094 laudes
899 3030 932 3092 et
955 3018 1097 3117 hymnos
1126 3020 1254 3115 absque
1280 3020 1358 3110 line,
1385 3021 1620 3109 exaltationes,
1648 3033 1682 3094 et
1777 3083 1785 3092 .

309 3137 587 3211 sanctificationes
615 3160 701 3232 quae
734 3139 844 3208 animo
880 3134 1118 3232 comprehendi
1143 3158 1212 3207 non
1238 3145 1396 3230 possunt,
1430 3139 1558 3208 cantica
1594 3160 1682 3232 quae

306 3254 404 3325 finem
429 3273 497 3324 non
524 3249 657 3342 habeut,
684 3255 864 3344 gratiarum
892 3255 1054 3324 actionem
1081 3250 1209 3346 absque
1235 3248 1378 3337 silentio,
1406 3263 1527 3322 canunt
1554 3252 1681 3324 divini·

307 3373 366 3441 tati
392 3378 481 3458 tuae,
509 3365 747 3461 triumphaliter
774 3378 808 3439 et
836 3367 970 3438 decore.
1009 3367 1151 3438 Terreni
1178 3368 1277 3436 etiam
1303 3388 1370 3438 uno
1398 3389 1567 3440 consensu
1593 3391 1680 3439 can·-

306 3487 371 3556 tica
399 3507 460 3556 sua
487 3507 562 3555 cum
589 3481 815 3578 spiritualibus
850 3486 1042 3569 miscentes,
1070 3480 1205 3554 ordines
1235 3479 1442 3554 clericorum
1476 3483 1573 3554 simul
1605 3506 1680 3554 cum
1722 3501 1726 3510 ·

307 3599 529 3687 coelestibus,
572 3597 775 3690 glorificant:
830 3601 962 3692 agmina
1000 3597 1186 3669 Psaltarum
1225 3619 1300 3668 cum
1340 3597 1482 3690 Angelis
1521 3596 1679 3689 jubilant:

305 3718 526 3810 Anagnostae
554 3737 627 3786 cum
654 3713 879 3808 Archangelis
906 3724 1028 3786 canunt
1052 3712 1232 3785 honorem:
1269 3711 1412 3784 Ordines
1439 3712 1679 3800 Diacouorum,

307 3835 361 3927 qui
388 3829 596 3904 Pontificatui
622 3833 824 3920 ministrant;
852 3830 1048 3903 sacerdotes
1076 3839 1110 3900 et
1127 3826 1327 3900 sacerdotali
1354 3828 1461 3901 officio
1488 3827 1679 3921 iungentes,

226 4027 228 4037 ¹
305 3971 380 4020 eum
407 3945 529 4018 militiis
563 3944 784 4036 coelestibus,
818 3947 913 4018 simul
945 3946 1144 4037 conjmcum
1180 3942 1323 4015 laudant.
1383 3944 1680 4042 Archipreslryteri
1765 4017 1768 4020 .

305 4070 338 4132 et
351 4061 513 4157 Episcopi
540 4083 615 4133 cum
631 4059 775 4132 Throuis
803 4069 836 4132 et
853 4059 1140 4133 Domiuationibus
1164 4061 1279 4151 juncti,
1306 4063 1486 4150 gratiarum
1515 4063 1680 4131 actionem

305 4173 432 4270 absque
466 4177 533 4250 ullo
566 4177 698 4250 silentio
735 4179 947 4263 continuaut3
977 4173 1211 4262 Patriarchae,
1246 4172 1501 4270 Archiepiscopi
1535 4183 1568 4245 et
1598 4177 1679 4246 An-

204 4387 206 4390 ·
303 4293 423 4365 tistites
450 4293 626 4366 Ecclesiae
652 4292 749 4384 hujus
765 4281 963 4382 ‘inferioris,
996 4293 1030 4362 in
1064 4289 1307 4362 similitudinem
1334 4289 1511 4362 Cherubim
1547 4300 1581 4361 et
1606 4289 1678 4360 se·
1741 4359 1748 4369 ,

304 4405 442 4500 raphim,
469 4411 548 4500 igne
575 4421 609 4482 et
633 4408 709 4480 luce
728 4411 984 4493 coruscantium,
1013 4410 1068 4502 qui
1085 4404 1222 4477 serialis
1238 4407 1358 4497 igneis,
1386 4405 1678 4501 contemplationis

303 4521 469 4593 timendae
497 4533 530 4594 et
557 4523 762 4596 domesticae
798 4521 1029 4618 resplendent3
1062 4525 1116 4617 qui
1149 4520 1277 4593 duabus
1311 4531 1427 4613 tegunt
1459 4523 1568 4616 capita
1600 4542 1677 4592 sua:

305 4633 433 4709 duabus
460 4638 575 4710 velant
599 4639 704 4735 pedes
733 4661 829 4714 suos:
858 4637 985 4711 duabus
1012 4635 1129 4710 medis
1152 4635 1335 4731 aequaliter
1362 4636 1446 4708 alter
1473 4636 1514 4709 ad
1542 4636 1678 4708 alterum

301 4749 469 4841 volantes,
497 4765 530 4824 et
557 4754 693 4826 decreta
713 4762 940 4850 penetrantes,
965 4757 1069 4826 trinas
1085 4752 1363 4827 sanctificationes
1389 4752 1447 4824 tihi
1473 4775 1563 4826 voce
1589 4775 1678 4824 cou-

302 4883 399 4956 sona,
426 4879 558 4959 canunt,
585 4869 729 4941 clamant
755 4881 789 4942 et
816 4869 934 4940 dicunt.

408 4981 569 5076 Populus.
622 4983 785 5076 Sanctus,
812 4985 972 5080 Sanctus,
999 4986 1153 5060 Sanctus.

452 5239 459 5279 l
