4728 6028
738 581 814 657 104
1112 581 1730 665 obstxvxttbnbs

735 776 767 830 ut
790 769 846 845 sit,
870 767 907 830 de
930 785 989 850 quo
1013 767 1150 847 dubitari,
1174 777 1225 831 aut
1248 771 1280 832 in
1301 787 1361 850 quo
1383 753 1544 832 novitatem
1565 771 1716 851 suspicari
1737 772 1834 834 minus
1857 777 1957 852 queat.
1994 771 2106 834 Orator

736 876 834 931 autem
856 867 950 944 Deus,
972 876 1006 930 ut
1023 869 1155 948 fidelium
1176 870 1385 949 defunctorum
1407 872 1528 932 unimus
1549 871 1705 950 quiescere
1718 871 1827 951 jubeat
1848 874 1880 933 in
1909 874 1978 933 siuu
1999 871 2105 934 Abru-

735 965 816 1042 bcm,
838 965 930 1029 lscec
951 975 982 1028 et
1000 967 1099 1029 Jacob
1103 989 1117 1042 ;
1139 969 1218 1030 iuter
1239 968 1459 1045 Potriurchus,
1482 969 1662 1047 Prophetes,
1686 977 1716 1033 et
1736 970 1903 1052 Martyres,
1927 972 2007 1032 iuter
2029 972 2105 1034 cho-

736 1084 791 1127 ros
807 1065 989 1129 Sanctorum
1011 1087 1144 1144 saeorum,
1166 1071 1199 1130 in
1215 1071 1367 1150 paradiso
1389 1069 1551 1148 uoluptatis
1572 1077 1602 1130 et
1622 1069 1810 1148 deliciarum,
1833 1070 1912 1131 aride
1924 1069 2005 1150 sugit
2017 1071 2106 1132 dolor

736 1171 767 1224 et
783 1167 920 1244 qemitus.
959 1164 1098 1229 Oenones
1120 1168 1195 1229 narii
1220 1168 1432 1245 Conciliorum,
1456 1168 1644 1229 recentiores
1666 1185 1787 1250 quoque
1810 1168 1971 1230 nonnullae
1994 1169 2032 1232 de
2054 1170 2105 1232 illa
2208 1221 2210 1226 .

736 1262 893 1344 disciplina
917 1264 1172 1345 constitutiones,
1195 1267 1339 1351 leguntur
1360 1268 1390 1330 in
1414 1266 1649 1329 Collectionibus
1673 1268 1805 1348 Syriacis
1833 1277 1864 1330 et
1886 1267 2042 1330 Arabicis:
2073 1275 2105 1330 et

735 1363 765 1423 in
787 1363 918 1427 Historia
942 1373 1107 1428 occurrunt
1132 1367 1270 1448 exempla
1293 1368 1370 1430 bene
1393 1367 1484 1429 multa
1496 1366 1661 1448 liturgiae,
1680 1385 1736 1447 pro
1760 1365 1909 1430 defunctis
1932 1365 2104 1430 celebratae

734 1463 764 1523 in
787 1463 906 1525 illorum
929 1463 1133 1544 depositione:
1162 1465 1330 1548 diebusque
1361 1467 1572 1547 sequentibus,
1604 1474 1635 1528 et
1664 1466 1888 1531 anniversariis.
1942 1467 2120 1544 Praeterea,

733 1569 816 1624 extat
844 1565 922 1644 apud
954 1563 1068 1646 Syros,
1091 1571 1123 1627 ut
1146 1566 1257 1629 similes
1281 1584 1401 1647 quoque
1423 1567 1453 1627 in
1476 1565 1541 1627 aliis
1564 1564 1727 1643 Ecclesiis,
1753 1565 1830 1628 liber
1852 1565 2014 1648 singularis
2037 1565 2104 1628 obl-

733 1662 780 1722 cia
803 1665 961 1727 continens
985 1666 1190 1746 exequiarum,
1215 1665 1381 1728 communia
1404 1663 1540 1728 omnibus
1563 1665 1683 1740 Laicis3
1711 1673 1772 1726 tum
1794 1664 1943 1728 destinata
1966 1667 2102 1746 exequiis

732 1762 947 1842 Diaconorum,
971 1765 1178 1842 sacerdotum,
1201 1764 1430 1846 Episcoporum,
1453 1765 1701 1842 Patriarcharum,
1724 1767 1754 1827 in
1777 1766 1885 1845 quibus
1909 1768 2012 1828 variae
2027 1785 2102 1847 pre-

733 1879 785 1923 ces
808 1872 892 1942 sunt,
923 1866 953 1926 in
984 1863 1117 1927 eamdem
1148 1867 1328 1927 sententiam
1359 1866 1579 1946 conspirantes.
1623 1864 1728 1927 Editus
1757 1873 1804 1927 est
1832 1873 1931 1928 autem
1953 1865 2030 1927 liber
2051 1865 2103 1928 ille

732 1960 857 2039 Romae,
882 1971 912 2025 et
932 1963 1005 2026 Mss.
1029 1962 1182 2036 codicibus
1204 1966 1278 2027 satis
1301 1973 1441 2028 accurate
1464 1962 1639 2044 respondet.
1683 1963 1729 2026 Do
1756 1962 1880 2028 Graecis
1911 1983 1973 2027 non
2001 1964 2103 2046 loqui-

731 2078 814 2122 mur:
838 2080 914 2142 quos
937 2081 1041 2141 nemo,
1064 2064 1122 2125 nisi
1144 2081 1247 2126 rerum
1268 2063 1548 2127 Ecclesiastioarum
1571 2064 1825 2144 imperitissimus,
1847 2066 1945 2126 nescit
1966 2072 2101 2127 veterem

649 2151 676 2192 ’·
732 2159 811 2221 illam
835 2160 1020 2241 disciplinam
1044 2180 1165 2242 semper
1188 2170 1218 2224 et
1241 2163 1352 2243 ubique
1374 2164 1549 2241 retinuisse,
1575 2170 1606 2225 ot
1629 2166 1788 2225 etiamnum
1810 2163 1985 2226 observare.

443 2269 598 2324 Graecorum
621 2288 716 2325 recen·

821 2259 934 2321 Verum
956 2261 1135 2344 pervolgata
1158 2269 1205 2322 est
1229 2259 1381 2323 *adversus
1411 2263 1597 2324 recentiores
1627 2262 1747 2324 illorum
1770 2262 1945 2346 Theologos
1975 2271 2102 2327 contro-

408 2360 500 2410 ²¹⁰¹¹¹¹¹¹
527 2360 613 2428 opinio
647 2359 846 2438 Surisversia,
870 2378 947 2441 quae
970 2360 1132 2422 animarum
1155 2369 1361 2442 separatarum
1384 2361 1584 2424 conditionem
1607 2369 1736 2442 spectat,
1759 2360 1797 2423 do
1822 2379 1879 2442 qua
1902 2363 1982 2424 inter
2002 2363 2101 2426 Grae-

408 2447 552 2514 incognita.

442 2755 471 2839 1..
490 2757 516 2805 7.
532 2773 559 2824 p.
585 2757 610 2808 1.
629 2774 652 2808 c.
676 2755 719 2807 15.

408 2849 431 2892 ct
448 2841 465 2893 l.
482 2844 509 2892 7.
527 2859 549 2892 c.
565 2843 609 2893 23.
621 2841 721 2895 Brere-

407 2928 476 2979 cuod.
495 2945 517 2979 c.
536 2927 580 2978 21.

734 2477 787 2521 cos
811 2467 841 2521 et
863 2457 985 2522 Latinos
1009 2459 1067 2522 huc
1089 2479 1186 2541 usque
1209 2461 1391 2542 disputatur:
1420 2461 1499 2541 quod
1523 2461 1638 2524 scilicet
1661 2461 1822 2523 beatorum
1846 2463 1981 2538 animae,
2004 2482 2100 2544 usquc

734 2558 772 2620 ad
794 2576 966 2639 supremum
984 2560 1089 2642 judicii
1111 2559 1189 2624 diem
1211 2561 1338 2624 coelesti
1360 2561 1503 2642 felicitate
1524 2579 1585 2622 non
1608 2561 1776 2641 potiuntur,
1804 2579 1904 2642 neque
1925 2563 2022 2625 Deum
2052 2564 2101 2624 vi-

735 2658 817 2737 dent,
841 2667 872 2720 et
894 2659 975 2721 illum
998 2678 1136 2723 errorem
1157 2678 1217 2723 non
1239 2661 1329 2724 modo
1345 2659 1480 2738 Graecis,
1504 2659 1559 2722 sed
1583 2662 1670 2722 etiam
1687 2659 1831 2722 Jacobitis
1848 2660 1942 2742 Syris,
1966 2662 2102 2726 nonnulli

735 2757 914 2838 attribuunt,
945 2766 976 2821 et
1003 2759 1081 2821 inter
1108 2760 1176 2822 illos
1204 2763 1386 2842 praecipuus
1410 2758 1603 2822 Orientalium
1633 2766 1793 2822 aecusator
1816 2759 1944 2823 Thomas
1975 2780 1992 2823 a
2015 2763 2100 2844 lesu,

734 2865 873 2939 tanquam
895 2878 935 2920 ex
955 2857 1075 2921 illorum
1089 2858 1277 2946 Cateohismo
1301 2862 1444 2944 agnitum,
1467 2877 1556 2940 quem
1579 2867 1687 2937 tamen,
1711 2866 1744 2920 ut
1767 2866 1831 2920 erat
1852 2859 2021 2941 linguarum
2043 2863 2101 2923 im-

731 2957 858 3037 peritus,
882 2976 941 3020 non
963 2959 1020 3020 nisi
1041 2976 1098 3039 per
1119 2960 1314 3040 interpretem
1336 2958 1442 3040 legere
1465 2966 1614 3039 potuerat.
1658 2958 1730 3021 lnde
1754 2958 1906 3021 concludit
1932 2959 2000 3023 illos
2022 2960 2101 3023 Pur-

731 3057 880 3138 gatorium
902 3059 1003 3140 ignem
1024 3075 1085 3120 non
1109 3076 1294 3142 agnoscere:
1318 3058 1400 3139 quod
1423 3056 1549 3137 Coptitis
1572 3060 1686 3139 pariter
1712 3059 1863 3139 impingit:
1892 3058 1972 3121 unde
2000 3077 2099 3142 neque
2127 3134 2136 3152 ι

731 3155 799 3217 illos
823 3173 913 3218 orare
934 3176 991 3238 pro
1015 3159 1152 3234 mortuis,
1174 3165 1289 3220 temere
1312 3158 1433 3219 omnino
1456 3157 1587 3223 affirmat.
1617 3157 1694 3230 Quid
1718 3157 1756 3220 de
1779 3159 1887 3221 talibus
1904 3158 2100 3222 Orientalium

732 3254 967 3318 Christianorum
991 3257 1217 3319 accusatoribus
1241 3255 1469 3320 existimandum
1492 3257 1541 3334 sit,
1565 3257 1603 3318 de
1617 3257 1730 3319 Thema
1749 3257 1801 3320 illo
1818 3260 2006 3338 praesertim,
2030 3258 2101 3320 alibi

731 3355 841 3417 dictum
864 3363 928 3417 est:
951 3364 1042 3436 atque
1065 3375 1125 3419 uno
1148 3354 1255 3435 verbo,
1278 3358 1446 3420 testimonia
1460 3356 1587 3418 hominis
1605 3355 1784 3438 linguarum,
1808 3363 1838 3418 et
1853 3359 2100 3439 rerum‘imperi-

659 3509 662 3516 ,
730 3454 845 3535 tissimi,
868 3472 955 3517 nemo
978 3455 1125 3520 adversus
1148 3457 1216 3519 illos
1240 3455 1328 3519 iacile
1352 3457 1464 3519 admitti
1487 3455 1599 3518 debere
1619 3456 1773 3537 judicabit.
1799 3456 1973 3519 Certissima
1988 3457 2100 3538 quippe

730 3560 848 3615 constat
870 3572 974 3616 omnes
997 3555 1211 3636 cujuscumque
1232 3556 1354 3640 linguae
1379 3564 1430 3618 aut
1459 3563 1562 3618 sectae
1586 3555 1791 3634 Christianos,
1822 3575 1861 3617 ex
1893 3557 2097 3637 antiquissima

729 3652 905 3733 disciplina,
927 3671 1017 3716 orara
1038 3673 1096 3736 pro
1120 3655 1243 3718 mortuis
1266 3655 1296 3716 in
1317 3655 1468 3736 liturgia,
1491 3662 1524 3716 ut
1546 3675 1587 3718 ex
1609 3675 1647 3718 eo
1670 3655 1754 3734 loco,
1783 3674 1872 3736 quem
1903 3654 2096 3736 illustramus

730 3753 967 3816 demonstratur:
990 3762 1050 3816 tum
1072 3754 1160 3816 etiam
1179 3772 1216 3816 eo
1235 3755 1364 3818 maxime
1378 3754 1579 3832 confirmatur,
1603 3753 1683 3835 quod
1698 3755 1832 3836 liturgia
1851 3755 1931 3817 nulla
1947 3757 1995 3832 sit,
2019 3757 2098 3819 inter

730 3861 789 3914 tam
812 3851 917 3914 multas
941 3871 1015 3933 quas
1038 3852 1148 3916 habent
1171 3855 1240 3936 Syri
1261 3854 1433 3930 Jacobitae,
1463 3872 1542 3934 quae
1569 3863 1754 3917 mortuorum
1783 3857 2098 3918 commemorationem

730 3969 792 4014 non
814 3952 974 4014 contineat.
1020 3951 1094 4015 Cum
1116 3961 1214 4015 minen
1237 3973 1277 4015 ex
1298 3952 1383 4016 Actis
1407 3953 1535 4017 Concilii
1555 3952 1720 4015 Florentini
1743 3959 1845 4015 notum
1868 3954 1924 4031 sit,
1956 3957 2095 4037 agitatam

728 4053 808 4113 inter
830 4052 963 4114 Graecos
987 4060 1017 4114 et
1039 4052 1161 4115 Latinos
1184 4051 1277 4114 luisse
1300 4054 1506 4133 quaestionem
1529 4053 1607 4115 illam
1630 4053 1669 4115 de
1692 4060 1771 4114 statu
1794 4053 1970 4132 animarum,
1997 4073 2096 4136 neque

728 4150 796 4212 illos
825 4151 876 4231 qui
900 4152 1043 4214 unionem
1064 4153 1237 4234 rejecerunt
1259 4170 1276 4213 a
1299 4153 1424 4233 pristina
1446 4171 1500 4214 sua
1522 4153 1669 4215 sententia
1692 4153 1875 4230 recessisse,
1906 4161 1997 4234 atque
2020 4154 2095 4216 adeo

728 4250 939 4331 Purgatorium
960 4251 1062 4334 ignem
1084 4270 1144 4314 non
1168 4254 1400 4334 agnoscerem
1423 4252 1530 4315 eodem
1553 4271 1659 4315 errore
1680 4251 1799 4314 versari
1822 4251 2096 4317 Orientalestri-

729 4349 842 4411 stianos
866 4368 957 4413 eausa
979 4369 1039 4413 non
1063 4353 1134 4414 satis
1156 4359 1328 4433 perspecta,
1351 4352 1569 4415 alllrmaverunt
1591 4360 1713 4414 autores
1735 4351 1787 4415 illi.
1833 4350 1864 4414 Si
1887 4352 1926 4414 de
1948 4350 2095 4416 Melchitis

728 4447 900 4530 loquuntur,
923 4459 1023 4532 potest
1046 4451 1135 4513 etiam
1157 4453 1357 4516 accusationis
1378 4455 1491 4514 veritas
1514 4451 1688 4533 periclitari,
1713 4452 1849 4532 quamvis
1871 4451 1902 4513 in
1925 4451 1993 4514 illos
2012 4453 2095 4515 solos

729 4548 840 4612 cadere
863 4548 1017 4630 videatur,
1041 4570 1135 4632 quos,
1159 4570 1225 4614 cum
1247 4553 1403 4617 Ecclesiae
1427 4551 1563 4614 Graecae
1585 4550 1714 4632 subjecti
1736 4551 1811 4629 sint,
1835 4552 1865 4612 in
1889 4550 2013 4629 eadem,
2036 4569 2094 4632 qua

729 4645 837 4712 Graeci
858 4649 981 4730 reliqui,
1011 4653 1154 4733 opinione
1181 4671 1251 4716 esse
1275 4651 1472 4734 probabiliter
1494 4657 1594 4732 potest
1611 4649 1750 4732 Judicari.
1795 4649 1879 4713 llulti
1903 4657 2001 4712 tamen
2024 4659 2092 4713 sunt

728 4755 758 4810 et
780 4747 900 4811 luerunt
922 4751 952 4810 in
975 4750 1062 4832 Syria
1085 4751 1244 4814 Christiani
1266 4752 1441 4830 llelebitae,
1464 4752 1515 4832 qui
1538 4749 1771 4832 Syriace'sacra
1802 4750 2011 4830 celebrantes,
2043 4759 2093 4814 aut

729 4846 846 4911 Graece
868 4850 975 4926 etiam,
1005 4859 1038 4913 ut
1066 4852 1097 4912 in
1123 4850 1199 4915 locis
1229 4850 1393 4932 aliquibus,
1423 4851 1493 4932 quid
1517 4849 1779 4931 Constantinopoli
1801 4858 1945 4932 ageretur
1967 4866 2093 4930 prorsus

727 4946 949 5030 ignoraverint,
971 4949 1051 5012 unde
1072 4968 1171 5032 noque
1193 4951 1321 5014 turbatio
1344 4951 1395 5014 illa
1418 4968 1495 5033 quae
1518 4959 1587 5014 ante
1610 4958 1731 5031 etpost
1753 4948 1956 5013 Florentinum
1981 4949 2094 5013 Conci-
