4784 6040
672 537 749 613 384
1174 536 1532 614 LITURGIA

773 725 936 820 Populos.
988 725 1253 816 Misericordiae,
1280 734 1342 797 etc.

763 842 957 916 -Sacerdna
1011 841 1143 915 Caritas
1169 840 1234 912 Dei
1259 842 1387 930 Patris,
1414 849 1477 912 etc.

770 957 935 1052 Populos.
987 957 1031 1030 m
1057 980 1131 1030 cum
1158 958 1274 1053 spiritu
1300 966 1368 1030 tuo.

774 1074 957 1148 Sacerdos.
1010 1073 1149 1146 Sursum
1176 1073 1288 1145 corda.

777 1187 938 1284 Papulas.
989 1187 1160 1262 Habemus
1187 1188 1229 1261 ad
1255 1190 1439 1262 Dommum.
1536 1172 1541 1182 ’

777 1306 962 1378 Sacerdos.
1016 1304 1149 1378 Gratias
1177 1327 1314 1398 agamus
1341 1293 1451 1376 Deos

777 1420 937 1514 Populus.
990 1422 1134 1513 Dignum
1161 1427 1194 1493 et
1216 1423 1340 1512 Justum
1366 1430 1426 1491 est.
1474 1473 1484 1490 .

778 1536 953 1609 Sacerdos
985 1538 1175 1608 inclinatae.
1227 1535 1370 1609 Domine
1402 1525 1544 1606 timenda
1573 1536 1628 1628 qui
1654 1531 1851 1625 glorificaris
1877 1535 1910 1604 in
1937 1533 2035 1606 coelo

675 1664 710 1726 et
736 1657 768 1725 in
795 1664 896 1742 terra,
924 1675 998 1724 cum
1024 1652 1110 1726 Filio
1137 1661 1192 1724 tuo
1219 1655 1389 1743 unigenito
1415 1661 1450 1724 et
1476 1649 1613 1745 Spina*
1626 1659 1751 1722 saneto.

777 1769 927 1840 Elaeam
952 1790 1077 1840 nocem.
1131 1767 1262 1840 Mentes
1287 1765 1460 1862 perfectae
1486 1776 1520 1837 et
1546 1765 1681 1838 ordines
1708 1763 1908 1861 spirituales,
1935 1785 2034 1836 muu-

675 1885 786 1981 doque
811 1887 1012 1980 superiores,
1038 1887 1072 1954 in
1099 1892 1215 1957 sancto
1242 1893 1432 1956 sanctorum
1458 1891 1528 1970 tuo,
1554 1879 1758 1953 sanctificant
1777 1881 1919 1972 gloriam
1934 1887 2035 1968 mam,

676 2003 732 2096 qui
757 2004 967 2084 incessanter
992 1999 1190 2092 glorificant,
1215 1999 1370 2086 clamant,
1394 1994 1623 2070 vociferantur
1648 2005 1681 2067 et
1707 1996 1826 2068 dicunt.

777 2114 940 2209 Popatan.
992 2115 1154 2206 sanans,
1180 2114 1341 2202 Sanctus,
1367 2113 1521 2188 Sanctus.

631 2229 633 2234 ’
779 2232 954 2304 Sacerdos
968 2232 1158 2304 inclinatae.
1195 2233 1443 2306 Convenieuter
1459 2229 1638 2304 secundum
1658 2226 1916 2300 misericordiam
1936 2238 2036 2316 marn,

674 2351 767 2422 Deus
794 2347 906 2437 Pater,
931 2345 1103 2422 nobiscum
1131 2347 1341 2443 dispensasti,
1369 2355 1403 2418 et
1428 2347 1544 2418 misisti
1569 2343 1666 2418 uobis
1692 2347 1893 2436 unigenitum
1918 2342 2035 2416 Filium

674 2473 783 2552 tuum,
815 2465 871 2558 qui
895 2464 1003 2536 unitus
1030 2474 1084 2535 est
1108 2463 1204 2536 uobis
1232 2462 1411 2536 secundum
1438 2465 1567 2554 omnia,
1598 2469 1743 2557 excepto
1769 2469 1929 2556 peccato,
1956 2471 2037 2532 tan-

676 2601 774 2675 quam
801 2578 929 2653 scilicet
955 2580 998 2651 ad
1024 2579 1175 2669 salutem,
1203 2590 1237 2652 et
1261 2583 1362 2651 vitam
1388 2589 1545 2652 nostram.

782 2695 932 2767 Maenas
957 2718 1082 2766 accen.
1132 2694 1225 2767 Vere
1251 2704 1403 2766 atcerte
1429 2696 1557 2789 accepit
1582 2693 1721 2768 formam
1749 2697 1972 2784 servantia
1998 2715 2039 2763 ea

675 2809 866 2910 perficeret,
900 2835 986 2908 quae
1011 2810 1121 2884 futura
1148 2822 1243 2883 erant
1270 2811 1312 2883 ad
1340 2809 1494 2899 salutem,
1526 2812 1696 2907 vitamque
1727 2809 1824 2885 uobis
1857 2819 2037 2906 praestan-

676 2927 770 3014 dam,
801 2920 816 2960 ²
842 2927 985 3023 Accepit
1009 2949 1129 3022 panem
1156 2936 1190 2999 et
1214 2929 1339 3017 vinum
1365 2927 1536 3000 benedixit
1560 2933 1593 3016 †,
1620 2926 1839 3002 sanctificavit
1864 2933 1896 3015 †,
1926 2925 2038 3018 fregit,

676 3050 697 3126 †
724 3042 877 3138 deditque
904 3042 1077 3138 Apostolis
1105 3046 1174 3116 suis
1201 3042 1331 3116 dicens:
1359 3045 1510 3139 accipite,
1535 3045 1671 3131 unnim,
1703 3053 1736 3114 et
1761 3046 1806 3114 ita
1832 3041 1942 3114 facite.
1996 3041 2039 3112 Et

676 3182 751 3231 cum
776 3159 841 3231 boc
869 3162 1077 3256 acceperitis,
1105 3159 1230 3231 credite
1250 3167 1284 3229 et
1303 3153 1385 3230 certi
1404 3168 1524 3248 estote,
1552 3159 1640 3255 quod
1659 3179 1781 3254 corpus
1799 3179 1907 3230 meum
1930 3159 2038 3248 editis,

677 3286 711 3347 et
750 3277 943 3368 sanguinem
978 3273 1089 3348 bibitis
1129 3278 1162 3346 iu
1198 3277 1390 3347 memoriam
1428 3278 1543 3348 mortis
1578 3297 1675 3348 meae
1713 3274 1892 3362 iacientes,
1931 3273 2040 3346 donec

676 3395 818 3468 veniam.
1894 3408 1897 3414 “

780 3506 942 3600 Populos.
977 3508 1114 3591 ¹Mortis
1141 3518 1226 3579 tuae.

780 3622 965 3695 Sacer-doe.
1018 3622 1169 3696 Maxime
1195 3625 1293 3696 etiam
1330 3643 1416 3695 nunc
1457 3619 1649 3696 memoriam
1683 3627 1812 3716 aginam
1847 3643 1961 3694 coram
1993 3627 2040 3711 te,

678 3740 823 3810 omnium
849 3761 962 3811 earum
988 3761 1099 3811 rerum
1135 3735 1217 3834 qaas
1249 3743 1354 3813 nostri
1386 3761 1488 3812 causa
1523 3742 1680 3832 gessisti,
1715 3762 1736 3812 o
1762 3735 1911 3810 Verbum
1936 3738 2040 3824 Deus,

677 3875 764 3950 (prae
790 3877 811 3926 a
836 3857 1007 3928 nativitate
1033 3866 1088 3928 tna
1114 3865 1233 3947 gestae
1267 3865 1362 3928 sunt:
1397 3855 1557 3951 Baptismi
1590 3859 1656 3946 tui,
1691 3856 1875 3952 passionis,
1911 3855 2041 3940 mortis,

677 3968 882 4067 sepulturae,
909 3973 1162 4044 resurrectionis
1189 3982 1285 4061 tuae,
1313 3981 1346 4043 et
1372 3973 1578 4046 ascensionis
1605 3976 1638 4044 in
1671 3971 1819 4059 coelum,
1852 3971 2039 4042 sessionis-

679 4108 745 4181 que
778 4085 819 4157 ad
846 4086 1019 4159 dexteram
1045 4090 1226 4180 majestatis
1252 4086 1316 4158 Dei
1341 4089 1466 4175 Patris,
1502 4087 1731 4186 adventusque
1764 4089 1810 4159 tui
1844 4085 1979 4161 secundi
2006 4095 2043 4157 et

679 4201 846 4275 terribilis.
888 4201 1072 4298 Propterea
1097 4199 1251 4276 Ecclesia
1275 4212 1332 4274 trra
1358 4212 1393 4275 et
1416 4223 1505 4297 grex
1531 4214 1605 4278 tuus
1632 4205 1829 4300 deprecatur
1854 4211 1900 4292 te,
1926 4210 1961 4274 et
1980 4223 2044 4296 per

679 4329 714 4390 te
740 4328 774 4391 et
799 4329 908 4392 tecam
933 4319 1065 4392 Patrem
1092 4327 1182 4392 tuum
1208 4317 1332 4394 dicens.

784 4433 945 4528 Populus.
998 4435 1170 4510 Miserere.

784 4551 967 4624 Sacerdos.
1018 4549 1092 4624 Nos
1119 4571 1260 4646 quoque.

784 4665 944 4760 Populus.
996 4666 1047 4738 Te
1072 4663 1305 4758 glorificamus.

785 4782 971 4854 Diaconos.
1026 4782 1133 4868 Quam
1160 4781 1304 4855 timenda
1330 4794 1382 4856 est
1407 4783 1490 4856 baec
1515 4783 1608 4857 bora.

785 4897 960 4972 Sacerdos
985 4897 1176 4969 inclinatae.
1227 4895 1374 4972 Gratiam
1401 4901 1543 4997 Spiritus
1569 4903 1634 4989 tui,
1667 4899 1760 4972 Deus
1786 4898 1905 4985 Pater,
1941 4899 2045 4991 quia

684 5023 717 5086 te
742 5013 904 5112 procedit,
931 5025 966 5087 et
990 5011 1047 5087 tibi
1075 5011 1364 5090 consubstantialis
1390 5027 1454 5108 est,
1480 5019 1714 5112 unigenitoque
1740 5015 1825 5088 Filio
1852 5023 1927 5106 tuo,
1953 5013 2047 5083 mitte
