4804 6026
735 605 810 688 'tn
841 609 1134 688 LITUROIAS
1169 607 1451 687 SYRIAOAS.
1739 607 1787 681 59

420 800 571 880 ptioncrn3
593 798 625 860 in
659 813 801 860 vasorum
830 811 987 858 sacromm
1015 793 1293 876 benedictionibus,
1324 796 1354 856 in
1383 793 1642 871 Ordinationibus;
1675 791 1787 874 ubique

421 897 552 964 tandem.

591 1155 766 1230 Sacerdos
792 1155 882 1228 toda
906 1157 1013 1227 celum
1039 1177 1104 1249 qao
1130 1158 1292 1248 mysteria
1320 1158 1529 1248 operiantur,
1558 1161 1621 1226 cto.

516 1367 591 1446 Hoc
619 1378 689 1442 loco
717 1377 859 1440 differunt
887 1378 943 1440 tria
974 1375 1093 1440 Ordinis
1123 1373 1275 1458 generalis
1303 1371 1498 1454 exemplaria:
1534 1371 1606 1434 illud
1640 1373 1720 1454 quod
1758 1373 1787 1436 in
1836 1379 1874 1434 tte
1893 1380 2006 1435 illatione
2020 1395 2109 1433 muna-

422 1482 537 1548 hlissuli
558 1479 719 1546 Chaldaici)
741 1481 852 1544 editum
875 1486 933 1556 est,
955 1481 996 1541 ita
1017 1479 1106 1540 ritum
1128 1478 1269 1559 explicat,
1296 1485 1329 1539 ut
1350 1495 1421 1541 vasa
1444 1495 1530 1540 sacra
1553 1479 1584 1538 in
1612 1476 1697 1540 altari
1724 1477 1788 1560 jam
1801 1483 1856 1520 ΝΜ
1874 1467 1906 1520 ⁸⁶
1924 1467 2010 1520 attare.

423 1583 523 1664 posita
544 1582 614 1658 sint,
638 1587 668 1642 et
690 1580 794 1660 majori
816 1579 885 1641 velo
908 1587 1006 1654 tecta3
1029 1596 1088 1659 quo
1112 1577 1228 1642 sublato
1253 1575 1402 1640 Sacerdos
1425 1576 1531 1639 eadem
1553 1577 1583 1638 in
1606 1576 1702 1656 altari,
1727 1595 1788 1659 quo

423 1682 550 1746 debetur
572 1679 677 1744 ordine
700 1678 847 1758 collocat,
878 1686 938 1741 tum
967 1677 1120 1742 Oblatam:
1150 1676 1258 1740 deinde
1286 1674 1409 1738 calicem
1439 1677 1470 1738 in
1499 1692 1559 1756 quo
1588 1683 1659 1738 tuuc
1686 1676 1787 1739 vinum

422 1781 587 1846 infunditur
608 1796 675 1842 aum
697 1796 785 1858 aqua.

509 1879 542 1942 ln
565 1876 668 1942 Ollicio
690 1876 871 1955 Boderiani,
896 1877 995 1938 statim
1018 1874 1167 1952 Sacerdos
1190 1874 1321 1955 disponit
1342 1874 1401 1936 rite
1424 1873 1650 1954 oblatratum
1672 1881 1787 1956 est‚ut
1852 1877 1928 1932 Panis
1949 1879 2107 1935 buamund-

422 1987 508 2042 recte
529 1980 762 2058 interpretatur,
784 1977 911 2039 hostiam
934 1994 996 2038 uon
1019 1981 1241 2052 consecratam,
1265 1990 1342 2053 quae
1365 1971 1427 2035 illic
1447 1973 1583 2054 Sigillum
1605 1974 1785 2055 appellatur,
1799 1983 1853 2021 ⁰¹¹⁸·

423 2087 456 2142 nt
477 2079 567 2156 etiam
589 2095 607 2138 a
628 2074 772 2138 Barsalibi
795 2076 825 2137 in
849 2074 1083 2150 Commentario,
1112 2074 1181 2154 quia
1211 2090 1304 2154 panes
1327 2071 1533 2135 Eucharistiae
1563 2070 1787 2136 consecrandae

424 2177 577 2256 destinati,
600 2175 696 2240 literis
719 2175 850 2255 aliquot,
872 2175 922 2238 uel
944 2174 1048 2256 liguris
1072 2174 1243 2254 signantur,
1266 2179 1298 2234 ut
1321 2170 1399 2252 apud
1421 2170 1556 2235 Graecos
1580 2173 1700 2276 quibus
1709 2189 1787 2234 con-

424 2288 551 2352 suetudo
575 2295 621 2349 cst
643 2294 675 2350 ut
696 2304 817 2349 crucem
839 2287 1022 2368 imprimant,
1044 2287 1121 2347 intra
1145 2285 1231 2366 cujus
1254 2291 1382 2364 metuar
1410 2284 1503 2348 latera
1532 2285 1643 2368 legitur
1665 2283 1703 2348 tc
1723 2281 1785 2347 na.

423 2375 497 2460 tilii
519 2399 645 2463 scilicet.
671 2385 794 2481 ’innodo
810 2385 955 2483 Χριστὸς
969 2395 1043 2460 sexui
1061 2398 1152 2459 Jessts
1169 2395 1307 2460 Christrss
1328 2399 1439 2459 uincit:
1462 2405 1493 2460 et
1515 2397 1639 2460 similem
1661 2395 1787 2459 ionnam

423 2506 646 2578 repraesentat,
670 2496 797 2562 Goarins
819 2499 849 2559 in
870 2497 956 2560 Notis
980 2497 1017 2560 ad
1038 2496 1202 2580 Liturgiam
1225 2494 1448 2578 chrysostomi,
1477 2503 1509 2558 ut
1535 2496 1581 2560 vir
1604 2497 1786 2560 clarissimus
1817 2499 2108 2570 cambarlangus.

421 2597 552 2662 lacobus
576 2597 749 2662 Sirmondus
772 2597 986 2678 Disquisitione
1009 2597 1047 2660 de
1068 2596 1195 2678 haymo.
1236 2595 1382 2678 AdJunxit
1403 2595 1476 2658 ahos
1500 2595 1611 2659 formas
1633 2597 1707 2660 duas
1721 2596 1786 2660 Ob·
1832 2602 1863 2656 Ρ.
1881 2604 1943 2657 122.

421 2697 565 2776 latarum,
589 2697 739 2779 Syrorum
755 2711 860 2775 unam,
883 2695 1157 2760 Alexandrinorum
1179 2695 1325 2774 alteram,
1349 2713 1423 2776 quas
1445 2694 1516 2758 licet
1537 2695 1617 2758 unde
1640 2697 1785 2776 habuerit,

422 2813 482 2858 non
505 2797 601 2873 dicat,
628 2815 717 2859 veras
740 2803 839 2858 tamen
861 2815 931 2858 esse
954 2797 1073 2860 dubium
1095 2813 1156 2858 non
1178 2803 1235 2858 cst.
1280 2795 1413 2876 Utraque
1443 2813 1504 2857 non
1532 2813 1591 2857 una
1615 2815 1724 2876 cruce,
1755 2803 1787 2857 ut

424 2895 540 2958 Graeco
562 2898 639 2975 ritu,
661 2895 716 2959 sad
738 2895 839 2958 miultis
862 2895 1021 2958 cruciculis
1044 2895 1256 2978 distinguitur,
1279 2897 1320 2957 ita
1341 2903 1440 2957 tumen
1462 2902 1495 2956 ut
1517 2897 1547 2959 in
1569 2896 1667 2960 medio
1691 2895 1787 2959 Obla-

422 3003 470 3059 tae
499 2995 595 3080 figura
617 2997 713 3079 major
745 2996 844 3058 crucis
879 2995 1004 3058 sormam
1033 2998 1190 3077 exprimat.
1235 2993 1283 3057 Ex
1310 2996 1514 3076 antiquissima
1537 3013 1629 3077 porro
1653 2984 1787 3060 consuess

422 3096 525 3158 tudine
548 3096 647 3158 crucis
670 3095 795 3178 figuram
819 3093 933 3158 Oblatis
955 3097 1131 3176 impressam
1153 3094 1264 3174 iuissc,
1292 3094 1399 3175 probat
1428 3113 1468 3156 ex
1494 3094 1612 3176 pictura
1640 3096 1787 3158 vetustis-

423 3195 489 3257 simi
503 3193 622 3257 Codicis
644 3195 740 3256 sancti
759 3192 910 3271 Germani,
932 3194 961 3255 in
977 3211 1037 3275 quc
1056 3194 1222 3258 delineatus
1236 3195 1314 3257 inter
1329 3193 1433 3257 altaria
1448 3194 1518 3271 duo,
1541 3202 1599 3258 stat
1618 3193 1785 3276 Sacerdos:

423 3311 548 3373 quorum
571 3293 602 3355 in
624 3292 737 3371 altero,
759 3292 875 3355 ludaici
898 3294 990 3368 ritus,
1013 3300 1082 3354 sunt
1103 3295 1241 3356 victimae
1263 3295 1343 3356 aries
1366 3302 1396 3355 et
1417 3293 1535 3356 hircus:
1563 3295 1592 3356 in
1615 3294 1711 3357 altero
1734 3312 1788 3356 sa·

423 3389 518 3456 lutare
541 3391 776 3456 GhrIstianorum
798 3375 975 3456 sacrificium
997 3391 1155 3470 denotant,
1180 3392 1258 3456 calix
1280 3400 1312 3454 et
1341 3392 1466 3455 Oblatas
1497 3394 1595 3456 crucis
1624 3393 1709 3455 titulo
1736 3393 1788 3455 in-

422 3491 541 3574 signes:
565 3501 626 3554 tum
648 3492 781 3572 desuper
802 3491 934 3573 pensiles
957 3493 1104 3572 utrimque
1132 3491 1295 3555 hostiarum
1322 3492 1477 3572 capsulae.
1504 3491 1634 3574 Magnae
1666 3511 1787 3573 quoquc

424 3592 605 3673 antiquitatis
634 3591 774 3655 indicium
802 3592 928 3672 praebet
956 3590 1052 3674 ligura
1084 3608 1162 3671 quae
1196 3591 1225 3654 in
1255 3591 1381 3672 Coptica
1407 3590 1641 3674 Evangelicrum
1673 3591 1786 3656 Codice

422 3691 625 3754 Bibliothecae
645 3691 758 3773 Regiae
782 3692 985 3768 servatur„in
1008 3709 1065 3771 qua
1089 3689 1225 3754 Christus
1247 3692 1381 3774 pingitur
1403 3709 1504 3753 coram
1526 3691 1612 3754 altari
1630 3691 1787 3772 Apostolis

424 3789 641 3853 Eucharistium
655 3789 852 3852 distribuens:
876 3789 1002 3853 Oblatae
1016 3808 1110 3871 super
1125 3790 1212 3853 altari
1226 3792 1326 3853 crucis
1341 3809 1461 3871 quoque
1475 3791 1562 3873 agno
1575 3796 1695 3854 notatae
1707 3797 1786 3852 sunt.

507 3889 625 3951 Partem
648 3889 726 3952 illam
749 3889 779 3951 in
803 3907 861 3970 qua
884 3907 959 3952 crux
980 3889 1128 3973 signatur,
1150 3909 1218 3952 uam
1236 3890 1361 3953 Oblatae
1375 3890 1535 3971 aliquando
1554 3891 1685 3971 majores
1705 3897 1786 3966 sunt,

423 3989 530 4052 Graeci
552 3987 718 4075 σφραγῖδα
740 3987 904 4070 appellant,
926 3996 959 4050 ut
980 3997 1081 4052 monet
1104 3989 1245 4067 Goarius,
1268 3998 1299 4052 ct
1321 3989 1427 4052 eadem
1448 3988 1666 4072 significatione
1692 3999 1785 4062 ttllnta

421 4091 549 4170 ncillam
570 4098 698 4152 vocatur
719 4090 750 4150 in
773 4087 878 4150 Olllcic
900 4087 1075 4163 Boderiani‚
1097 4090 1148 4169 qui
1169 4091 1265 4152 minus
1288 4096 1372 4152 recte
1394 4090 1606 4170 interpretatus
1629 4096 1691 4167 est,
1720 4090 1786 4150 cir-

422 4189 527 4250 culum,
571 4187 605 4250 ln
627 4187 722 4270 primo
746 4186 859 4250 Ordine
882 4185 1067 4266 Colbertino,
1091 4189 1264 4269 priusquam
1285 4191 1371 4270 panis
1386 4187 1583 4251 Eucharistici
1604 4188 1715 4252 mentio
1742 4186 1786 4267 lit,

421 4293 543 4348 notatur
564 4287 686 4348 misceri
709 4285 832 4348 cahcem
854 4288 925 4348 vino
948 4295 978 4349 et
1000 4305 1088 4367 aqua,
1111 4288 1192 4368 quod
1214 4288 1333 4350 videtur
1355 4288 1578 4368 transpositum,
1601 4287 1658 4350 nisi
1674 4287 1785 4369 aliquid

392 4413 395 4421 ·
422 4387 562 4449 omissum
592 4393 648 4447 est.
692 4385 766 4448 Nam
788 4387 885 4448 statim
909 4386 1126 4467 praescribitur
1148 4387 1298 4467 quamdo
1330 4389 1360 4449 in
1382 4385 1473 4450 Disco
1504 4405 1592 4451 sacro
1620 4388 1786 4468 particulae

422 4485 560 4566 componi
583 4483 727 4562 debeant,
751 4491 781 4546 ct
802 4485 832 4546 id
855 4486 921 4548 iteri
942 4499 1003 4548 non
1025 4493 1154 4567 poterat,
1177 4487 1235 4548 nisi
1256 4494 1325 4568 post
1348 4460 1481 4566 primamd
1494 4486 1680 4565 fractionem,
1707 4506 1785 4568 quue

421 4585 453 4646 nt
474 4583 567 4666 longe
591 4591 659 4646 ante
682 4584 808 4647 officium
831 4587 1077 4650 consecrationis.
1122 4585 1155 4648 ln
1176 4586 1290 4649 blissali
1314 4585 1474 4650 chaldaico
1497 4587 1569 4650 nibil
1595 4588 1674 4652 aliud
1695 4595 1786 4651 nota-

420 4692 485 4762 tur,
522 4683 579 4746 nisi
613 4684 709 4765 qnod,
739 4685 894 4747 Sacerdos
928 4687 1026 4747 celum
1054 4689 1152 4766 manta
1187 4686 1288 4765 aufert
1318 4706 1375 4767 qao
1403 4693 1541 4766 agantur
1567 4689 1727 4769 mysteria,
1756 4695 1787 4749 et

420 4803 501 4848 oasa
522 4802 614 4846 sacra
636 4784 756 4865 aliaque
777 4785 820 4846 ad
840 4783 1010 4864 hitorpicm
1031 4787 1194 4848 savientia
1216 4786 1425 4864 disparitate
1446 4787 1478 4847 in
1500 4787 1612 4848 abari:
1640 4783 1786 4867 affatur-

420 4904 477 4966 que
494 4885 589 4964 panis
611 4901 633 4946 u
653 4883 812 4962 Diacono,
836 4891 934 4964 totquc
956 4882 1081 4946 Oblatas
1102 4887 1134 4947 ia
1155 4886 1241 4948 disco
1265 4886 1352 4964 poan
1376 4894 1448 4966 meat
1475 4886 1670 4948 necessariae
1698 4891 1785 4948 nent:

421 4985 530 5046 acarde
551 4985 677 5046 calicem
698 4985 769 5046 abac
791 4991 821 5045 ct
842 5001 922 5063 aqrta
942 4985 1070 5048 matum.
1115 4984 1226 5046 Varum
1254 5001 1314 5046 non
1337 4983 1457 5047 omnino
1480 4988 1519 5047 ita
1542 5003 1577 5047 se
1598 4984 1708 5060 babent
1729 5001 1786 5047 rn-

422 5083 525 5144 bricae
547 5082 577 5144 in
596 5081 757 5146 (lodicibus
779 5083 851 5146 llss.
876 5083 946 5164 quia
967 5083 1083 5146 scilicet
1105 5082 1232 5146 blissalis
1255 5084 1388 5147 editores
1411 5083 1449 5147 ud
1470 5087 1642 5166 praesentis
1665 5093 1785 5165 tempo-

461 5223 586 5266 rommn.
1532 5204 1574 5276 11
