4728 6028
624 481 844 586 arhusam
868 505 1009 584 uruca
1035 503 1202 584 sanem
1228 502 1402 580 Jacom.
1625 504 1699 578 aar

429 696 592 790 Papulas.
645 692 816 767 Habemus
843 692 885 765 ad
911 693 1099 765 Dominum.

430 811 615 884 Sacerdos.
668 809 802 883 Gratias
829 830 978 900 agamus.

431 927 593 1020 Populus.
645 925 791 1018 Dignum
819 934 853 996 et
874 929 1000 1017 Justum
1027 933 1087 994 est

431 1041 607 1115 Sacerdos
632 1042 825 1113 inclinatos.
877 1039 971 1111 Vere
1005 1037 1138 1130 dignum
1172 1048 1206 1109 et
1233 1041 1358 1130 justum
1385 1048 1450 1124 est,
1494 1061 1557 1111 nos
1591 1037 1700 1135 opifici

326 1161 433 1230 omnis
460 1169 634 1230 creaturae
660 1160 786 1250 gratias
814 1177 929 1249 agere,
957 1175 1099 1248 eumque
1126 1152 1270 1226 adorare
1297 1163 1331 1225 et
1357 1151 1556 1244 glorificare.

431 1273 581 1345 uocans
607 1295 732 1344 vocem.
770 1271 878 1358 Quem
904 1269 1037 1341 laudant
1062 1268 1212 1342 Virtutes
1241 1268 1425 1356 coelestem
1452 1290 1639 1364 corporeae
1667 1278 1702 1340 et

328 1391 550 1484 incorporeae
577 1389 792 1478 (creaturae)
819 1385 872 1461 sol
898 1394 932 1458 et
957 1384 1034 1457 luna
1061 1394 1096 1456 et
1122 1407 1239 1458 omnes
1267 1384 1404 1471 stellae,
1438 1395 1527 1456 terra
1560 1393 1595 1456 et
1621 1407 1700 1456 ma-

327 1507 390 1593 ria,
416 1507 628 1600 primogeniti
654 1503 812 1598 descripti
838 1505 870 1572 in
898 1500 1085 1574 Jerusalem
1112 1499 1271 1589 coelem,
1303 1499 1450 1593 Angeli,
1482 1499 1701 1591 Archangeli,

328 1619 555 1714 Principatus,
589 1619 800 1708 Potestates,
833 1616 978 1704 Throni,
1011 1618 1285 1706 Dominahones,
1317 1615 1486 1706 Virtutes,
1521 1613 1700 1688 Cherubim

329 1735 517 1828 multioculi‚
544 1733 718 1830 Seraphim
746 1755 811 1808 sex
849 1731 911 1824 alis
945 1734 1116 1821 instructi,
1148 1735 1204 1826 qui
1239 1734 1365 1828 opertis
1392 1731 1544 1805 iaciehus
1573 1742 1606 1804 et
1631 1755 1699 1828 pe-

329 1850 435 1940 dihus,
464 1849 578 1922 volant
603 1850 688 1922 alter
715 1848 758 1922 ad
786 1848 939 1940 alterum,
965 1845 1183 1938 sanctificant,
1211 1847 1355 1920 clamant
1381 1859 1414 1920 et
1441 1847 1561 1920 dicunt

430 1965 591 2059 Populus.
644 1965 800 2054 Sanctus,
827 1974 890 2036 etc.

430 2080 606 2153 Sacerdos
637 2081 829 2152 inclinatus.
882 2078 975 2152 Vere
1017 2085 1152 2150 sanctus
1189 2097 1248 2166 es,
1282 2087 1316 2149 et
1355 2075 1597 2166 sanctificator,
1636 2101 1701 2150 rex

329 2195 549 2269 saectdorum.
602 2196 745 2269 Sanctus
772 2198 872 2267 etiam
899 2192 1002 2265 Filios
1030 2201 1117 2283 tuus,
1143 2192 1305 2266 Dominus
1327 2205 1444 2266 noster
1468 2193 1569 2266 Jesus
1597 2192 1701 2266 Chri-

329 2321 408 2385 stus.
461 2311 604 2384 Sanctus
631 2314 731 2384 etiam
758 2310 900 2405 Spiritus
927 2318 1001 2381 tuus
1035 2316 1190 2398 sanctus,
1225 2311 1280 2404 qui
1310 2319 1474 2382 scrutatur
1506 2309 1702 2384 abscondita

329 2435 393 2498 tua.
447 2426 501 2498 lle
528 2437 616 2499 terra
644 2426 810 2498 hominem
837 2428 977 2514 creasti,
1011 2434 1045 2496 et
1080 2428 1115 2497 ia
1140 2425 1298 2521 paradiso
1334 2424 1523 2499 collocasti:
1559 2450 1701 2522 cumque

329 2552 562 2636 transgressus
588 2541 707 2616 hdsset
732 2539 922 2614 mandatum
947 2549 1056 2630 urum,
1093 2563 1161 2614 non
1195 2542 1372 2618 deseruisti
1403 2542 1492 2616 illum
1521 2554 1700 2631 errantem,

330 2657 389 2730 sed
416 2658 567 2730 direxisti
593 2657 685 2730 illum
710 2679 773 2753 per
798 2655 998 2752 Prophetas:
1025 2656 1225 2753 tandemque
1255 2660 1458 2751 unigenitum
1484 2657 1585 2732 lilium
1613 2669 1701 2732 tuum

330 2775 445 2845 misisti
470 2777 504 2846 in
530 2773 697 2863 mundum,
726 2775 781 2867 qui
806 2775 997 2844 incarnatus
1025 2782 1076 2844 est
1102 2772 1145 2845 de
1165 2774 1289 2869 Spiritu
1315 2785 1442 2868 sancto,
1470 2786 1505 2847 et
1530 2798 1577 2848 ex
1594 2776 1703 2848 Maria

330 2888 484 2982 Virgine:
511 2897 545 2960 et
571 2891 749 2961 renovavit
776 2889 955 2980 imaginem
982 2897 1081 2986 tuam,
1110 2912 1197 2983 quae
1224 2889 1396 2985 deturpata
1424 2903 1506 2963 erat.

431 3005 582 3076 Eleoaoe
607 3027 732 3077 vocem.
787 3003 872 3077 Cum
897 3025 983 3076 vero
1009 3014 1147 3100 paratus
1174 3015 1266 3079 esset
1283 3006 1325 3077 ad
1341 3009 1585 3102 suscipiendam
1606 3030 1703 3080 mor-

331 3131 394 3192 tem
421 3120 656 3220 voluntariam,
683 3143 746 3218 pro
774 3119 873 3192 nohis
899 3119 1147 3215 peccatoribus,
1173 3123 1247 3217 ipse
1273 3124 1328 3216 qui
1354 3135 1530 3217 peccatum
1549 3147 1617 3197 non
1643 3123 1702 3195 fe-

331 3249 433 3328 cerat,
462 3241 592 3333 accepit
618 3259 736 3332 panem
763 3239 796 3307 in
823 3257 940 3307 manus
968 3258 1046 3310 suas
1074 3247 1223 3327 sanctas,
1250 3241 1423 3329 etgratias
1450 3261 1566 3331 agens,
1594 3237 1702 3332 †he-

331 3353 467 3441 nedixit,
495 3354 524 3440 †
550 3352 822 3439 sanctificavit†
857 3349 1031 3442 etfregit,
1066 3350 1220 3446 deditque
1251 3353 1427 3447 Apostolis
1461 3357 1530 3427 suis
1565 3360 1701 3438 sanctis,

331 3478 365 3540 at
390 3468 481 3539 dixit
533 3469 700 3563 Accipite,
725 3466 924 3538 manducata
951 3487 998 3538 ex
1025 3488 1078 3541 eo.
1131 3465 1206 3538 lloc
1233 3478 1285 3538 est
1310 3488 1433 3563 corpus
1460 3491 1584 3558 meum,
1613 3470 1703 3564 quod

330 3605 390 3678 pro
417 3581 518 3657 vohis
544 3592 580 3654 et
604 3603 666 3678 pro
693 3581 802 3653 multis
829 3581 1012 3673 frangitur,
1048 3592 1082 3654 et
1108 3581 1204 3653 datur
1236 3581 1278 3652 ad
1313 3586 1543 3656 remissionem
1571 3607 1702 3680 pecca-

331 3709 446 3785 torum,
475 3707 508 3769 et
534 3700 636 3770 vitam
665 3708 843 3770 aeternam.

434 3813 595 3906 Populus.
648 3815 767 3886 Amen.

434 3929 621 4000 Sacerdos.
654 3929 813 4002 Similiter
839 3939 873 4000 et
900 3927 1039 4000 calicem
1065 3933 1206 4025 accepit,
1234 3941 1269 4003 et
1294 3932 1420 4022 gratias
1448 3953 1554 4023 agens
1580 3934 1609 4020 †
1634 3932 1703 4006 he-

331 4046 474 4132 nedixit,
502 4046 531 4132 i
558 4044 793 4134 sanctificavit,
819 4046 848 4132 †
874 4052 909 4115 et
935 4043 1024 4116 dedit
1055 4045 1174 4118 iisdem
1199 4047 1374 4142 Apostolis
1401 4051 1469 4121 suis
1502 4053 1644 4135 sanctis,
1672 4056 1706 4120 et

333 4162 440 4234 dixit,
464 4161 631 4257 Accipite,
657 4160 762 4233 hihita
788 4183 835 4232 ex
860 4182 904 4232 eo
930 4182 996 4233 vos
1024 4182 1152 4234 omnes.
1189 4163 1253 4234 llic
1280 4175 1334 4235 est
1351 4167 1496 4255 ‘sanguis
1522 4185 1628 4250 meus,
1649 4167 1705 4259 qui

332 4300 393 4374 pro
420 4276 519 4349 vohis
547 4284 581 4347 et
605 4298 668 4371 pro
695 4276 805 4348 inultis
831 4274 1006 4348 effunditur
1033 4287 1067 4348 et
1092 4276 1206 4366 datur,
1242 4277 1285 4351 ad
1318 4281 1550 4351 remissionem
1576 4303 1705 4377 pecca-

332 4403 450 4480 torum,
479 4401 513 4464 et
537 4395 640 4463 vitam
669 4402 848 4464 aeternam.

435 4507 596 4599 Populos.
647 4509 768 4581 Amen.

435 4621 620 4694 Sacerdos.
673 4624 749 4696 lloc
790 4621 890 4694 facite
931 4625 965 4695 in
1008 4646 1116 4696 meam
1164 4627 1530 4697 commemorationem:
1573 4627 1705 4720 quando

332 4738 619 4812 communicabitis
646 4738 721 4811 huic
747 4742 923 4835 mysterio,
950 4750 1092 4813 mortem
1103 4762 1212 4812 meam
1240 4751 1273 4812 et
1290 4744 1570 4814 resurrectionem
1597 4762 1705 4812 meam

256 4885 261 4892 ·
332 4865 603 4942 commemorate,
632 4854 739 4928 donoc
765 4859 910 4928 veniam.

435 4969 598 5063 Populus.
650 4968 770 5044 Mortis
797 4979 875 5044 tuac
901 4971 1057 5064 Domine,
1084 4982 1147 5046 etc.
