4712 6032
652 478 728 553 246
1155 486 1511 566 LITURGIA

755 667 917 761 Populus.
968 671 1086 744 Amen.

754 781 938 856 Sacerdos.
991 789 1035 861 Et
1060 791 1189 862 mistum
1216 790 1305 884 quod
1331 794 1441 864 estin
1477 790 1541 866 boc
1575 793 1699 884 calice,
1733 799 1869 888 sanguis
1897 798 2018 872 Christi

650 912 716 983 Dei
742 917 859 1001 nostri,
886 914 943 985 bat
968 908 1212 1010 propitiatorius
1239 904 1434 980 delictorum
1461 919 1495 980 et
1520 922 1733 1006 peccatorum
1762 936 1847 1008 quae
1875 917 2018 987 commi-

651 1031 771 1102 simus:
806 1034 943 1121 sanguis
977 1025 1153 1102 vivificans
1189 1026 1408 1118 suspicientes
1440 1024 1545 1112 iilum,
1577 1031 1645 1098 vita
1678 1051 1770 1101 nova
1801 1029 2016 1121 indeficienti3

651 1149 788 1239 sanguis
815 1145 961 1238 dirigens
989 1144 1031 1218 ad
1057 1152 1172 1239 portus
1199 1139 1411 1234 tranquillos,
1440 1152 1473 1213 et
1491 1140 1678 1216 habitacula
1697 1142 1780 1217 lucis
1799 1159 2017 1242 praeparata:

651 1261 692 1332 ad
718 1265 968 1334 innovationem
995 1264 1175 1334 animarum
1202 1277 1446 1351 corporumque
1463 1268 1665 1349 nostrorum,
1692 1260 1734 1332 ad
1752 1262 2017 1334 emundationem

651 1376 693 1448 ab
722 1377 872 1451 omuibus
900 1379 1054 1453 sordibus
1081 1375 1190 1446 carnis
1218 1383 1252 1444 ct
1278 1376 1423 1468 spiritus,
1454 1373 1497 1446 ad
1522 1379 1830 1470 praeservationem
1857 1379 1899 1451 ab
1928 1380 2017 1450 omni

651 1499 846 1589 operatione
872 1496 1008 1588 maligni
1034 1493 1139 1566 bostis
1165 1493 1270 1560 nostri
1297 1499 1331 1560 et
1356 1489 1399 1561 ad
1424 1493 1528 1562 vitam
1555 1501 1736 1565 aeternam.

754 1611 914 1705 Populus.
966 1612 1085 1684 Arnen.

727 1729 937 1816 „Sacerdos
984 1729 1035 1798 Da
1063 1735 1097 1796 et
1124 1721 1272 1796 concede
1297 1719 1394 1794 nobis
1421 1745 1482 1818 per
1506 1727 1738 1796 miserationes
1765 1736 1837 1798 tuas
1865 1748 2014 1818 magnas,

649 1844 801 1932 Domine,
828 1854 863 1916 ut
889 1840 1060 1915 animabus
1086 1839 1140 1911 iile
1166 1836 1430 1934 corporibusque
1456 1842 1579 1912 nostris
1606 1843 1815 1928 commistus,
1840 1844 1947 1936 prosit
1973 1842 2016 1915 ad

648 1964 927 2057 propitiationem
942 1959 1153 2044 delictorum,
1186 1958 1417 2027 remissionem
1445 1965 1675 2051 peccatorum,
1708 1954 2016 2053 abstersionemque

649 2082 792 2150 omnium
820 2079 1088 2172 perversitatum,
1116 2072 1158 2144 ad
1184 2071 1320 2144 delicias
1348 2093 1533 2166 quaecum
1561 2076 1684 2144 sanctis
1711 2077 1775 2144 tuis
1803 2085 1898 2160 sunt,
1925 2097 2015 2146 con-

649 2193 849 2289 sequendas,
877 2202 911 2264 et
937 2191 1108 2263 advitam
1135 2200 1313 2262 aeternam.
1521 2187 1681 2283 Populus.
1733 2192 1853 2263 Amen.

751 2309 926 2380 Sacerdos
950 2307 1141 2377 incitantes.
1195 2302 1370 2375 offerimus
1397 2326 1509 2376 coram
1536 2316 1582 2392 tc,
1612 2305 1766 2393 Domine,
1792 2306 1885 2380 Deus
1911 2306 2016 2379 obla-

649 2430 773 2500 tionem
798 2424 882 2496 banc
908 2444 1025 2520 puram
1053 2431 1086 2493 et
1112 2432 1271 2508 sanctam,
1299 2442 1360 2516 pro
1388 2417 1542 2492 Ecclesia
1571 2433 1624 2493 tua
1642 2421 1826 2511 Catholica,
1853 2434 1887 2496 et
1911 2426 2015 2518 Apo-

649 2542 787 2629 stolica,
827 2563 924 2636 quam
960 2523 1185 2632 acquisivisti,
1225 2557 1310 2632 quae
1344 2539 1378 2608 in
1413 2547 1468 2608 tna
1503 2561 1564 2633 spe
1600 2541 1770 2626 consistit,
1807 2548 1840 2610 et
1875 2562 2015 2632 regnum

647 2668 737 2729 tuum
765 2667 940 2754 expectat:
966 2667 1002 2727 ut
1027 2677 1088 2750 per
1115 2675 1248 2724 crucem
1274 2663 1362 2724 tuam
1390 2652 1567 2725 salutarem
1594 2666 1823 2746 conservetur,
1850 2667 1883 2728 et
1902 2655 2016 2728 benc·-

648 2772 784 2845 dicatur.
847 2771 1029 2864 Congrega
1062 2768 1147 2842 iiiios
1181 2772 1274 2862 eJnS,
1313 2772 1346 2839 in
1379 2791 1475 2840 unam
1509 2770 1741 2860 concordium,
1775 2775 1945 2844 caritatem
1980 2783 2016 2845 et

646 2888 745 2960 fidem
772 2892 805 2960 in
832 2899 873 2960 te.
926 2888 1112 2974 Memento,
1139 2885 1300 2974 Domine,
1334 2885 1572 2958 venerabilium
1607 2885 1851 2983 Episcoporum
1886 2886 2015 2960 Ortho-

649 3005 835 3088 doxorum,
861 3001 1074 3078 Patriarcbae
1101 3004 1207 3074 nostri
1234 3002 1367 3073 Domini
1393 3002 1433 3074 N.
1462 3012 1496 3074 et
1521 3003 1653 3074 Domini
1679 3003 1719 3076 N.
1748 3015 1781 3075 et
1813 3003 2014 3098 reliquomnr

647 3125 791 3195 omnium
822 3119 1066 3217 Episcoporum
1099 3116 1380 3192 Ortbodoxorum.
1439 3119 1535 3190 Doce
1569 3118 1644 3192 ibos
1679 3120 1819 3192 verbum
1851 3121 2016 3208 veritatis,

648 3237 736 3334 quod
769 3246 859 3308 recte
899 3235 1106 3332 dispensent:
1142 3244 1176 3306 et
1208 3245 1347 3330 pascant
1378 3257 1520 3326 gregem
1555 3245 1661 3323 tuum,
1694 3235 1757 3308 illis
1793 3257 1811 3306 a
1845 3246 1879 3307 te
1913 3257 2015 3308 com-

645 3353 849 3439 mendatum,
876 3355 931 3448 pie
958 3363 991 3424 et
1018 3363 1142 3426 sancte.
1197 3350 1248 3422 Da
1282 3350 1344 3422 ibis
1377 3351 1538 3440 Domina,
1574 3360 1777 3426 senectutem
1812 3352 2016 3444 longaevam
2081 3403 2086 3418 ,

646 3473 679 3540 in
706 3468 881 3566 praeclara
908 3466 1170 3560 gubernatione,
1196 3479 1231 3539 nt
1256 3465 1428 3563 perficiant
1453 3466 1657 3541 voluntatem
1676 3475 1781 3540 tuam.
1834 3469 2014 3557 Memento,

645 3586 806 3672 Domine,
834 3584 1052 3658 Sacerdotum
1079 3583 1366 3670 venerandorum,
1392 3583 1617 3656 Diaconorum
1646 3583 1891 3673 modestomm,
1917 3584 2015 3658 Sub-

647 3704 862 3775 diaconorum
889 3711 1074 3789 castorum,
1102 3705 1276 3796 omnisque
1301 3697 1528 3796 plenitudinis,
1555 3711 1589 3772 et
1616 3701 1748 3780 Ordinis
1775 3701 2015 3774 Ecclesiastici.

645 3818 698 3889 Da
725 3819 810 3904 iMs,
836 3818 997 3906 Domine,
1025 3820 1181 3888 virtutem
1209 3816 1252 3889 ad
1277 3816 1496 3889 resistendum
1524 3816 1687 3890 adversus
1714 3840 1830 3890 omnes
1863 3817 2015 3908 insidias,

647 3943 680 4002 et
707 3945 796 4006 artes
824 3930 964 4022 diaboii,
991 3944 1025 4005 et
1052 3933 1159 4026 dirige
1184 3933 1260 4006 iilos
1288 3933 1330 4005 ad
1357 3954 1455 4005 omne
1488 3954 1582 4038 opus!
1609 3934 1697 4029 quod
1734 3933 1848 4006 Ordini
1883 3933 2014 4007 iliomm

646 4054 833 4122 conveniat.
886 4051 1056 4123 Memento
1084 4054 1202 4136 etiam,
1228 4049 1388 4136 Domine,
1414 4049 1609 4122 infirmitatis
1637 4054 1768 4122 animae
1793 4073 1889 4122 meae
1915 4073 2015 4122 mor-

645 4160 763 4256 bidae,
790 4187 898 4262 neque
926 4177 1061 4239 avertas
1087 4165 1208 4239 faciem
1235 4177 1341 4252 tuam,
1370 4176 1426 4238 aut
1452 4167 1621 4258 elongeris
1649 4190 1669 4238 a
1695 4189 1758 4238 me.
1811 4165 1854 4238 Et
1881 4165 2012 4263 quando

646 4281 775 4375 quidem
804 4304 865 4380 pro
892 4282 1004 4354 ultima
1032 4279 1087 4355 illa
1114 4293 1327 4378 peccatorum
1354 4285 1551 4354 remissione
1578 4292 1611 4354 te
1637 4282 1816 4378 deprecor,
1843 4305 1910 4356 non
1929 4287 2015 4356 sicut

645 4419 762 4470 errans
790 4408 845 4470 aut
872 4402 1041 4495 projectus
1069 4423 1087 4472 a
1115 4411 1180 4471 tua·
1197 4401 1387 4495 praesentia
1414 4402 1496 4485 sbn;
1523 4399 1584 4472 sed
1602 4398 1658 4471 fac
1684 4422 1812 4473 mecum
1831 4399 2014 4472 secundum

644 4515 904 4587 misericordiam
933 4525 1039 4605 tuam;
1066 4515 1189 4608 adjuva
1216 4515 1434 4588 infirmitatem
1460 4538 1581 4606 meam,
1607 4538 1716 4611 neque
1734 4539 1915 4588 recenseas
1934 4514 2013 4588 mibi

644 4631 848 4724 insipientias
875 4653 976 4704 meos.
1030 4632 1220 4722 Memento,
1247 4630 1407 4719 Domine,
1441 4631 1590 4726 Regum,
1628 4643 1661 4704 et
1696 4630 1917 4714 subditonun,
1956 4635 2013 4727 qui

644 4745 678 4814 in
704 4767 825 4818 nomen
851 4758 940 4819 tuum
968 4746 1195 4838 crediderunt,
1220 4748 1349 4821 illorum
1378 4752 1473 4821 etiam
1502 4753 1557 4844 qui
1584 4748 1698 4839 bellis,
1731 4751 1850 4845 pugnis
1885 4760 1918 4822 et
1943 4771 2013 4844 po-

644 4862 758 4935 riculis
785 4862 1021 4936 conflictantur.
1072 4865 1196 4938 Libera
1223 4874 1255 4937 et
1281 4888 1466 4961 praeserva
1481 4887 1561 4954 nos,
1587 4865 1742 4954 Domine,
1770 4865 1904 4954 aiame,
1931 4863 2012 4936 bel-

642 4976 703 5071 bs,
730 4977 974 5077 captivitatibus
1002 4990 1037 5053 et
1062 4981 1221 5056 effusione
1248 4986 1418 5076 sanguinis
1441 4985 1532 5075 justi,
1559 4993 1593 5054 et
1619 5005 1639 5054 a
1666 4981 1924 5078 depraedatione
1949 5003 2013 5077 per
