4712 6032
529 544 972 624 mansuefacimus
998 495 1047 622 nr
1074 548 1371 628 evaunensem.
1564 551 1638 626 177

260 741 348 806 strae
375 734 656 825 constringamur,
684 742 719 804 et
745 730 948 804 delectemur
974 735 1008 804 in
1035 737 1175 808 canate
1202 745 1257 809 tue
1285 734 1417 810 divina:
1451 747 1485 809 et
1520 737 1638 810 dantes

260 848 357 921 nobis
384 850 527 920 invicem
561 870 681 944 pacem
707 851 741 919 in
773 847 890 921 osculo
921 853 1056 938 sancto,
1092 854 1195 924 simus
1232 849 1290 924 tibi
1325 873 1410 924 oves
1442 853 1640 947 praeclarae

261 963 387 1058 absque
414 962 556 1052 macula,
584 973 618 1034 et
644 962 687 1034 ab
715 966 804 1035 omni
830 964 1028 1036 contusione
1054 964 1191 1038 liberae.
1236 968 1304 1039 Per
1330 963 1447 1040 Jesum
1470 966 1639 1043 Christum

259 1077 437 1148 Dominum
465 1088 614 1149 nostrum
640 1079 845 1168 unigenitum
872 1077 991 1148 Filium
1019 1088 1126 1165 tuum,
1157 1101 1220 1174 per
1256 1101 1375 1175 quern,
1409 1093 1543 1155 etcum
1572 1105 1638 1178 quo

260 1201 293 1263 te
319 1191 418 1264 decet
443 1187 709 1283 gloria,'honor,
736 1201 769 1262 et
794 1194 942 1286 potentia
970 1213 1044 1262 cum
1071 1191 1197 1288 Spiritu
1223 1205 1290 1267 tuo.

364 1307 527 1398 Papulae.
579 1307 700 1380 Amen.

363 1423 555 1494 Diaconos.
609 1425 698 1495 Date
724 1444 852 1517 pacem.

364 1537 549 1611 Sacerdos.
603 1537 750 1628 Caritas,
776 1549 841 1613 etc.

365 1655 529 1748 Populus.
581 1657 702 1727 Amen.

365 1769 552 1844 Sacerdos.
604 1769 745 1842 Sursum
771 1768 884 1843 corda.

272 1921 277 1930 ·
364 1886 526 1979 Papulas.
567 1884 737 1958 Habemus
764 1884 807 1956 ad
825 1887 1013 1957 Dominum.

364 2000 550 2074 Sacerdos.
604 2000 738 2073 Gratias
765 2021 905 2093 agamus
932 2002 1087 2074 Domino.

364 2118 526 2209 Populus.
574 2119 719 2211 Dignum
748 2129 782 2189 et
804 2119 928 2210 justum
956 2127 1016 2190 est.

365 2231 543 2304 Sacerdos
568 2233 759 2306 inclinatae.
812 2233 904 2304 Vere
931 2242 965 2304 te
980 2231 1125 2304 Domine
1144 2231 1242 2303 decet
1257 2234 1363 2304 onmis
1380 2228 1500 2322 gloria,
1530 2233 1638 2304 omnis
1775 2309 1778 2319 ,

262 2352 443 2440 gratiarum
470 2349 571 2436 actio,
598 2350 706 2421 omnis
732 2347 815 2436 laus,
843 2348 950 2419 omnis
976 2345 1103 2436 honor,
1144 2348 1250 2418 omnis
1284 2345 1461 2416 exaltatio:
1493 2352 1527 2414 te
1558 2345 1638 2437 opi-

261 2463 358 2536 ficem
385 2465 541 2552 omnium,
567 2463 676 2536 Deum
704 2471 737 2534 et
762 2463 909 2550 Patrem,
936 2484 1011 2534 cum
1037 2463 1208 2553 unigenito
1235 2458 1322 2532 Filio
1349 2467 1424 2552 tuo,
1452 2467 1487 2529 et
1513 2455 1639 2553 Spiritu

263 2589 321 2652 tuo
348 2583 444 2670 vivo,
473 2589 506 2652 et
533 2590 649 2653 sancto
676 2601 774 2665 nunc,
803 2587 865 2649 etc.

365 2696 517 2768 Eteonon
542 2717 669 2768 vocem,
722 2693 774 2764 'l'e
800 2695 889 2764 enim
903 2713 988 2763 vere
1016 2691 1170 2779 Domine,
1196 2687 1411 2778 benedicunt,
1439 2687 1638 2780 glorificant,

260 2811 407 2902 laudant,
434 2821 469 2882 et
493 2809 659 2884 honorant
683 2809 809 2900 Angeli
837 2819 870 2880 ct
886 2804 1106 2898 Archangeli:
1133 2806 1355 2901 Principetus,
1383 2815 1417 2876 et
1431 2803 1638 2877 Potestates:

261 2925 397 3014 Throni,
426 2935 460 2997 et
484 2925 753 2998 Dominationes:
780 2925 929 2996 Virtutes
956 2926 1194 3018 incorporeae:
1229 2919 1425 3006 Cherubim,
1459 2930 1493 2992 et
1524 2918 1637 2992 Sera-

261 3043 359 3138 phim,
388 3063 464 3114 enm
492 3038 645 3114 omnibns
679 3038 903 3128 coelestibus,
938 3059 1004 3110 uno
1033 3037 1165 3132 aequali
1198 3045 1297 3109 cantu
1329 3034 1480 3129 gloriae,
1515 3039 1637 3109 conci-

261 3169 391 3244 nentes‚
420 3155 613 3244 clamantes
640 3154 868 3228 vociferantes
896 3164 931 3225 et
957 3153 1115 3226 dicentes.

365 3271 527 3364 Populus.
574 3271 727 3343 Sanctus.

365 3388 542 3458 Sacerdos
568 3386 759 3480 inclinatas.
811 3384 968 3472 Sanctus,
995 3381 1157 3472 Sanctus,
1191 3381 1335 3455 Sanctus
1372 3401 1410 3452 es
1443 3380 1537 3451 Deus
1563 3379 1637 3450 Pa-

172 3537 179 3588 :
262 3515 313 3576 ter
340 3505 563 3598 omnipotens,
592 3524 667 3573 cum
692 3499 779 3573 Filio
809 3503 864 3596 qni
892 3523 938 3572 ex
965 3508 998 3570 te
1026 3508 1095 3586 est,
1123 3506 1158 3569 et
1183 3497 1309 3595 Spiritu
1335 3505 1391 3568 tuo
1420 3506 1553 3569 sancto:
1582 3498 1638 3589 qui

262 3642 385 3690 cuma
420 3628 452 3690 te
478 3620 692 3713 periissemus
724 3639 786 3712 per
819 3618 993 3712 praecepti
1024 3617 1348 3704 transgressionem,
1384 3613 1504 3685 misisti
1530 3613 1638 3706 ipsum

261 3737 466 3825 unigenitum
498 3733 617 3804 Fihum
653 3743 759 3820 tuum,
795 3733 837 3805 ad
873 3728 1031 3802 auxilium
1061 3739 1229 3802 nostrum:
1270 3732 1326 3824 qui
1359 3751 1421 3824 per
1460 3729 1637 3824 passiones

263 3870 341 3921 suas
369 3846 533 3920 solutares
561 3847 695 3920 reduxit
719 3869 783 3920 nos
811 3847 854 3920 ed
881 3845 1118 3917 haereditatem
1145 3853 1293 3918 nostram
1314 3846 1497 3940 pristinam,
1525 3843 1632 3912 etvi-

261 3963 410 4035 vihcavit
435 3985 498 4034 nos
525 3965 688 4055 sanguine
714 3985 777 4034 suo
805 3961 928 4034 divim.

365 4079 516 4151 Etecane
541 4099 666 4148 nocem.
722 4075 806 4150 Cum
834 4099 918 4170 ergo
947 4076 988 4148 ad
1015 4077 1205 4172 passionem
1231 4077 1336 4148 nostri
1357 4095 1460 4147 cansa
1485 4075 1639 4146 venisset

261 4199 295 4266 in
321 4217 442 4283 carne,
474 4195 703 4288 pergratiam
730 4216 842 4268 suam:
876 4197 952 4290 ipse
985 4195 1019 4263 in
1052 4214 1118 4286 quo
1153 4201 1327 4286 peccatum
1361 4213 1427 4262 non
1467 4191 1637 4261 inventum

262 4321 325 4396 est,
353 4312 484 4404 accepit
510 4330 631 4404 panem
657 4313 691 4380 in
718 4331 836 4382 manus
863 4331 941 4384 suas
970 4317 1117 4397 sanctas,
1145 4316 1179 4379 et
1205 4309 1339 4403 aspexit
1365 4309 1398 4377 in
1425 4305 1577 4394 coelum,
1604 4316 1639 4376 et

261 4428 388 4518 gratias
416 4428 502 4517 egit,
528 4430 549 4506 i
584 4435 618 4497 et
652 4424 845 4516 benedixit,
871 4433 892 4509 i
919 4436 954 4497 et
980 4423 1215 4511 sanctificavit,
1241 4430 1263 4506 †
1290 4421 1467 4515 etfregit,
1494 4431 1529 4493 ct
1555 4421 1639 4493 dixit

263 4538 431 4637 discipulis
459 4541 539 4612 suis.
592 4539 667 4612 Hoc
694 4550 747 4614 est
772 4563 895 4636 corpus
920 4563 1050 4629 meum,
1086 4542 1248 4636 accipite,
1280 4538 1477 4610 manducate
1504 4536 1547 4609 ad
1572 4559 1636 4607 re-

264 4659 456 4730 missionem
482 4665 698 4750 peacatorum
725 4667 914 4730 vestrorum
942 4668 976 4729 et
1002 4658 1147 4729 omnium
1174 4655 1318 4728 fidelium
1334 4675 1506 4743 verorum,
1533 4650 1636 4724 etad

262 4771 365 4841 uitam
391 4781 571 4843 aeternam.

366 4886 529 4981 Pcpatae.
582 4887 702 4963 Amen.
