4712 6032
674 554 750 628 252
928 555 1139 632 nunonem
1166 535 1425 634 stomms
1453 557 1779 639 cnunsosnom.

777 741 962 813 Sacerdos.
1015 743 1139 816 Sancta
1167 746 1299 816 sanctis.

778 858 938 952 Populus.
992 859 1084 932 Unus
1108 860 1210 932 Pater
1236 871 1379 934 sanctus.

906 1169 1081 1240 Sacerdos
1108 1171 1193 1240 dicit
1220 1139 1417 1242 &olibama
1442 1175 1632 1266 proliacum
1657 1178 1814 1248 actionis.

778 1358 865 1446 Quid
892 1358 989 1430 nobis
1023 1366 1092 1444 est,
1128 1359 1216 1454 quod
1250 1358 1470 1434 retribuamus
1507 1361 1565 1434 tibi
1599 1361 1762 1452 Domine,
1794 1385 1856 1460 pro
1888 1367 2040 1440 omuibus

672 1475 843 1548 beneficiis
871 1477 934 1546 tuis
962 1496 1044 1566 erga
1071 1496 1133 1546 nos
1161 1483 1195 1545 et
1219 1487 1356 1572 propter
1383 1481 1491 1550 omnia
1519 1479 1606 1549 dona
1632 1490 1704 1572 tua,
1731 1491 1764 1552 et
1794 1479 1957 1555 beneficia
1984 1495 2039 1558 tua

674 1602 708 1663 et
733 1590 908 1664 benefacta
935 1601 988 1662 tua
1016 1613 1099 1681 erga
1126 1613 1203 1663 nos:
1232 1597 1286 1687 qui
1313 1593 1433 1686 dignos
1458 1593 1566 1666 fecisti
1593 1617 1656 1668 uos
1673 1599 1934 1670 communicandi
1954 1623 2038 1672 cor-

672 1713 746 1804 puri
772 1711 931 1800 unigeniti
957 1707 1031 1778 Filii
1058 1711 1119 1796 tui,
1147 1718 1182 1779 et
1207 1709 1406 1804 suscipiendi
1433 1708 1570 1782 calicem
1588 1710 1715 1800 salutis,
1743 1716 1938 1806 sanguinem
1965 1719 2038 1808 ejus

672 1829 854 1922 pretiosum
882 1833 916 1894 et
941 1823 1130 1896 salutarem.
1183 1825 1280 1896 Nunc
1307 1836 1415 1896 autem
1441 1825 1585 1898 Domine
1609 1825 1699 1899 bone
1726 1838 1759 1898 et
1776 1841 1905 1902 amator
1923 1831 2038 1904 homi-

672 1965 759 2028 num,
789 1939 1061 2037 quemadmodum
1087 1945 1232 2030 vocasti,
1260 1950 1294 2012 et
1321 1942 1485 2014 adduxisti
1511 1964 1574 2015 nos
1601 1942 1643 2013 ad
1669 1941 1729 2014 bas
1757 1944 1893 2018 delicias
1919 1947 2038 2022 beatas

673 2071 706 2133 et
723 2059 948 2148 vivificantes,
975 2057 1114 2150 dignare
1140 2068 1176 2131 ut
1202 2062 1379 2130 misceatur
1405 2081 1526 2157 corpus
1553 2063 1713 2153 unigeniti
1733 2060 1808 2131 Filii
1824 2067 1881 2153 tui,
1908 2087 2037 2160 corpo-

671 2176 764 2249 ribus
790 2179 929 2262 nostris,
957 2183 991 2244 et
1016 2179 1269 2246 commisceatur
1294 2178 1431 2268 sanguis
1458 2179 1531 2268 ejus
1559 2177 1730 2250 animabus
1757 2183 1897 2267 nostris,
1931 2185 2038 2276 sitque

628 2313 634 2322 ·
672 2294 770 2367 nobis
797 2292 998 2366 adveniam
1026 2289 1237 2380 delictorum,
1265 2295 1494 2364 remissionem
1521 2303 1746 2388 peccatorum,
1771 2295 1927 2368 viaticum
1946 2301 2037 2369 vitae

673 2421 851 2496 aeternae,
879 2404 1001 2479 diaboli
1029 2404 1277 2500 depulsionem,
1304 2417 1337 2478 et
1363 2407 1653 2483 sanctificationem
1681 2432 1859 2508 corporum
1892 2423 1928 2484 at
1959 2417 2037 2484 ani-

672 2549 814 2598 mamm:
843 2527 918 2618 quia
944 2531 979 2592 tu
1006 2519 1199 2594 benedictus
1226 2545 1284 2610 es,
1317 2544 1337 2593 o
1370 2524 1478 2610 oeus,
1516 2536 1549 2597 ct
1584 2537 1733 2599 sanctum
1763 2551 1904 2620 regnum
1938 2541 2037 2622 tuum,

672 2643 796 2737 tibique
823 2641 965 2733 gloriam
991 2635 1167 2709 referimus
1194 2649 1228 2709 et
1245 2640 1413 2730 unigenito
1432 2638 1517 2712 Filio
1534 2650 1600 2728 tuo,
1629 2653 1662 2715 et
1676 2643 1812 2738 Spiritui
1828 2653 1883 2717 tuo
1907 2657 2034 2731 sancto,

670 2781 773 2846 nunc,
801 2769 863 2829 etc.

775 2873 937 2966 Populus.
963 2873 1082 2963 Amen.

773 2989 957 3062 Sacerdos.
1010 2989 1095 3060 Pax.

776 3105 934 3199 Populea.
987 3103 1130 3174 Etcum
1157 3105 1273 3199 spiritu
1300 3114 1364 3176 tuo.

688 3312 694 3321 ἢ
774 3223 961 3293 Diaconos.
1014 3220 1107 3308 Post,
1134 3229 1195 3290 etc.

697 3323 701 3332 ¹
774 3337 934 3430 Papulae.
963 3335 1085 3408 Coram
1112 3345 1155 3406 te.

772 3453 955 3526 Sacerdos.
1010 3453 1133 3526 Coram
1162 3463 1194 3524 te
1219 3451 1380 3539 Domine,
1405 3450 1608 3524 humiliamus
1636 3463 1779 3540 mentes,
1814 3456 2034 3544 cogitationes

669 3583 702 3644 et
730 3576 858 3644 animos
884 3581 1037 3657 nostroe,
1064 3591 1260 3664 omnemque
1287 3590 1483 3664 compagem
1512 3590 1689 3664 corporum
1708 3577 1907 3658 nostrorum,
1935 3593 2034 3643 com-

669 3688 861 3760 mendantes
890 3687 947 3760 tibi
973 3689 1100 3758 animas
1127 3696 1277 3758 nostras:
1305 3694 1439 3757 orantes
1465 3695 1515 3772 te,
1543 3696 1577 3756 ct
1603 3684 1821 3781 deprecantes
1837 3689 2034 3758 misericor-

668 3806 755 3878 diam
781 3815 889 3892 tuam3
915 3813 950 3875 nt
975 3805 1165 3897 requiescat
1191 3823 1292 3897 super
1317 3825 1380 3874 uos
1407 3801 1548 3873 dextera
1580 3813 1634 3874 tua
1669 3824 1812 3894 magna,
1848 3802 2034 3890 invisibilis,

669 3921 887 4017 omnibusque
926 3917 1212 3992 benedictionibus
1245 3918 1354 4015 plena.
1408 3917 1542 4009 Adjuva
1578 3929 1612 3990 et
1644 3918 1772 3990 custodi
1810 3941 1872 3992 nos
1907 3941 2036 4010 omues,

667 4037 809 4109 benedic
842 4045 876 4108 et
907 4033 1075 4107 sanctifica
1109 4056 1171 4108 nos
1211 4056 1343 4107 omnes:
1378 4034 1473 4107 salva
1510 4044 1542 4105 et
1576 4056 1677 4106 serva
1710 4057 1774 4106 uos
1807 4058 1939 4107 omnes:
1975 4059 2036 4133 per

668 4175 802 4225 crucem
830 4163 917 4223 tuam
945 4150 1122 4223 salutarem
1155 4161 1189 4223 et
1223 4151 1409 4224 vivificam:
1446 4148 1697 4246 releremnsque
1732 4151 1790 4224 tibi
1824 4150 1967 4244 gloriam
2002 4162 2035 4223 et

668 4272 848 4362 gratiarum
881 4271 1062 4355 actionem,
1098 4278 1131 4339 et
1166 4269 1256 4339 Patri
1293 4279 1366 4357 tuo,
1400 4277 1434 4339 et
1463 4267 1597 4362 Spiritui
1628 4279 1685 4340 tuo
1721 4271 1803 4340 vivo
1837 4277 1871 4339 et
1906 4280 2034 4359 sancto.

668 4408 755 4456 nunc
782 4395 816 4456 et
842 4405 975 4478 semper
1001 4393 1036 4454 ct
1060 4385 1093 4454 in
1121 4383 1254 4456 saecula
1281 4384 1498 4457 saectdomm.
1666 4387 1672 4398 '

774 4499 932 4593 Populos.
986 4503 1105 4572 Amen.
1201 4575 1205 4583 ,

773 4615 960 4688 Diaconos.
1012 4613 1160 4688 Benedic
1186 4615 1339 4689 Domine.

772 4731 956 4803 Sacerdos.
1009 4730 1154 4804 Renedic
1181 4734 1341 4808 omuibus.

1087 4973 1602 5018 -ψ-
