<?xml version="1.0" encoding="UTF-8"?>
<!DOCTYPE html PUBLIC "-//W3C//DTD XHTML 1.0 Transitional//EN"
    "http://www.w3.org/TR/xhtml1/DTD/xhtml1-transitional.dtd">
<html xmlns="http://www.w3.org/1999/xhtml" xml:lang="en" lang="en">
 <head>
  <title>
</title>
<meta http-equiv="Content-Type" content="text/html;charset=utf-8" />
  <meta name='ocr-system' content='tesseract 3.04.00' />
  <meta name='ocr-capabilities' content='ocr_page ocr_carea ocr_par ocr_line ocrx_word'/>
</head>
<body>
  <div class='ocr_page' id='page_1' title='image "./liturgiarumorie04renagoog_0044.png"; bbox 0 0 4804 6026; ppageno 0'>
   <div class='ocr_carea' id='block_1_1' title="bbox 769 574 1658 653">
    <p class='ocr_par' dir='ltr' id='par_1_1' title="bbox 769 574 1658 653">
     <span class='ocr_line' id='line_1_1' title="bbox 769 574 1658 653; baseline -0.001 -3"><span class='ocrx_word' id='word_1_1' title='bbox 769 574 1181 653; x_wconf 78' lang='lat' dir='ltr'><strong>strotella.</strong></span> <span class='ocrx_word' id='word_1_2' title='bbox 1634 575 1658 649; x_wconf 76' lang='lat'><strong>7</strong></span> 
     </span>
    </p>
   </div>
   <div class='ocr_carea' id='block_1_2' title="bbox 285 745 1753 5135">
    <p class='ocr_par' dir='ltr' id='par_1_2' title="bbox 287 745 1753 1208">
     <span class='ocr_line' id='line_1_2' title="bbox 389 745 1753 860; baseline 0.003 -28"><span class='ocrx_word' id='word_1_3' title='bbox 389 761 578 833; x_wconf 83' lang='lat' dir='ltr'><strong>Diaconos.</strong></span> <span class='ocrx_word' id='word_1_4' title='bbox 621 760 756 835; x_wconf 88' lang='lat' dir='ltr'><strong>Stemus</strong></span> <span class='ocrx_word' id='word_1_5' title='bbox 783 755 941 834; x_wconf 86' lang='lat' dir='ltr'><strong>decenter</strong></span> <span class='ocrx_word' id='word_1_6' title='bbox 967 765 1001 834; x_wconf 92' lang='lat' dir='ltr'><strong>in</strong></span> <span class='ocrx_word' id='word_1_7' title='bbox 1028 766 1181 836; x_wconf 86' lang='lat' dir='ltr'><strong>oratione</strong></span> <span class='ocrx_word' id='word_1_8' title='bbox 1207 772 1241 836; x_wconf 89' lang='lat' dir='ltr'><strong>et</strong></span> <span class='ocrx_word' id='word_1_9' title='bbox 1265 760 1421 860; x_wconf 88' lang='lat' dir='ltr'><strong>precihus</strong></span> <span class='ocrx_word' id='word_1_10' title='bbox 1448 783 1563 834; x_wconf 91' lang='lat' dir='ltr'><strong>caram</strong></span> <span class='ocrx_word' id='word_1_11' title='bbox 1582 764 1658 836; x_wconf 87' lang='lat' dir='ltr'><strong>Deo</strong></span> <span class='ocrx_word' id='word_1_12' title='bbox 1752 745 1753 748; x_wconf 20' lang='lat'>¹</span> 
     </span>
     <span class='ocr_line' id='line_1_3' title="bbox 287 877 1659 974; baseline -0.003 -20"><span class='ocrx_word' id='word_1_13' title='bbox 287 881 456 969; x_wconf 81' lang='lat' dir='ltr'>Deorum,</span> <span class='ocrx_word' id='word_1_14' title='bbox 482 887 517 950; x_wconf 90' lang='lat' dir='ltr'><strong>et</strong></span> <span class='ocrx_word' id='word_1_15' title='bbox 541 877 687 952; x_wconf 91' lang='lat' dir='ltr'><strong>Domino</strong></span> <span class='ocrx_word' id='word_1_16' title='bbox 712 879 949 968; x_wconf 82' lang='lat' dir='ltr'><strong>Donunorum,</strong></span> <span class='ocrx_word' id='word_1_17' title='bbox 976 901 1091 952; x_wconf 89' lang='lat' dir='ltr'><strong>coram</strong></span> <span class='ocrx_word' id='word_1_18' title='bbox 1116 878 1215 971; x_wconf 83' lang='lat' dir='ltr'><strong>Rege</strong></span> <span class='ocrx_word' id='word_1_19' title='bbox 1240 877 1392 974; x_wconf 83' lang='lat' dir='ltr'><strong>Regum,</strong></span> <span class='ocrx_word' id='word_1_20' title='bbox 1418 901 1533 952; x_wconf 90' lang='lat' dir='ltr'><strong>coram</strong></span> <span class='ocrx_word' id='word_1_21' title='bbox 1562 879 1659 952; x_wconf 87' lang='lat' dir='ltr'><strong>altari</strong></span> 
     </span>
     <span class='ocr_line' id='line_1_4' title="bbox 287 994 1658 1092; baseline 0 -26"><span class='ocrx_word' id='word_1_22' title='bbox 287 997 537 1092; x_wconf 91' lang='lat' dir='ltr'><strong>propitiatorio,</strong></span> <span class='ocrx_word' id='word_1_23' title='bbox 564 1004 598 1066; x_wconf 93' lang='lat' dir='ltr'><strong>et</strong></span> <span class='ocrx_word' id='word_1_24' title='bbox 624 1017 737 1068; x_wconf 90' lang='lat' dir='ltr'><strong>coram</strong></span> <span class='ocrx_word' id='word_1_25' title='bbox 763 998 932 1090; x_wconf 74' lang='lat' dir='ltr'>mysteriis</span> <span class='ocrx_word' id='word_1_26' title='bbox 952 994 1154 1091; x_wconf 88' lang='lat' dir='ltr'><strong>praeclaris,</strong></span> <span class='ocrx_word' id='word_1_27' title='bbox 1183 1005 1218 1068; x_wconf 91' lang='lat' dir='ltr'><strong>et</strong></span> <span class='ocrx_word' id='word_1_28' title='bbox 1238 1000 1327 1069; x_wconf 85' lang='lat' dir='ltr'><strong>vivis</strong></span> <span class='ocrx_word' id='word_1_29' title='bbox 1340 995 1527 1069; x_wconf 89' lang='lat' dir='ltr'><strong>Salvatoris</strong></span> <span class='ocrx_word' id='word_1_30' title='bbox 1541 998 1658 1084; x_wconf 79' lang='lat' dir='ltr'><strong>nostri,</strong></span> 
     </span>
     <span class='ocr_line' id='line_1_5' title="bbox 287 1109 1597 1208; baseline -0.001 -26"><span class='ocrx_word' id='word_1_31' title='bbox 287 1134 362 1184; x_wconf 90' lang='lat' dir='ltr'><strong>cum</strong></span> <span class='ocrx_word' id='word_1_32' title='bbox 389 1109 590 1184; x_wconf 75' lang='lat' dir='ltr'><strong>aromatibus</strong></span> <span class='ocrx_word' id='word_1_33' title='bbox 615 1113 778 1207; x_wconf 78' lang='lat' dir='ltr'><strong>impositis</strong></span> <span class='ocrx_word' id='word_1_34' title='bbox 804 1111 1065 1184; x_wconf 88' lang='lat' dir='ltr'><strong>misericordiam</strong></span> <span class='ocrx_word' id='word_1_35' title='bbox 1092 1121 1181 1183; x_wconf 90' lang='lat' dir='ltr'><strong>tuam</strong></span> <span class='ocrx_word' id='word_1_36' title='bbox 1206 1111 1418 1208; x_wconf 81' lang='lat' dir='ltr'><strong>imploramus</strong></span> <span class='ocrx_word' id='word_1_37' title='bbox 1445 1113 1597 1186; x_wconf 90' lang='lat' dir='ltr'><strong>Domine.</strong></span> 
     </span>
    </p>

    <p class='ocr_par' dir='ltr' id='par_1_3' title="bbox 287 1225 1659 1762">
     <span class='ocr_line' id='line_1_6' title="bbox 390 1225 1659 1321; baseline 0 -23"><span class='ocrx_word' id='word_1_38' title='bbox 390 1225 566 1298; x_wconf 83' lang='lat' dir='ltr'><strong>Sacerdos</strong></span> <span class='ocrx_word' id='word_1_39' title='bbox 586 1233 688 1321; x_wconf 84' lang='lat' dir='ltr'><strong>pouit</strong></span> <span class='ocrx_word' id='word_1_40' title='bbox 712 1231 898 1316; x_wconf 81' lang='lat' dir='ltr'><strong>incensum,</strong></span> <span class='ocrx_word' id='word_1_41' title='bbox 931 1234 966 1299; x_wconf 91' lang='lat' dir='ltr'><strong>et</strong></span> <span class='ocrx_word' id='word_1_42' title='bbox 992 1228 1086 1298; x_wconf 89' lang='lat' dir='ltr'><strong>dicit.</strong></span> <span class='ocrx_word' id='word_1_43' title='bbox 1130 1227 1187 1301; x_wconf 84' lang='lat' dir='ltr'><strong>Ad</strong></span> <span class='ocrx_word' id='word_1_44' title='bbox 1212 1225 1343 1299; x_wconf 88' lang='lat' dir='ltr'><strong>laudem</strong></span> <span class='ocrx_word' id='word_1_45' title='bbox 1367 1237 1402 1300; x_wconf 92' lang='lat' dir='ltr'><strong>et</strong></span> <span class='ocrx_word' id='word_1_46' title='bbox 1427 1226 1578 1321; x_wconf 88' lang='lat' dir='ltr'><strong>gloriam.</strong></span> <span class='ocrx_word' id='word_1_47' title='bbox 1621 1234 1659 1299; x_wconf 90' lang='lat' dir='ltr'><strong>ut</strong></span> 
     </span>
     <span class='ocr_line' id='line_1_7' title="bbox 287 1342 1657 1437; baseline 0.001 -23"><span class='ocrx_word' id='word_1_48' title='bbox 287 1365 402 1437; x_wconf 75' lang='lat' dir='ltr'><strong>uipra.</strong></span> <span class='ocrx_word' id='word_1_49' title='bbox 458 1343 536 1414; x_wconf 90' lang='lat' dir='ltr'><strong>Hoc</strong></span> <span class='ocrx_word' id='word_1_50' title='bbox 569 1342 647 1415; x_wconf 92' lang='lat' dir='ltr'><strong>loco</strong></span> <span class='ocrx_word' id='word_1_51' title='bbox 681 1347 876 1415; x_wconf 77' lang='lat' dir='ltr'><strong>inseruntur</strong></span> <span class='ocrx_word' id='word_1_52' title='bbox 913 1344 1045 1437; x_wconf 84' lang='lat' dir='ltr'><strong>aliquot</strong></span> <span class='ocrx_word' id='word_1_53' title='bbox 1075 1347 1251 1415; x_wconf 80' lang='lat' dir='ltr'><strong>orationes</strong></span> <span class='ocrx_word' id='word_1_54' title='bbox 1282 1350 1389 1415; x_wconf 83' lang='lat' dir='ltr'><strong>metro</strong></span> <span class='ocrx_word' id='word_1_55' title='bbox 1423 1343 1657 1436; x_wconf 84' lang='lat' dir='ltr'><strong>Ephremitico</strong></span> 
     </span>
     <span class='ocr_line' id='line_1_8' title="bbox 288 1456 1656 1553; baseline -0.001 -23"><span class='ocrx_word' id='word_1_56' title='bbox 288 1466 348 1530; x_wconf 90' lang='lat' dir='ltr'><strong>aut</strong></span> <span class='ocrx_word' id='word_1_57' title='bbox 372 1456 585 1548; x_wconf 86' lang='lat' dir='ltr'><strong>Jacobitico,</strong></span> <span class='ocrx_word' id='word_1_58' title='bbox 614 1480 701 1553; x_wconf 85' lang='lat' dir='ltr'><strong>quae</strong></span> <span class='ocrx_word' id='word_1_59' title='bbox 727 1462 885 1532; x_wconf 86' lang='lat' dir='ltr'><strong>dicuutur</strong></span> <span class='ocrx_word' id='word_1_60' title='bbox 911 1461 1081 1531; x_wconf 79' lang='lat' dir='ltr'><strong>incuriis</strong></span> <span class='ocrx_word' id='word_1_61' title='bbox 1106 1458 1374 1531; x_wconf 79' lang='lat' dir='ltr'><strong>solemnitatibus</strong></span> <span class='ocrx_word' id='word_1_62' title='bbox 1395 1465 1504 1552; x_wconf 80' lang='lat' dir='ltr'><strong>juata</strong></span> <span class='ocrx_word' id='word_1_63' title='bbox 1538 1465 1656 1551; x_wconf 83' lang='lat' dir='ltr'><strong>cujus-</strong></span> 
     </span>
     <span class='ocr_line' id='line_1_9' title="bbox 288 1573 1656 1670; baseline -0.002 -24"><span class='ocrx_word' id='word_1_64' title='bbox 288 1597 353 1670; x_wconf 77' lang='lat' dir='ltr'><strong>que</strong></span> <span class='ocrx_word' id='word_1_65' title='bbox 378 1573 561 1646; x_wconf 76' lang='lat' dir='ltr'><strong>Ecclesiae</strong></span> <span class='ocrx_word' id='word_1_66' title='bbox 586 1578 867 1648; x_wconf 71' lang='lat' dir='ltr'><strong>consuetudieem</strong></span> <span class='ocrx_word' id='word_1_67' title='bbox 899 1577 966 1648; x_wconf 84' lang='lat' dir='ltr'><strong>Ter</strong></span> <span class='ocrx_word' id='word_1_68' title='bbox 989 1574 1107 1646; x_wconf 88' lang='lat' dir='ltr'><strong>oblata</strong></span> <span class='ocrx_word' id='word_1_69' title='bbox 1124 1578 1280 1646; x_wconf 80' lang='lat' dir='ltr'><strong>incessat</strong></span> <span class='ocrx_word' id='word_1_70' title='bbox 1305 1578 1341 1645; x_wconf 88' lang='lat' dir='ltr'><strong>iu</strong></span> <span class='ocrx_word' id='word_1_71' title='bbox 1366 1575 1498 1646; x_wconf 85' lang='lat' dir='ltr'><strong>modum</strong></span> <span class='ocrx_word' id='word_1_72' title='bbox 1524 1575 1656 1663; x_wconf 84' lang='lat' dir='ltr'><strong>circuli,</strong></span> 
     </span>
     <span class='ocr_line' id='line_1_10' title="bbox 289 1677 1242 1762; baseline -0.001 0"><span class='ocrx_word' id='word_1_73' title='bbox 289 1691 426 1762; x_wconf 77' lang='lat' dir='ltr'><strong>diceas:</strong></span> <span class='ocrx_word' id='word_1_74' title='bbox 1237 1677 1242 1684; x_wconf 43' lang='lat'>¹</span> 
     </span>
    </p>

    <p class='ocr_par' dir='ltr' id='par_1_4' title="bbox 392 1805 1364 1896">
     <span class='ocr_line' id='line_1_11' title="bbox 392 1805 1364 1896; baseline -0.002 -16"><span class='ocrx_word' id='word_1_75' title='bbox 392 1806 536 1880; x_wconf 86' lang='lat' dir='ltr'><strong>Sanctus</strong></span> <span class='ocrx_word' id='word_1_76' title='bbox 561 1805 672 1895; x_wconf 85' lang='lat' dir='ltr'><strong>Deus,</strong></span> <span class='ocrx_word' id='word_1_77' title='bbox 700 1817 833 1880; x_wconf 82' lang='lat' dir='ltr'><strong>sanotm</strong></span> <span class='ocrx_word' id='word_1_78' title='bbox 859 1805 974 1896; x_wconf 80' lang='lat' dir='ltr'><strong>fortis,</strong></span> <span class='ocrx_word' id='word_1_79' title='bbox 1002 1815 1134 1879; x_wconf 89' lang='lat' dir='ltr'><strong>sanctus</strong></span> <span class='ocrx_word' id='word_1_80' title='bbox 1159 1805 1364 1880; x_wconf 90' lang='lat' dir='ltr'><strong>immortalis.</strong></span> 
     </span>
    </p>

    <p class='ocr_par' dir='ltr' id='par_1_5' title="bbox 391 1920 931 1996">
     <span class='ocr_line' id='line_1_12' title="bbox 391 1920 931 1996; baseline 0 -4"><span class='ocrx_word' id='word_1_81' title='bbox 391 1921 578 1994; x_wconf 78' lang='lat' dir='ltr'><strong>Diaconos.</strong></span> <span class='ocrx_word' id='word_1_82' title='bbox 631 1923 795 1996; x_wconf 82' lang='lat' dir='ltr'><strong>Miserere</strong></span> <span class='ocrx_word' id='word_1_83' title='bbox 822 1920 931 1995; x_wconf 89' lang='lat' dir='ltr'><strong>nohis.</strong></span> 
     </span>
    </p>

    <p class='ocr_par' dir='ltr' id='par_1_6' title="bbox 286 2035 1658 2598">
     <span class='ocr_line' id='line_1_13' title="bbox 392 2035 1658 2134; baseline 0.002 -28"><span class='ocrx_word' id='word_1_84' title='bbox 392 2035 575 2110; x_wconf 82' lang='lat' dir='ltr'><strong>Sacerdos.</strong></span> <span class='ocrx_word' id='word_1_85' title='bbox 629 2037 754 2110; x_wconf 88' lang='lat' dir='ltr'><strong>Sancta</strong></span> <span class='ocrx_word' id='word_1_86' title='bbox 780 2047 815 2110; x_wconf 89' lang='lat' dir='ltr'><strong>et</strong></span> <span class='ocrx_word' id='word_1_87' title='bbox 839 2036 1032 2128; x_wconf 86' lang='lat' dir='ltr'><strong>laudabilis,</strong></span> <span class='ocrx_word' id='word_1_88' title='bbox 1058 2047 1179 2134; x_wconf 84' lang='lat' dir='ltr'><strong>potens</strong></span> <span class='ocrx_word' id='word_1_89' title='bbox 1202 2048 1235 2109; x_wconf 88' lang='lat' dir='ltr'><strong>et</strong></span> <span class='ocrx_word' id='word_1_90' title='bbox 1255 2037 1465 2130; x_wconf 89' lang='lat' dir='ltr'><strong>immortalis,</strong></span> <span class='ocrx_word' id='word_1_91' title='bbox 1491 2037 1585 2110; x_wconf 89' lang='lat' dir='ltr'><strong>Deus</strong></span> <span class='ocrx_word' id='word_1_92' title='bbox 1603 2039 1658 2132; x_wconf 92' lang='lat' dir='ltr'><strong>qui</strong></span> 
     </span>
     <span class='ocr_line' id='line_1_14' title="bbox 289 2152 1657 2249; baseline 0.001 -25"><span class='ocrx_word' id='word_1_93' title='bbox 289 2155 321 2224; x_wconf 93' lang='lat' dir='ltr'><strong>in</strong></span> <span class='ocrx_word' id='word_1_94' title='bbox 347 2155 471 2226; x_wconf 88' lang='lat' dir='ltr'><strong>sanctis</strong></span> <span class='ocrx_word' id='word_1_95' title='bbox 497 2152 648 2245; x_wconf 88' lang='lat' dir='ltr'><strong>habitas,</strong></span> <span class='ocrx_word' id='word_1_96' title='bbox 675 2164 709 2226; x_wconf 92' lang='lat' dir='ltr'><strong>et</strong></span> <span class='ocrx_word' id='word_1_97' title='bbox 734 2158 768 2226; x_wconf 92' lang='lat' dir='ltr'><strong>in</strong></span> <span class='ocrx_word' id='word_1_98' title='bbox 794 2157 919 2226; x_wconf 90' lang='lat' dir='ltr'><strong>sanctis</strong></span> <span class='ocrx_word' id='word_1_99' title='bbox 945 2155 1149 2249; x_wconf 80' lang='lat' dir='ltr'><strong>requiescis,</strong></span> <span class='ocrx_word' id='word_1_100' title='bbox 1175 2152 1346 2226; x_wconf 88' lang='lat' dir='ltr'><strong>voluntate</strong></span> <span class='ocrx_word' id='word_1_101' title='bbox 1371 2154 1550 2228; x_wconf 85' lang='lat' dir='ltr'><strong>divinitatis</strong></span> <span class='ocrx_word' id='word_1_102' title='bbox 1569 2163 1657 2242; x_wconf 88' lang='lat' dir='ltr'><strong>tuae,</strong></span> 
     </span>
     <span class='ocr_line' id='line_1_15' title="bbox 288 2267 1654 2366; baseline 0 -24"><span class='ocrx_word' id='word_1_103' title='bbox 288 2269 456 2342; x_wconf 89' lang='lat' dir='ltr'><strong>sanctifica</strong></span> <span class='ocrx_word' id='word_1_104' title='bbox 482 2271 625 2343; x_wconf 88' lang='lat' dir='ltr'><strong>Domino</strong></span> <span class='ocrx_word' id='word_1_105' title='bbox 644 2274 871 2366; x_wconf 20' lang='lat' dir='ltr'><strong>„cogimtioncs</strong></span> <span class='ocrx_word' id='word_1_106' title='bbox 897 2280 1049 2360; x_wconf 78' lang='lat' dir='ltr'><strong>nocuas,</strong></span> <span class='ocrx_word' id='word_1_107' title='bbox 1080 2279 1115 2341; x_wconf 89' lang='lat' dir='ltr'><strong>ot</strong></span> <span class='ocrx_word' id='word_1_108' title='bbox 1140 2280 1267 2342; x_wconf 90' lang='lat' dir='ltr'><strong>mentes</strong></span> <span class='ocrx_word' id='word_1_109' title='bbox 1293 2279 1427 2342; x_wconf 89' lang='lat' dir='ltr'><strong>nostras</strong></span> <span class='ocrx_word' id='word_1_110' title='bbox 1458 2269 1579 2342; x_wconf 90' lang='lat' dir='ltr'><strong>munda</strong></span> <span class='ocrx_word' id='word_1_111' title='bbox 1612 2267 1654 2342; x_wconf 90' lang='lat' dir='ltr'><strong>ah</strong></span> 
     </span>
     <span class='ocr_line' id='line_1_16' title="bbox 287 2384 1658 2483; baseline 0.001 -27"><span class='ocrx_word' id='word_1_112' title='bbox 287 2384 440 2460; x_wconf 88' lang='lat' dir='ltr'><strong>omnibus</strong></span> <span class='ocrx_word' id='word_1_113' title='bbox 468 2386 622 2460; x_wconf 88' lang='lat' dir='ltr'><strong>sordibus</strong></span> <span class='ocrx_word' id='word_1_114' title='bbox 648 2389 836 2478; x_wconf 82' lang='lat' dir='ltr'><strong>criminun,</strong></span> <span class='ocrx_word' id='word_1_115' title='bbox 863 2396 900 2459; x_wconf 91' lang='lat' dir='ltr'><strong>ut</strong></span> <span class='ocrx_word' id='word_1_116' title='bbox 925 2385 1081 2483; x_wconf 75' lang='lat' dir='ltr'><strong>hymnmn</strong></span> <span class='ocrx_word' id='word_1_117' title='bbox 1108 2388 1306 2483; x_wconf 88' lang='lat' dir='ltr'><strong>inculpatum</strong></span> <span class='ocrx_word' id='word_1_118' title='bbox 1326 2385 1511 2459; x_wconf 87' lang='lat' dir='ltr'><strong>referamus</strong></span> <span class='ocrx_word' id='word_1_119' title='bbox 1534 2385 1603 2478; x_wconf 89' lang='lat' dir='ltr'><strong>tihi,</strong></span> <span class='ocrx_word' id='word_1_120' title='bbox 1623 2390 1658 2458; x_wconf 89' lang='lat' dir='ltr'><strong>in</strong></span> 
     </span>
     <span class='ocr_line' id='line_1_17' title="bbox 286 2498 1104 2598; baseline 0 -26"><span class='ocrx_word' id='word_1_121' title='bbox 286 2498 442 2574; x_wconf 82' lang='lat' dir='ltr'><strong>Ecclesia</strong></span> <span class='ocrx_word' id='word_1_122' title='bbox 467 2512 523 2574; x_wconf 88' lang='lat' dir='ltr'><strong>tua</strong></span> <span class='ocrx_word' id='word_1_123' title='bbox 550 2513 665 2576; x_wconf 89' lang='lat' dir='ltr'><strong>sancta</strong></span> <span class='ocrx_word' id='word_1_124' title='bbox 690 2525 778 2576; x_wconf 91' lang='lat' dir='ltr'><strong>nunc</strong></span> <span class='ocrx_word' id='word_1_125' title='bbox 804 2513 838 2576; x_wconf 91' lang='lat' dir='ltr'><strong>ot</strong></span> <span class='ocrx_word' id='word_1_126' title='bbox 864 2523 1015 2598; x_wconf 85' lang='lat' dir='ltr'><strong>semper,</strong></span> <span class='ocrx_word' id='word_1_127' title='bbox 1042 2509 1104 2574; x_wconf 91' lang='lat' dir='ltr'><strong>etc.</strong></span> 
     </span>
    </p>

    <p class='ocr_par' dir='ltr' id='par_1_7' title="bbox 288 2617 1657 2806">
     <span class='ocr_line' id='line_1_18' title="bbox 390 2617 1657 2715; baseline 0.002 -27"><span class='ocrx_word' id='word_1_128' title='bbox 390 2617 569 2689; x_wconf 84' lang='lat' dir='ltr'><strong>Diacouus</strong></span> <span class='ocrx_word' id='word_1_129' title='bbox 594 2619 679 2690; x_wconf 88' lang='lat' dir='ltr'><strong>dicit</strong></span> <span class='ocrx_word' id='word_1_130' title='bbox 704 2619 875 2691; x_wconf 85' lang='lat' dir='ltr'><strong>Psalmam</strong></span> <span class='ocrx_word' id='word_1_131' title='bbox 899 2619 1104 2691; x_wconf 81' lang='lat' dir='ltr'><strong>Decidicuru</strong></span> <span class='ocrx_word' id='word_1_132' title='bbox 1130 2618 1182 2688; x_wconf 87' lang='lat' dir='ltr'><strong>illi</strong></span> <span class='ocrx_word' id='word_1_133' title='bbox 1208 2619 1279 2690; x_wconf 87' lang='lat' dir='ltr'><strong>diei</strong></span> <span class='ocrx_word' id='word_1_134' title='bbox 1306 2621 1523 2715; x_wconf 64' lang='lat' dir='ltr'><strong>assignatum.</strong></span> <span class='ocrx_word' id='word_1_135' title='bbox 1570 2619 1657 2690; x_wconf 84' lang='lat' dir='ltr'><strong>llloc</strong></span> 
     </span>
     <span class='ocr_line' id='line_1_19' title="bbox 288 2733 382 2806; baseline 0.011 -2"><span class='ocrx_word' id='word_1_136' title='bbox 288 2733 382 2806; x_wconf 84' lang='lat' dir='ltr'><strong>dicit.</strong></span> 
     </span>
    </p>

    <p class='ocr_par' dir='ltr' id='par_1_8' title="bbox 285 2827 1658 3620">
     <span class='ocr_line' id='line_1_20' title="bbox 394 2827 1656 2948; baseline 0 -26"><span class='ocrx_word' id='word_1_137' title='bbox 394 2849 501 2935; x_wconf 82' lang='lat' dir='ltr'><strong>Quem</strong></span> <span class='ocrx_word' id='word_1_138' title='bbox 528 2850 611 2923; x_wconf 89' lang='lat' dir='ltr'><strong>vidit</strong></span> <span class='ocrx_word' id='word_1_139' title='bbox 635 2851 752 2928; x_wconf 84' lang='lat' dir='ltr'><strong>Moses</strong></span> <span class='ocrx_word' id='word_1_140' title='bbox 778 2853 812 2923; x_wconf 90' lang='lat' dir='ltr'><strong>in</strong></span> <span class='ocrx_word' id='word_1_141' title='bbox 837 2849 942 2942; x_wconf 90' lang='lat' dir='ltr'><strong>ruho,</strong></span> <span class='ocrx_word' id='word_1_142' title='bbox 969 2827 1007 2923; x_wconf 79' lang='lat' dir='ltr'><strong>et</strong></span> <span class='ocrx_word' id='word_1_143' title='bbox 1022 2849 1180 2923; x_wconf 81' lang='lat' dir='ltr'><strong>Ezechiel</strong></span> <span class='ocrx_word' id='word_1_144' title='bbox 1198 2873 1299 2948; x_wconf 88' lang='lat' dir='ltr'><strong>super</strong></span> <span class='ocrx_word' id='word_1_145' title='bbox 1319 2873 1467 2940; x_wconf 88' lang='lat' dir='ltr'><strong>currum,</strong></span> <span class='ocrx_word' id='word_1_146' title='bbox 1494 2853 1568 2946; x_wconf 91' lang='lat' dir='ltr'><strong>ipse</strong></span> <span class='ocrx_word' id='word_1_147' title='bbox 1585 2873 1656 2948; x_wconf 91' lang='lat' dir='ltr'><strong>po-</strong></span> 
     </span>
     <span class='ocr_line' id='line_1_21' title="bbox 287 2966 1658 3065; baseline 0.001 -29"><span class='ocrx_word' id='word_1_148' title='bbox 287 2967 374 3036; x_wconf 89' lang='lat' dir='ltr'><strong>nitur</strong></span> <span class='ocrx_word' id='word_1_149' title='bbox 401 2987 502 3062; x_wconf 89' lang='lat' dir='ltr'><strong>super</strong></span> <span class='ocrx_word' id='word_1_150' title='bbox 528 2967 632 3040; x_wconf 87' lang='lat' dir='ltr'><strong>altare</strong></span> <span class='ocrx_word' id='word_1_151' title='bbox 659 2977 824 3041; x_wconf 88' lang='lat' dir='ltr'><strong>sanctum:</strong></span> <span class='ocrx_word' id='word_1_152' title='bbox 852 2970 1082 3064; x_wconf 88' lang='lat' dir='ltr'><strong>accipiuntque</strong></span> <span class='ocrx_word' id='word_1_153' title='bbox 1107 2967 1197 3039; x_wconf 91' lang='lat' dir='ltr'><strong>illum</strong></span> <span class='ocrx_word' id='word_1_154' title='bbox 1222 2968 1355 3065; x_wconf 89' lang='lat' dir='ltr'><strong>populi,</strong></span> <span class='ocrx_word' id='word_1_155' title='bbox 1381 2976 1415 3040; x_wconf 92' lang='lat' dir='ltr'><strong>et</strong></span> <span class='ocrx_word' id='word_1_156' title='bbox 1439 2970 1567 3040; x_wconf 83' lang='lat' dir='ltr'><strong>vivunt.</strong></span> <span class='ocrx_word' id='word_1_157' title='bbox 1597 2966 1658 3038; x_wconf 90' lang='lat' dir='ltr'><strong>lllo</strong></span> 
     </span>
     <span class='ocr_line' id='line_1_22' title="bbox 289 3081 1658 3178; baseline 0 -24"><span class='ocrx_word' id='word_1_158' title='bbox 289 3084 343 3154; x_wconf 94' lang='lat' dir='ltr'><strong>oui</strong></span> <span class='ocrx_word' id='word_1_159' title='bbox 370 3081 548 3155; x_wconf 88' lang='lat' dir='ltr'><strong>Chcmhim</strong></span> <span class='ocrx_word' id='word_1_160' title='bbox 575 3094 609 3155; x_wconf 93' lang='lat' dir='ltr'><strong>et</strong></span> <span class='ocrx_word' id='word_1_161' title='bbox 633 3081 808 3178; x_wconf 87' lang='lat' dir='ltr'><strong>Seraphim</strong></span> <span class='ocrx_word' id='word_1_162' title='bbox 833 3105 956 3176; x_wconf 87' lang='lat' dir='ltr'><strong>magno</strong></span> <span class='ocrx_word' id='word_1_163' title='bbox 983 3107 1058 3155; x_wconf 91' lang='lat' dir='ltr'><strong>cum</strong></span> <span class='ocrx_word' id='word_1_164' title='bbox 1085 3087 1203 3156; x_wconf 86' lang='lat' dir='ltr'><strong>timore</strong></span> <span class='ocrx_word' id='word_1_165' title='bbox 1230 3088 1397 3174; x_wconf 88' lang='lat' dir='ltr'><strong>serviunt,</strong></span> <span class='ocrx_word' id='word_1_166' title='bbox 1425 3105 1507 3156; x_wconf 87' lang='lat' dir='ltr'><strong>eccs</strong></span> <span class='ocrx_word' id='word_1_167' title='bbox 1521 3081 1658 3155; x_wconf 90' lang='lat' dir='ltr'><strong>ollertur</strong></span> 
     </span>
     <span class='ocr_line' id='line_1_23' title="bbox 289 3196 1657 3295; baseline -0.001 -24"><span class='ocrx_word' id='word_1_168' title='bbox 289 3219 390 3292; x_wconf 87' lang='lat' dir='ltr'><strong>super</strong></span> <span class='ocrx_word' id='word_1_169' title='bbox 416 3198 537 3288; x_wconf 88' lang='lat' dir='ltr'><strong>altare,</strong></span> <span class='ocrx_word' id='word_1_170' title='bbox 565 3201 792 3295; x_wconf 87' lang='lat' dir='ltr'><strong>accipiuntque</strong></span> <span class='ocrx_word' id='word_1_171' title='bbox 819 3196 907 3269; x_wconf 89' lang='lat' dir='ltr'><strong>illum</strong></span> <span class='ocrx_word' id='word_1_172' title='bbox 933 3199 1048 3294; x_wconf 91' lang='lat' dir='ltr'><strong>populi</strong></span> <span class='ocrx_word' id='word_1_173' title='bbox 1075 3206 1109 3271; x_wconf 91' lang='lat' dir='ltr'><strong>et</strong></span> <span class='ocrx_word' id='word_1_174' title='bbox 1134 3203 1262 3273; x_wconf 85' lang='lat' dir='ltr'><strong>vivunt</strong></span> <span class='ocrx_word' id='word_1_175' title='bbox 1298 3199 1391 3272; x_wconf 88' lang='lat' dir='ltr'><strong>Deus</strong></span> <span class='ocrx_word' id='word_1_176' title='bbox 1420 3203 1474 3294; x_wconf 92' lang='lat' dir='ltr'><strong>qui</strong></span> <span class='ocrx_word' id='word_1_177' title='bbox 1500 3220 1562 3295; x_wconf 90' lang='lat' dir='ltr'><strong>per</strong></span> <span class='ocrx_word' id='word_1_178' title='bbox 1588 3201 1657 3270; x_wconf 92' lang='lat' dir='ltr'><strong>mi-</strong></span> 
     </span>
     <span class='ocr_line' id='line_1_24' title="bbox 285 3301 1657 3411; baseline 0.001 -25"><span class='ocrx_word' id='word_1_179' title='bbox 285 3301 503 3386; x_wconf 77' lang='lat' dir='ltr'><strong>sericordiam</strong></span> <span class='ocrx_word' id='word_1_180' title='bbox 530 3322 619 3386; x_wconf 91' lang='lat' dir='ltr'><strong>tuam</strong></span> <span class='ocrx_word' id='word_1_181' title='bbox 645 3315 821 3409; x_wconf 88' lang='lat' dir='ltr'><strong>suscepisti</strong></span> <span class='ocrx_word' id='word_1_182' title='bbox 848 3314 1041 3387; x_wconf 84' lang='lat' dir='ltr'><strong>sacrificium</strong></span> <span class='ocrx_word' id='word_1_183' title='bbox 1068 3317 1233 3406; x_wconf 87' lang='lat' dir='ltr'><strong>justorum</strong></span> <span class='ocrx_word' id='word_1_184' title='bbox 1266 3319 1490 3410; x_wconf 88' lang='lat' dir='ltr'><strong>antiquorum,</strong></span> <span class='ocrx_word' id='word_1_185' title='bbox 1524 3318 1657 3411; x_wconf 90' lang='lat' dir='ltr'><strong>suscipe</strong></span> 
     </span>
     <span class='ocr_line' id='line_1_25' title="bbox 287 3427 1656 3527; baseline 0.004 -28"><span class='ocrx_word' id='word_1_186' title='bbox 287 3451 350 3526; x_wconf 89' lang='lat' dir='ltr'><strong>per</strong></span> <span class='ocrx_word' id='word_1_187' title='bbox 375 3429 636 3502; x_wconf 90' lang='lat' dir='ltr'><strong>misericordiam</strong></span> <span class='ocrx_word' id='word_1_188' title='bbox 662 3440 750 3502; x_wconf 91' lang='lat' dir='ltr'><strong>tuam</strong></span> <span class='ocrx_word' id='word_1_189' title='bbox 778 3427 972 3502; x_wconf 87' lang='lat' dir='ltr'><strong>sacrificium</strong></span> <span class='ocrx_word' id='word_1_190' title='bbox 998 3439 1161 3518; x_wconf 89' lang='lat' dir='ltr'><strong>nostrum,</strong></span> <span class='ocrx_word' id='word_1_191' title='bbox 1188 3441 1223 3503; x_wconf 92' lang='lat' dir='ltr'><strong>et</strong></span> <span class='ocrx_word' id='word_1_192' title='bbox 1248 3441 1405 3527; x_wconf 87' lang='lat' dir='ltr'><strong>acceptas</strong></span> <span class='ocrx_word' id='word_1_193' title='bbox 1431 3429 1517 3502; x_wconf 89' lang='lat' dir='ltr'><strong>hahe</strong></span> <span class='ocrx_word' id='word_1_194' title='bbox 1534 3452 1656 3527; x_wconf 88' lang='lat' dir='ltr'><strong>preces</strong></span> 
     </span>
     <span class='ocr_line' id='line_1_26' title="bbox 287 3556 431 3620; baseline 0.007 -3"><span class='ocrx_word' id='word_1_195' title='bbox 287 3556 431 3620; x_wconf 89' lang='lat' dir='ltr'><strong>nostras.</strong></span> 
     </span>
    </p>

    <p class='ocr_par' dir='ltr' id='par_1_9' title="bbox 288 3659 1659 4338">
     <span class='ocr_line' id='line_1_27' title="bbox 393 3659 1657 3756; baseline 0.001 -23"><span class='ocrx_word' id='word_1_196' title='bbox 393 3663 569 3734; x_wconf 77' lang='lat' dir='ltr'><strong>Canticum</strong></span> <span class='ocrx_word' id='word_1_197' title='bbox 593 3662 696 3734; x_wconf 85' lang='lat' dir='ltr'><strong>atiud</strong></span> <span class='ocrx_word' id='word_1_198' title='bbox 749 3661 896 3756; x_wconf 89' lang='lat' dir='ltr'><strong>Populus</strong></span> <span class='ocrx_word' id='word_1_199' title='bbox 923 3671 997 3734; x_wconf 90' lang='lat' dir='ltr'><strong>tuus</strong></span> <span class='ocrx_word' id='word_1_200' title='bbox 1025 3660 1165 3734; x_wconf 84' lang='lat' dir='ltr'><strong>Christe.</strong></span> <span class='ocrx_word' id='word_1_201' title='bbox 1196 3660 1395 3734; x_wconf 89' lang='lat' dir='ltr'><strong>Benedictus</strong></span> <span class='ocrx_word' id='word_1_202' title='bbox 1424 3659 1573 3736; x_wconf 84' lang='lat' dir='ltr'><strong>Christus</strong></span> <span class='ocrx_word' id='word_1_203' title='bbox 1601 3663 1657 3756; x_wconf 88' lang='lat' dir='ltr'><strong>qui</strong></span> 
     </span>
     <span class='ocr_line' id='line_1_28' title="bbox 289 3776 1657 3873; baseline -0.002 -23"><span class='ocrx_word' id='word_1_204' title='bbox 289 3777 477 3850; x_wconf 85' lang='lat' dir='ltr'><strong>aedificavit</strong></span> <span class='ocrx_word' id='word_1_205' title='bbox 502 3777 689 3851; x_wconf 85' lang='lat' dir='ltr'><strong>Ecclesiam</strong></span> <span class='ocrx_word' id='word_1_206' title='bbox 715 3801 811 3851; x_wconf 89' lang='lat' dir='ltr'><strong>suam</strong></span> <span class='ocrx_word' id='word_1_207' title='bbox 837 3800 938 3873; x_wconf 88' lang='lat' dir='ltr'><strong>super</strong></span> <span class='ocrx_word' id='word_1_208' title='bbox 964 3779 1151 3869; x_wconf 82' lang='lat' dir='ltr'><strong>Simonem,</strong></span> <span class='ocrx_word' id='word_1_209' title='bbox 1185 3790 1219 3851; x_wconf 91' lang='lat' dir='ltr'><strong>et</strong></span> <span class='ocrx_word' id='word_1_210' title='bbox 1248 3778 1350 3871; x_wconf 84' lang='lat' dir='ltr'><strong>elegit</strong></span> <span class='ocrx_word' id='word_1_211' title='bbox 1375 3777 1579 3851; x_wconf 87' lang='lat' dir='ltr'><strong>Sacerdotes</strong></span> <span class='ocrx_word' id='word_1_212' title='bbox 1614 3776 1657 3848; x_wconf 88' lang='lat' dir='ltr'><strong>ad</strong></span> 
     </span>
     <span class='ocr_line' id='line_1_29' title="bbox 290 3891 1657 3988; baseline 0 -25"><span class='ocrx_word' id='word_1_213' title='bbox 290 3891 501 3966; x_wconf 88' lang='lat' dir='ltr'><strong>dividendum</strong></span> <span class='ocrx_word' id='word_1_214' title='bbox 526 3896 561 3964; x_wconf 92' lang='lat' dir='ltr'><strong>in</strong></span> <span class='ocrx_word' id='word_1_215' title='bbox 587 3916 628 3966; x_wconf 89' lang='lat' dir='ltr'><strong>ea</strong></span> <span class='ocrx_word' id='word_1_216' title='bbox 655 3915 779 3988; x_wconf 89' lang='lat' dir='ltr'><strong>corpus</strong></span> <span class='ocrx_word' id='word_1_217' title='bbox 806 3905 840 3966; x_wconf 91' lang='lat' dir='ltr'><strong>et</strong></span> <span class='ocrx_word' id='word_1_218' title='bbox 866 3897 1061 3986; x_wconf 85' lang='lat' dir='ltr'><strong>sanguinem</strong></span> <span class='ocrx_word' id='word_1_219' title='bbox 1088 3916 1191 3968; x_wconf 91' lang='lat' dir='ltr'><strong>suum.</strong></span> <span class='ocrx_word' id='word_1_220' title='bbox 1217 3895 1256 3967; x_wconf 88' lang='lat' dir='ltr'><strong>ln</strong></span> <span class='ocrx_word' id='word_1_221' title='bbox 1281 3898 1399 3968; x_wconf 86' lang='lat' dir='ltr'><strong>timore</strong></span> <span class='ocrx_word' id='word_1_222' title='bbox 1425 3915 1548 3986; x_wconf 84' lang='lat' dir='ltr'><strong>magno</strong></span> <span class='ocrx_word' id='word_1_223' title='bbox 1569 3902 1657 3966; x_wconf 89' lang='lat' dir='ltr'><strong>stant</strong></span> 
     </span>
     <span class='ocr_line' id='line_1_30' title="bbox 291 4007 1659 4107; baseline -0.002 -24"><span class='ocrx_word' id='word_1_224' title='bbox 291 4007 514 4098; x_wconf 85' lang='lat' dir='ltr'><strong>Sacerdotes,</strong></span> <span class='ocrx_word' id='word_1_225' title='bbox 541 4031 614 4082; x_wconf 90' lang='lat' dir='ltr'><strong>oum</strong></span> <span class='ocrx_word' id='word_1_226' title='bbox 647 4008 808 4084; x_wconf 90' lang='lat' dir='ltr'><strong>Diaconis</strong></span> <span class='ocrx_word' id='word_1_227' title='bbox 840 4019 874 4082; x_wconf 89' lang='lat' dir='ltr'><strong>et</strong></span> <span class='ocrx_word' id='word_1_228' title='bbox 909 4009 1103 4083; x_wconf 86' lang='lat' dir='ltr'><strong>distribuunt</strong></span> <span class='ocrx_word' id='word_1_229' title='bbox 1133 4033 1255 4107; x_wconf 87' lang='lat' dir='ltr'><strong>corpus</strong></span> <span class='ocrx_word' id='word_1_230' title='bbox 1287 4021 1321 4083; x_wconf 90' lang='lat' dir='ltr'><strong>et</strong></span> <span class='ocrx_word' id='word_1_231' title='bbox 1353 4014 1548 4103; x_wconf 83' lang='lat' dir='ltr'><strong>sanguinem</strong></span> <span class='ocrx_word' id='word_1_232' title='bbox 1581 4007 1659 4080; x_wconf 86' lang='lat' dir='ltr'><strong>Filii</strong></span> 
     </span>
     <span class='ocr_line' id='line_1_31' title="bbox 289 4122 1658 4224; baseline -0.001 -26"><span class='ocrx_word' id='word_1_233' title='bbox 289 4125 361 4198; x_wconf 90' lang='lat' dir='ltr'><strong>Dei.</strong></span> <span class='ocrx_word' id='word_1_234' title='bbox 402 4122 495 4196; x_wconf 88' lang='lat' dir='ltr'><strong>Oves</strong></span> <span class='ocrx_word' id='word_1_235' title='bbox 521 4133 599 4196; x_wconf 88' lang='lat' dir='ltr'><strong>tuae</strong></span> <span class='ocrx_word' id='word_1_236' title='bbox 626 4124 776 4216; x_wconf 84' lang='lat' dir='ltr'><strong>Christe,</strong></span> <span class='ocrx_word' id='word_1_237' title='bbox 804 4134 891 4201; x_wconf 88' lang='lat' dir='ltr'><strong>stant</strong></span> <span class='ocrx_word' id='word_1_238' title='bbox 917 4125 959 4197; x_wconf 92' lang='lat' dir='ltr'><strong>ad</strong></span> <span class='ocrx_word' id='word_1_239' title='bbox 987 4129 1105 4200; x_wconf 90' lang='lat' dir='ltr'><strong>ostium</strong></span> <span class='ocrx_word' id='word_1_240' title='bbox 1132 4136 1244 4200; x_wconf 80' lang='lat' dir='ltr'><strong>mum:</strong></span> <span class='ocrx_word' id='word_1_241' title='bbox 1273 4127 1448 4200; x_wconf 88' lang='lat' dir='ltr'><strong>comedunt</strong></span> <span class='ocrx_word' id='word_1_242' title='bbox 1474 4149 1596 4224; x_wconf 89' lang='lat' dir='ltr'><strong>corpus</strong></span> <span class='ocrx_word' id='word_1_243' title='bbox 1624 4133 1658 4198; x_wconf 90' lang='lat' dir='ltr'><strong>st</strong></span> 
     </span>
     <span class='ocr_line' id='line_1_32' title="bbox 288 4238 1439 4338; baseline 0.002 -26"><span class='ocrx_word' id='word_1_244' title='bbox 288 4238 405 4314; x_wconf 91' lang='lat' dir='ltr'><strong>hihunt</strong></span> <span class='ocrx_word' id='word_1_245' title='bbox 430 4245 625 4333; x_wconf 84' lang='lat' dir='ltr'><strong>sanguinem</strong></span> <span class='ocrx_word' id='word_1_246' title='bbox 653 4252 758 4330; x_wconf 90' lang='lat' dir='ltr'><strong>tuum,</strong></span> <span class='ocrx_word' id='word_1_247' title='bbox 786 4253 973 4338; x_wconf 86' lang='lat' dir='ltr'><strong>canantque</strong></span> <span class='ocrx_word' id='word_1_248' title='bbox 999 4243 1141 4335; x_wconf 88' lang='lat' dir='ltr'><strong>gloriam</strong></span> <span class='ocrx_word' id='word_1_249' title='bbox 1167 4242 1327 4316; x_wconf 89' lang='lat' dir='ltr'><strong>divinitati</strong></span> <span class='ocrx_word' id='word_1_250' title='bbox 1353 4254 1439 4315; x_wconf 90' lang='lat' dir='ltr'><strong>tuae.</strong></span> 
     </span>
    </p>

    <p class='ocr_par' dir='ltr' id='par_1_10' title="bbox 289 4356 1633 4568">
     <span class='ocr_line' id='line_1_33' title="bbox 392 4356 1633 4454; baseline 0.002 -26"><span class='ocrx_word' id='word_1_251' title='bbox 392 4356 571 4428; x_wconf 87' lang='lat' dir='ltr'><strong>Diacouus</strong></span> <span class='ocrx_word' id='word_1_252' title='bbox 596 4357 679 4454; x_wconf 72' lang='lat' dir='ltr'><strong>lepit</strong></span> <span class='ocrx_word' id='word_1_253' title='bbox 704 4359 893 4451; x_wconf 87' lang='lat' dir='ltr'><strong>Epistolcru</strong></span> <span class='ocrx_word' id='word_1_254' title='bbox 922 4358 1036 4429; x_wconf 87' lang='lat' dir='ltr'><strong>Pauli.</strong></span> <span class='ocrx_word' id='word_1_255' title='bbox 1087 4359 1236 4432; x_wconf 87' lang='lat' dir='ltr'><strong>Benedic</strong></span> <span class='ocrx_word' id='word_1_256' title='bbox 1261 4360 1414 4432; x_wconf 89' lang='lat' dir='ltr'><strong>Domine.</strong></span> <span class='ocrx_word' id='word_1_257' title='bbox 1467 4357 1524 4431; x_wconf 81' lang='lat' dir='ltr'><strong>Ex</strong></span> <span class='ocrx_word' id='word_1_258' title='bbox 1549 4357 1633 4431; x_wconf 88' lang='lat' dir='ltr'><strong>Paul</strong></span> 
     </span>
     <span class='ocr_line' id='line_1_34' title="bbox 289 4471 1618 4568; baseline 0.002 -24"><span class='ocrx_word' id='word_1_259' title='bbox 289 4471 456 4568; x_wconf 87' lang='lat' dir='ltr'><strong>Apostolo</strong></span> <span class='ocrx_word' id='word_1_260' title='bbox 482 4472 615 4544; x_wconf 88' lang='lat' dir='ltr'><strong>Domini</strong></span> <span class='ocrx_word' id='word_1_261' title='bbox 630 4477 746 4546; x_wconf 81' lang='lat' dir='ltr'><strong>&#39;nostri</strong></span> <span class='ocrx_word' id='word_1_262' title='bbox 771 4472 853 4547; x_wconf 89' lang='lat' dir='ltr'><strong>Jesu</strong></span> <span class='ocrx_word' id='word_1_263' title='bbox 881 4471 1022 4566; x_wconf 83' lang='lat' dir='ltr'><strong>Christi,</strong></span> <span class='ocrx_word' id='word_1_264' title='bbox 1049 4485 1111 4548; x_wconf 90' lang='lat' dir='ltr'><strong>eto.</strong></span> <span class='ocrx_word' id='word_1_265' title='bbox 1615 4503 1618 4508; x_wconf 58' lang='lat'>¹</span> 
     </span>
    </p>

    <p class='ocr_par' dir='ltr' id='par_1_11' title="bbox 393 4590 1002 4684">
     <span class='ocr_line' id='line_1_35' title="bbox 393 4590 1002 4684; baseline 0.003 -24"><span class='ocrx_word' id='word_1_266' title='bbox 393 4590 514 4660; x_wconf 85' lang='lat' dir='ltr'><strong>Lectio</strong></span> <span class='ocrx_word' id='word_1_267' title='bbox 532 4593 639 4680; x_wconf 68' lang='lat' dir='ltr'><strong>pacta</strong></span> <span class='ocrx_word' id='word_1_268' title='bbox 661 4593 755 4682; x_wconf 80' lang='lat' dir='ltr'><strong>[estc</strong></span> <span class='ocrx_word' id='word_1_269' title='bbox 780 4597 815 4662; x_wconf 91' lang='lat' dir='ltr'><strong>et</strong></span> <span class='ocrx_word' id='word_1_270' title='bbox 840 4597 1002 4684; x_wconf 85' lang='lat' dir='ltr'><strong>temporo.</strong></span> 
     </span>
    </p>

    <p class='ocr_par' dir='ltr' id='par_1_12' title="bbox 289 4704 1658 5034">
     <span class='ocr_line' id='line_1_36' title="bbox 393 4704 1656 4805; baseline 0.002 -30"><span class='ocrx_word' id='word_1_271' title='bbox 393 4704 576 4776; x_wconf 87' lang='lat' dir='ltr'><strong>Sacerdos.</strong></span> <span class='ocrx_word' id='word_1_272' title='bbox 609 4704 731 4777; x_wconf 67' lang='lat' dir='ltr'><strong>‘Gloria</strong></span> <span class='ocrx_word' id='word_1_273' title='bbox 757 4708 901 4780; x_wconf 90' lang='lat' dir='ltr'><strong>Domino</strong></span> <span class='ocrx_word' id='word_1_274' title='bbox 928 4706 1043 4798; x_wconf 83' lang='lat' dir='ltr'><strong>Pauli,</strong></span> <span class='ocrx_word' id='word_1_275' title='bbox 1069 4707 1330 4805; x_wconf 88' lang='lat' dir='ltr'><strong>Prophetarum,</strong></span> <span class='ocrx_word' id='word_1_276' title='bbox 1356 4718 1391 4780; x_wconf 90' lang='lat' dir='ltr'><strong>et</strong></span> <span class='ocrx_word' id='word_1_277' title='bbox 1407 4705 1656 4803; x_wconf 86' lang='lat' dir='ltr'><strong>Apostolorum.</strong></span> 
     </span>
     <span class='ocr_line' id='line_1_37' title="bbox 290 4818 1658 4928; baseline 0 -36"><span class='ocrx_word' id='word_1_278' title='bbox 290 4818 544 4893; x_wconf 79' lang='lat' dir='ltr'><strong>Misericordiae</strong></span> <span class='ocrx_word' id='word_1_279' title='bbox 569 4822 703 4894; x_wconf 91' lang='lat' dir='ltr'><strong>Domini</strong></span> <span class='ocrx_word' id='word_1_280' title='bbox 730 4826 795 4896; x_wconf 91' lang='lat' dir='ltr'><strong>sint</strong></span> <span class='ocrx_word' id='word_1_281' title='bbox 821 4845 921 4920; x_wconf 85' lang='lat' dir='ltr'><strong>super</strong></span> <span class='ocrx_word' id='word_1_282' title='bbox 946 4824 1091 4928; x_wconf 86' lang='lat' dir='ltr'><strong>lectores</strong></span> <span class='ocrx_word' id='word_1_283' title='bbox 1118 4834 1152 4897; x_wconf 90' lang='lat' dir='ltr'><strong>et</strong></span> <span class='ocrx_word' id='word_1_284' title='bbox 1178 4826 1363 4914; x_wconf 88' lang='lat' dir='ltr'><strong>auditores,</strong></span> <span class='ocrx_word' id='word_1_285' title='bbox 1391 4835 1425 4896; x_wconf 92' lang='lat' dir='ltr'><strong>et</strong></span> <span class='ocrx_word' id='word_1_286' title='bbox 1451 4845 1551 4919; x_wconf 88' lang='lat' dir='ltr'><strong>super</strong></span> <span class='ocrx_word' id='word_1_287' title='bbox 1572 4821 1658 4894; x_wconf 90' lang='lat' dir='ltr'><strong>hanc</strong></span> 
     </span>
     <span class='ocr_line' id='line_1_38' title="bbox 289 4936 1374 5034; baseline 0.003 -26"><span class='ocrx_word' id='word_1_288' title='bbox 289 4936 425 5027; x_wconf 88' lang='lat' dir='ltr'><strong>urbem,</strong></span> <span class='ocrx_word' id='word_1_289' title='bbox 451 4959 633 5033; x_wconf 84' lang='lat' dir='ltr'><strong>omnesque</strong></span> <span class='ocrx_word' id='word_1_290' title='bbox 659 4938 843 5013; x_wconf 89' lang='lat' dir='ltr'><strong>habitantes</strong></span> <span class='ocrx_word' id='word_1_291' title='bbox 868 4943 903 5012; x_wconf 92' lang='lat' dir='ltr'><strong>in</strong></span> <span class='ocrx_word' id='word_1_292' title='bbox 929 4962 989 5032; x_wconf 86' lang='lat' dir='ltr'><strong>sa,</strong></span> <span class='ocrx_word' id='word_1_293' title='bbox 1014 4944 1050 5012; x_wconf 88' lang='lat' dir='ltr'><strong>iu</strong></span> <span class='ocrx_word' id='word_1_294' title='bbox 1075 4940 1229 5034; x_wconf 90' lang='lat' dir='ltr'><strong>saecula,</strong></span> <span class='ocrx_word' id='word_1_295' title='bbox 1254 4943 1374 5016; x_wconf 85' lang='lat' dir='ltr'><strong>Amen.</strong></span> 
     </span>
    </p>

    <p class='ocr_par' dir='ltr' id='par_1_13' title="bbox 393 5052 1515 5135">
     <span class='ocr_line' id='line_1_39' title="bbox 393 5052 1515 5135; baseline 0.004 -11"><span class='ocrx_word' id='word_1_296' title='bbox 393 5052 581 5126; x_wconf 76' lang='lat' dir='ltr'><strong>Dimastos</strong></span> <span class='ocrx_word' id='word_1_297' title='bbox 632 5054 784 5130; x_wconf 87' lang='lat' dir='ltr'><strong>Psalmus</strong></span> <span class='ocrx_word' id='word_1_298' title='bbox 810 5056 951 5132; x_wconf 90' lang='lat' dir='ltr'><strong>Davidis</strong></span> <span class='ocrx_word' id='word_1_299' title='bbox 979 5057 1097 5130; x_wconf 85' lang='lat' dir='ltr'><strong>dicihrr</strong></span> <span class='ocrx_word' id='word_1_300' title='bbox 1123 5081 1239 5133; x_wconf 89' lang='lat' dir='ltr'><strong>coram</strong></span> <span class='ocrx_word' id='word_1_301' title='bbox 1264 5057 1364 5131; x_wconf 89' lang='lat' dir='ltr'><strong>Patra</strong></span> <span class='ocrx_word' id='word_1_302' title='bbox 1387 5067 1515 5135; x_wconf 88' lang='lat' dir='ltr'><strong>nostro.</strong></span> 
     </span>
    </p>
   </div>
   <div class='ocr_carea' id='block_1_3' title="bbox 0 0 2409 6020">
    <p class='ocr_par' dir='ltr' id='par_1_14' title="bbox 0 0 2409 6020">
     <span class='ocr_line' id='line_1_40' title="bbox 0 0 2409 6020; baseline 0 0"><span class='ocrx_word' id='word_1_303' title='bbox 0 0 2409 6020; x_wconf 95' lang='lat' dir='ltr'><strong> </strong></span> 
     </span>
    </p>
   </div>
  </div>
 </body>
</html>
