4728 6028
737 547 1002 630 suncti
1053 546 1327 624 trucul·
1436 555 1437 564 ’
1638 539 1707 618 1'31

351 761 436 835 quae
462 732 707 836 commisimus!
732 749 768 810 ut
798 740 833 808 in
859 734 1031 826 omnihus,
1063 733 1280 827 glorificetur,
1313 743 1353 805 et·
1378 733 1564 806 celebretur
1590 753 1712 806 nomen

349 853 691 928 luum‘honorandum
718 864 752 926 et
777 852 996 942 benedictum,
1024 851 1184 946 simulque
1199 849 1330 922 Domini
1357 853 1462 922 nostri
1483 850 1564 922 lesu
1591 847 1713 922 Christi

350 981 384 1043 et
409 971 550 1067 Spiritus
579 974 694 1058 sancti,
721 994 819 1060 nunc,
847 980 909 1040 etc.

342 1173 349 1179 Ι
453 1087 614 1180 Populus.
660 1087 769 1158 Sicut.

451 1203 635 1274 Sacerdos.
687 1193 938 1276 Misericordiae
964 1199 1028 1272 Dei
1055 1203 1130 1272 sint.

451 1317 626 1390 Sacerdos
649 1321 783 1412 [raupa
809 1323 843 1389 ct
868 1320 999 1409 ripaei:
1025 1316 1205 1388 Diaconar
1231 1317 1316 1386 dicit
1342 1314 1560 1386 Catholicam.

589 1627 764 1699 Sacerdos
789 1627 874 1698 dicit
901 1626 1098 1697 &ationem
1124 1631 1204 1696 aare
1230 1625 1329 1697 Pater
1354 1595 1478 1696 nosterss

436 1834 545 1906 Deus
573 1843 606 1904 et
630 1843 726 1930 pater
751 1833 884 1906 Domini
910 1836 1013 1905 nostri
1040 1833 1122 1904 lesu
1149 1832 1287 1924 Christi,
1314 1834 1368 1926 qui
1396 1854 1416 1902 a
1443 1829 1620 1904 Cherubim
1645 1831 1713 1902 he-

351 1951 528 2038 redicens,
556 1960 589 2021 et
616 1973 634 2021 a
662 1949 836 2044 Seraphim
863 1917 1095 2036 sanctificaris,
1130 1955 1251 2046 quique
1283 1973 1303 2021 a
1333 1948 1452 2022 millies
1486 1908 1645 2037 millenis,
1681 1957 1715 2019 ct

353 2067 463 2138 decies
490 2066 608 2138 millies
635 2065 747 2138 decies
773 2065 926 2156 millenis⁷
954 2071 1160 2141 exercituum
1191 2064 1406 2164 spiritualium
1431 2063 1626 2154 extolleris,
1660 2066 1716 2158 qui

353 2179 550 2270 oblationes,
577 2193 611 2254 et
635 2181 761 2255 lrnctus
789 2187 843 2278 qui
869 2187 903 2256 in
929 2183 1066 2256 odorem
1094 2206 1233 2265 suavem
1259 2182 1318 2255 tihi
1344 2180 1445 2255 oblati
1472 2190 1558 2269 sunt,
1586 2184 1716 2252 saucti-

351 2297 431 2370 licas
459 2309 493 2370 et
517 2298 668 2393 perficis:
697 2299 866 2372 sanctifica
893 2302 990 2372 etiam
1018 2303 1155 2390 animas,
1182 2322 1325 2396 corpora
1351 2309 1385 2370 et
1410 2299 1543 2394 spiritus
1570 2306 1717 2384 nostros,

312 2442 316 2451 ¹
352 2424 388 2484 ut
413 2413 516 2486 corde
542 2436 626 2511 puro
654 2424 688 2486 et
713 2413 800 2486 facie
826 2437 893 2486 non
920 2415 1076 2505 conlirsa,
1109 2421 1302 2491 invocemus
1335 2425 1387 2503 te,
1422 2423 1515 2510 paler
1547 2412 1717 2502 coelestis

356 2551 555 2626 oremusque
581 2542 615 2604 et
642 2531 797 2603 dicamus.
849 2532 950 2604 Pater
975 2543 1090 2606 noster
1117 2537 1172 2630 qui
1199 2555 1236 2606 es
1262 2532 1436 2605 incaelis.

460 2647 622 2742 Populos.
676 2645 916 2738 Sanctificetur,
943 2659 1005 2721 etc.

460 2763 643 2836 Sacerdos.
696 2765 850 2854 Domine,
876 2786 919 2836 nc
945 2765 1082 2840 inducas
1109 2789 1169 2840 nos
1196 2771 1230 2839 in
1255 2766 1481 2852 tentationem,
1509 2770 1571 2834 etc.
1599 2771 1633 2833 et
1657 2783 1720 2834 rc-

357 2877 503 2953 ieremus
529 2879 586 2953 tihi
612 2878 755 2972 gloriam
781 2890 814 2952 el
839 2885 1020 2972 gratiamur
1046 2887 1210 2956 actionem
1237 2894 1271 2956 et
1296 2883 1475 2975 unigenito.

461 2996 623 3090 Populos.
675 2997 792 3068 Amen.

464 3112 647 3185 Sacerdos.
700 3112 784 3184 Pax.

461 3228 623 3322 Populus.
675 3225 818 3299 Etcum
845 3232 961 3325 spiritu
986 3215 1067 3302 tuo.¹

462 3343 649 3416 moeonas.
701 3343 860 3418 Inclinato
886 3350 994 3442 capita
1020 3355 1134 3418 vestra
1160 3329 1333 3419 Domino(

461 3459 622 3554 Populus.
678 3459 800 3534 Coram
828 3471 870 3534 te.

462 3576 646 3649 Sacerdos.
699 3577 943 3650 Inclinaverunt
982 3578 1040 3650 tihi
1078 3581 1187 3674 capita
1229 3599 1287 3650 sua
1330 3578 1421 3648 servi
1463 3579 1508 3648 tui
1546 3599 1722 3673 pauperes

363 3695 437 3786 qnia
459 3691 583 3766 ⁴diuites
611 3703 687 3766 sunt
712 3693 963 3767 misericordiae
990 3705 1082 3767 tuac:
1117 3699 1208 3767 mitte
1234 3696 1375 3767 Domine
1401 3693 1663 3782 henedictiones,
1690 3705 1725 3766 ct
1853 3749 1858 3768 .

363 3808 529 3882 sanctifica
556 3813 701 3898 animas,
733 3832 876 3906 corpora
908 3821 942 3883 et
974 3815 1108 3907 spiritus
1144 3815 1287 3883 omnium
1313 3820 1481 3902 nostrum,
1516 3818 1549 3882 el
1581 3809 1636 3883 lac
1661 3831 1723 3884 nos

364 3922 482 4017 dignos
509 3927 770 3998 communicandi
796 3931 964 4024 mysteriis
990 3927 1233 4001 vivificantibus
1252 3925 1372 3999 Christi
1392 3926 1577 4000 Salvatoris
1603 3929 1724 4003 nostri:

363 4041 610 4136 referemusque
636 4041 694 4116 tihi
720 4043 860 4135 gloriam
888 4053 921 4116 et
945 4043 1076 4117 laudem
1102 4055 1136 4116 et
1162 4047 1339 4138 unigenito.

464 4157 625 4251 Populus.
678 4159 798 4232 Amen.

465 4273 647 4346 Sacerdos.
699 4275 783 4348 Pax.

465 4388 628 4482 Populos.
681 4389 725 4463 Et
752 4409 826 4464 cum
852 4393 966 4488 spiritu
993 4404 1059 4465 tuo.

467 4504 649 4579 Sacerdos.
701 4506 783 4581 Sint.
1234 4600 1237 4608 Δ

470 4621 657 4694 Diaconas.
712 4624 795 4697 Cum
823 4627 949 4698 timore.
1002 4625 1107 4722 llyrie
1135 4627 1271 4702 eleison.

467 4739 628 4833 Populus.
681 4739 774 4814 Unus
800 4751 904 4838 pater.

402 4877 488 4921 'lomus
500 4877 524 4920 ll.
