4814 6060
711 677 823 763 482Ι
1214 685 1572 763 LITURGlh

814 873 989 947 Sacerdos
1015 873 1153 944 elaeone
1178 894 1303 943 nocem.
1358 871 1482 968 Opilex
1508 883 1542 944 et
1568 880 1703 944 creator
1729 873 1872 944 omnium
1897 882 2078 944 creatura-

712 1014 795 1079 rum,
822 992 914 1064 oeus
941 991 1059 1076 Pater,
1093 987 1148 1058 fac
1180 997 1215 1058 ut
1247 1009 1391 1082 corpora
1425 997 1458 1058 et
1485 988 1618 1082 spiritus
1653 1007 1827 1059 servorum
1859 998 1989 1060 tuorum
2025 991 2079 1083 qui

712 1130 786 1179 cum
814 1129 876 1202 spe
902 1115 957 1177 tua
985 1103 1222 1192 decubuerunt,
1250 1103 1292 1174 ad
1326 1103 1414 1177 bona
1441 1102 1497 1175 ille
1524 1103 1684 1176 coelestia
1720 1109 1938 1199 perveniant,
1972 1114 2007 1176 et
2037 1105 2079 1176 ad

711 1221 900 1319 voluptates
934 1221 1008 1292 illas
1040 1241 1126 1314 quae
1161 1217 1259 1292 linem
1290 1241 1357 1290 non
1395 1216 1532 1290 hebent:
1565 1219 1607 1290 ed
1643 1218 1764 1310 gaudia
1796 1217 1851 1291 illa
1887 1242 1972 1314 quae
2006 1233 2081 1294 sunt

713 1341 785 1410 sine
819 1340 977 1424 termino,
1013 1335 1056 1408 ud
1089 1337 1280 1407 convivium
1315 1335 1516 1407 indesinens.
1580 1333 1701 1406 Scribe
1733 1339 1867 1406 nomina
1900 1355 2016 1406 eorum
2046 1338 2081 1406 in

713 1452 915 1527 librovitee
942 1461 1017 1541 tu03
1051 1449 1288 1524 luetilica'eos
1321 1462 1458 1546 aspectu
1493 1450 1603 1523 vultus
1640 1454 1706 1537 tui,
1739 1455 1904 1524 constitue
1938 1451 2013 1522 illos
2045 1455 2081 1522 in

712 1573 854 1662 regione
877 1573 1053 1662 justorum,
1081 1590 1224 1639 accense
1251 1567 1325 1639 illos
1353 1565 1539 1658 agminibus
1565 1570 1715 1662 piorum;
1750 1565 1804 1638 lae
1830 1566 1906 1638 illos
1932 1567 2080 1658 gaudere

713 1685 809 1758 bonis
836 1685 1048 1764 Sanctomm:
1083 1683 1139 1755 fac
1165 1682 1240 1755 illos
1267 1681 1475 1755 discumbere
1503 1683 1545 1755 ad
1573 1705 1722 1754 mensum
1749 1693 1836 1754 tuam
1864 1681 2080 1778 spiritualem:

714 1801 840 1872 dimitte
865 1810 1005 1898 peccata
1033 1822 1148 1873 eorum
1174 1822 1236 1893 per
1257 1798 1518 1871 misericordiam
1545 1810 1650 1871 tuam:
1678 1798 1865 1894 dele'quae
1891 1802 2082 1894 insipienter

591 1961 608 1974 =
714 1918 755 1991 ab
783 1916 848 1989 illis
874 1921 1051 1990 commissa
1078 1925 1165 2004 sunt,
1192 1938 1254 2010 per
1286 1917 1493 1987 clementiam
1530 1924 1632 1987 mam:
1668 1915 1764 1987 salva
1797 1911 1876 1987 illos'
1906 1940 1926 1987 a
1954 1917 2082 1988 tristitia

714 2031 1066 2128 stampensibus
1094 2053 1155 2104 eos
1183 2030 1223 2102 ab
1253 2031 1375 2104 ardore
1407 2031 1598 2122 gehennae:
1637 2031 1694 2102 lec
1727 2052 1789 2104 eos
1824 2035 1963 2102 transire
1995 2029 2081 2103 ultra

715 2153 870 2221 transitus
892 2149 967 2221 illos
994 2147 1159 2219 terribiles
1184 2147 1252 2220 loci
1278 2150 1420 2220 thuoris:
1454 2147 1586 2219 colloca
1612 2147 1687 2220 illos
1714 2149 1746 2217 in
1775 2145 1996 2218 tabernuculis
2020 2147 2081 2229 lu-
2179 2173 2195 2188 ·

715 2265 815 2338 eidis:
842 2263 897 2335 lac
923 2261 999 2336 illos
1026 2267 1200 2359 quiescere
1234 2265 1267 2334 in
1302 2267 1375 2335 sinu
1402 2261 1576 2352 Abrahae,
1610 2264 1737 2350 lsaaoi,
1773 2260 1913 2349 Jacobi,
1947 2262 2081 2335 Petrum

715 2391 927 2467 nostrorum„
943 2383 976 2450 in
1003 2369 1196 2450 habitaculis
1224 2381 1288 2450 tuis
1322 2377 1543 2466 coelestibus,
1575 2381 1608 2450 in
1634 2378 1791 2474 paradiso
1820 2377 2022 2467 deliciamm,
2048 2381 2082 2449 in

714 2496 798 2570 locis
826 2497 953 2590 quietis.
1006 2494 1058 2566 Ne
1084 2499 1189 2567 intres
1216 2517 1290 2568 eum
1324 2493 1387 2566 illis
1414 2497 1447 2564 in
1470 2493 1648 2585 judicium,
1683 2497 1757 2590 quia
1789 2515 1857 2566 non
1887 2491 2084 2585 justificetur

708 2615 749 2694 ⁵in
776 2618 958 2703 conspectu
984 2619 1040 2680 tuo
1068 2613 1174 2681 omnis
1201 2613 1334 2697 vivens,
1361 2609 1421 2682 sed
1434 2632 1538 2704 parce
1552 2610 1615 2682 illis
1639 2609 1799 2682 omnibus.
1835 2609 1942 2683 Nobis
1970 2612 2081 2698 etiem,

718 2729 773 2821 qui
799 2729 832 2795 in
849 2724 912 2795 hac
938 2726 1007 2796 vite
1027 2728 1304 2820 peregrinationis
1333 2725 1527 2820 temporalis
1555 2729 1731 2814 servimus,
1758 2728 1919 2822 propitius
1946 2736 2019 2798 esto
2046 2736 2082 2797 et
2128 2713 2133 2724 ’

716 2845 877 2914 miserere
903 2844 1019 2926 nostri,
1047 2844 1123 2935 quie
1150 2840 1301 2935 quotidie
1322 2863 1383 2936 per
1414 2863 1527 2914 mores
1554 2853 1689 2914 nostros
1716 2842 1791 2914 odio
1820 2842 1953 2939 dignos,
1980 2853 2013 2914 te
2039 2840 2084 2912 ad

717 2957 917 3030 iracundiam
950 2978 1193 3054 provocemus:
1230 2956 1271 3027 da
1299 2956 1395 3030 nobis
1422 2958 1522 3049 igitur
1548 2957 1667 3030 abhinc
1702 2961 1931 3030 remissionem
1968 2959 2111 3029 eorum

718 3096 803 3169 quae
829 3077 1021 3170 insipienter
1048 3076 1282 3161 commisimus,
1310 3075 1385 3168 quia
1412 3094 1510 3146 nemo
1533 3076 1748 3145 estimmunis
1767 3097 1787 3144 a
1804 3084 1956 3171 peccato,
1985 3077 2087 3146 etiam

718 3193 747 3263 si
772 3212 837 3266 una
863 3190 946 3262 hore
973 3185 1097 3263 tantum
1123 3193 1156 3260 in
1183 3199 1272 3260 terra
1298 3186 1509 3278 habitaverit,
1536 3192 1599 3260 nisi
1626 3188 1717 3261 solus
1743 3188 1904 3264 Dominus
1931 3189 2023 3262 Deus
2051 3200 2087 3260 et

717 3306 876 3379 Salvator
901 3317 1016 3380 noster
1050 3307 1150 3378 lesus
1184 3304 1334 3378 Christus
1368 3309 1556 3396 unigenitus
1589 3305 1693 3378 Filius
1727 3317 1822 3394 tuus,
1858 3329 1956 3400 quem
1986 3301 2001 3341 ⁶
2028 3306 2086 3378 tibi

719 3422 899 3512 offerimus,
927 3422 1160 3520 deprecantem
1186 3432 1220 3492 te
1246 3441 1307 3516 pro
1328 3421 1441 3529 nobis:
1468 3424 1575 3518 ipsum
1602 3443 1663 3517 per
1691 3444 1788 3516 quem
1816 3413 1988 3517 speramus
2015 3427 2085 3494 mi-

718 3538 934 3610 sericordiam
968 3541 1143 3633 consequi,
1180 3547 1213 3608 et
1243 3539 1474 3609 remissionem
1508 3548 1738 3636 peccatorum,
1759 3547 1824 3610 tam
1857 3538 1953 3610 nobis
1987 3559 2087 3633 quam

717 3658 812 3750 ipsis,
839 3666 977 3750 propter
1005 3677 1090 3727 eum.

825 3771 984 3863 Populus.
1039 3771 1190 3857 Quietem
1217 3779 1362 3865 praesta.

823 3885 998 3958 Sacerdos
1024 3887 1215 3958 inclinatus.
1268 3884 1412 3956 Domine
1440 3887 1493 3979 qui
1521 3883 1714 3958 abscondita
1742 3890 1869 3994 omnia,
1907 3897 1940 3958 et
1975 3890 2087 3958 mani·-
2192 3906 2203 3916 ·

720 4003 806 4076 leste
842 4003 1039 4094 cognoscis,
1066 4003 1190 4075 dimitte
1225 4011 1364 4096 peccata
1400 4011 1433 4072 et
1463 4003 1658 4096 insipienter
1691 4006 1887 4093 commissa,
1922 4003 2019 4076 nobis
2053 4012 2087 4074 et

719 4119 796 4209 illis,
822 4119 1008 4190 voluntarie
1036 4129 1069 4189 et
1093 4117 1326 4204 involuntarie,
1354 4121 1497 4189 scienter
1516 4129 1550 4189 et
1566 4121 1771 4210 ignoranter,
1799 4120 1906 4194 verbo
1922 4131 1956 4192 et
1969 4141 2086 4214 opere,

722 4233 852 4308 occulta
879 4244 912 4305 et
937 4235 1123 4321 manifesta,
1150 4245 1228 4305 nota
1256 4243 1290 4304 et
1315 4236 1440 4324 ignota.
1496 4233 1627 4332 Noslin
1656 4238 1725 4308 vita
1757 4259 1924 4310 conserve
1960 4235 2088 4330 absque

720 4360 876 4447 peccato:
910 4351 1015 4444 dirige
1042 4373 1180 4442 gressus
1212 4359 1346 4422 nostros
1381 4353 1416 4421 in
1447 4354 1572 4423 semitis
1608 4351 1836 4424 mandatorum
1870 4365 2020 4439 tuorum,
2054 4363 2089 4422 et

721 4467 777 4540 lac
803 4487 865 4538 nos
893 4466 1011 4559 dignos
1038 4467 1103 4539 [ine
1128 4466 1232 4555 bono,
1260 4477 1294 4537 et
1319 4469 1411 4538 exitu
1437 4465 1612 4560 tranquillo
1639 4490 1685 4538 ex
1710 4468 1775 4540 hoc
1802 4470 1931 4542 mundo.

729 4575 734 4580 ’
825 4581 999 4654 Sacerdos
1030 4583 1166 4655 elevans
1197 4605 1322 4654 vocem.
1363 4581 1487 4655 Libera
1513 4604 1576 4654 nos
1603 4580 1744 4656 Domine
1771 4587 1863 4658 Deus
1900 4597 2085 4680 acaptura

722 4708 922 4796 potestatum
950 4698 1177 4788 adversarum,
1205 4712 1238 4773 et
1264 4698 1305 4771 ab
1334 4698 1535 4772 exercitibus
1560 4699 1754 4772 daemonum
1784 4704 1837 4796 qni
1864 4705 1897 4773 in
1924 4711 2003 4774 aere
2030 4703 2089 4772 di-

724 4817 832 4912 spersi
864 4814 1078 4905 insidiantur,
1120 4815 1162 4886 ed
1203 4816 1374 4887 venandae
1410 4817 1535 4888 animas
1570 4825 1721 4888 nostros:
1759 4821 1904 4890 maxime
1941 4804 2025 4889 vero
2069 4841 2091 4888 u

723 4930 834 5004 vultus
861 4928 1056 5002 confusione
1083 4930 1206 5015 acerba
1234 4953 1347 5004 cerem
1374 4931 1459 5004 solio
1486 4932 1661 5004 metuendo
1689 4933 1783 5005 salva
1800 4957 1875 5024 nos,
1903 4943 1936 5006 et
1961 4937 1993 5004 in
2020 4933 2090 5005 ha-

724 5043 876 5118 bitaculis
903 5043 1103 5118 coelestibus
1131 5050 1304 5141 quiescere
1330 5070 1392 5121 nos
1416 5047 1518 5142 jube,
1552 5059 1649 5143 atque
1686 5053 1719 5120 in
1747 5050 1845 5123 domo
1877 5051 1989 5142 gaudii
2024 5071 2091 5122 nos

724 5160 862 5248 colloca,
890 5170 923 5233 et
949 5164 982 5232 in
1008 5160 1116 5253 gloria
1136 5163 1528 5259 triumphaliSanctorum
1550 5174 1679 5239 tuorum
1694 5188 1831 5240 numera
1857 5188 1929 5241 nos.
1957 5166 2093 5252 Quern-
