4784 6040
349 1013 353 1016 ·
429 991 495 1084 IN
535 989 917 1084 LITURGIAM
958 986 1276 1082 prodisti
1316 989 1694 1084 BllllSllbIBI

976 1213 1153 1297 lllthll.

839 1494 873 1565 1.
914 1493 1076 1588 Dionysii
1101 1493 1291 1568 Borsolibi.

479 1682 711 1763 Cauraaaaruus
740 1696 794 1760 luit
823 1699 902 1760 inter
928 1698 1022 1779 Syros
1043 1697 1196 1760 lacobitas
1220 1695 1410 1780 Theologus:
1440 1695 1608 1760 vocabatur
1630 1715 1752 1780 quoque

377 1799 530 1878 Jacobus,
553 1807 586 1862 ut
609 1798 763 1863 didicimus
786 1819 827 1863 ex
850 1801 963 1882 aliquot
986 1798 1149 1864 Codicibus
1172 1799 1385 1883 manuscriptis
1415 1800 1482 1882 ejus
1503 1818 1641 1882 operum.
1664 1789 1755 1865 ¹Fuit

378 1896 722 1979 MetropolitaAmldac,
737 1898 853 1984 veteris
866 1905 898 1962 et
921 1897 1056 1962 famosae
1077 1900 1173 1976 urbis,
1196 1898 1235 1962 de
1257 1916 1315 1980 qua
1332 1897 1441 1962 Graeci
1464 1902 1495 1961 et
1507 1898 1605 1962 Latini
1619 1908 1755 1979 veteres,

379 1997 456 2060 sitae
479 1996 517 2060 ad
540 1997 668 2081 Tigrim,
698 2015 777 2078 quae
799 1998 1021 2080 posterioribus
1043 1998 1172 2061 saeculis
1196 1997 1344 2078 Caramit,
1373 1997 1440 2060 slve
1467 1998 1667 2062 tlara-nmio
1696 1999 1756 2062 hoc

380 2103 427 2158 est
448 2097 543 2179 Nigra
566 2115 584 2160 a
607 2097 714 2161 Turcis
737 2095 817 2160 dicta
839 2104 896 2163 est.
941 2095 987 2159 lle
1016 2115 1053 2158 ea
1080 2096 1246 2178 Abulleda,
1281 2104 1312 2161 et
1342 2096 1392 2159 alii
1419 2095 1540 2160 Arabes
1571 2097 1755 2180 Geographi,

379 2196 431 2277 qui
453 2215 519 2258 eam
541 2196 725 2278 histropolin
747 2213 818 2260 esse
840 2195 943 2258 dieunt
964 2195 1143 2258 Provinciae
1165 2196 1262 2274 illius,
1290 2215 1369 2276 quae
1392 2194 1553 2259 Diarbehir
1575 2195 1755 2279 appellatur,
1874 2209 1876 2214 ’

379 2295 692 2375 partemque'vetcris
716 2293 952 2375 Mesopotamiae
976 2293 1119 2356 continet.
1155 2292 1201 2356 De
1224 2312 1261 2357 ea
1283 2295 1360 2357 urbe
1383 2294 1476 2357 multa
1499 2293 1618 2358 erudite
1634 2295 1756 2377 scripsit

380 2392 513 2456 Jacobus
537 2392 642 2456 (lolius
664 2392 696 2455 in
718 2394 797 2456 notis
821 2392 857 2454 ad
870 2391 1077 2476 Allraganum.
1112 2391 1222 2474 lllagua
1233 2393 1398 2474 Dionysius
1415 2393 1495 2456 inter
1506 2409 1580 2456 suos
1598 2391 1756 2457 doctrinae

380 2500 411 2554 et
433 2493 552 2573 pietatis
575 2490 653 2554 lama
675 2491 918 2568 commendatur,
947 2493 1059 2572 vixque
1088 2490 1168 2553 ullus
1191 2499 1238 2554 est
1258 2492 1339 2554 inter
1360 2493 1547 2572 posteriores
1571 2491 1757 2577 Theologos,

380 2590 467 2673 cujus
496 2592 667 2654 testimonia
696 2589 893 2672 frequentius
918 2596 1090 2654 occurrant.
1134 2589 1208 2652 Erat
1238 2607 1312 2654 sane
1341 2588 1392 2652 illa
1422 2590 1550 2673 dignus,
1581 2609 1643 2654 non
1665 2591 1757 2654 modo

382 2673 462 2772 quod
485 2690 578 2752 multa
600 2689 769 2770 scripserit,
793 2690 1012 2753 verumetiam
1035 2687 1116 2770 quod
1139 2689 1204 2770 ejus
1227 2691 1341 2770 scripta
1363 2707 1426 2752 uon
1447 2688 1632 2754 mediocrem
1654 2707 1758 2753 rerum

381 2807 535 2853 sacramm
557 2790 696 2870 peritiam
719 2788 937 2868 demonstrent,
960 2797 1023 2850 tum
1046 2781 1133 2870 quod
1149 2790 1179 2850 in
1201 2787 1331 2852 lectione
1354 2795 1527 2851 sanctorum
1543 2789 1664 2852 Petrum
1681 2807 1758 2852 ver-

380 2888 562 2952 satissimum
586 2907 656 2952 cum
678 2887 783 2965 luisse,
808 2895 839 2950 et
862 2887 1040 2967 disciplinae
1056 2886 1290 2950 Ecclesiasticus
1312 2888 1427 2950 veteris
1449 2888 1579 2967 peritum
1601 2906 1757 2970 agnosca·

380 2994 441 3050 tur.
476 2986 603 3070 Scripsit
626 2995 725 3050 autem
748 2987 899 3068 prolixum
915 2984 1168 3049 Commentarlum
1191 2986 1221 3047 ln
1244 2991 1374 3067 quatuor
1385 2985 1563 3069 Evangelia,
1587 2987 1674 3069 qu'us
1697 2986 1756 3049 duo

382 3087 567 3168 exemplaria
597 3093 700 3149 extant
729 3087 759 3148 in
786 3084 971 3148 Bibliotheca
1002 3083 1186 3148 colbertino.
1231 3083 1265 3146 ln
1293 3083 1370 3146 allos
1399 3101 1521 3164 quoque
1543 3083 1622 3149 Novi
1646 3085 1759 3148 Testa-

273 3203 274 3208 *
380 3187 473 3248 menti
502 3185 597 3248 libros
627 3191 857 3248 commentatum
886 3182 958 3246 illud
993 3183 1104 3260 luisse,
1141 3181 1272 3262 probant
1299 3183 1468 3246 testimonia
1497 3183 1584 3265 hujus
1615 3185 1758 3264 operisa

381 3285 532 3349 Pococlrlo
555 3285 658 3364 citata,
689 3285 718 3347 ln
748 3285 827 3347 notis
858 3283 895 3346 ad
917 3282 1071 3365 Epistolas
1095 3281 1267 3346 catholicas
1290 3281 1416 3363 Syrisce
1438 3299 1456 3342 a
1479 3299 1513 3344 se
1536 3281 1642 3360 editas,
1667 3291 1698 3344 et
1720 3283 1757 3345 ab

382 3384 448 3447 aliis
470 3383 641 3447 autoribus:
664 3385 719 3447 sed
742 3383 792 3446 illa
815 3400 909 3466 opera
929 3399 992 3445 non
1014 3380 1152 3446 vidimus.
1187 3380 1441 3446 commentorium
1462 3381 1493 3443 in
1506 3378 1671 3463 liturgiam
1695 3381 1758 3462 Sy-

381 3484 493 3545 riacam
515 3484 611 3546 sancti
632 3483 755 3562 lacobi,
784 3500 844 3563 quo
868 3481 1044 3562 frequenter
1065 3481 1112 3544 usi
1135 3497 1254 3559 sumus,
1282 3497 1432 3560 quermue
1454 3478 1573 3562 lgnatio
1597 3478 1759 3561 bletropo·

381 3583 452 3645 litae
475 3581 749 3663 hierosolymitano
773 3581 893 3645 direxit.
938 3581 1110 3643 Tractatum
1138 3579 1176 3642 de
1200 3578 1401 3662 suscipiendis
1423 3577 1666 3660 poenitentibus,
1689 3596 1758 3641 cum

383 3680 564 3745 collectione
587 3680 742 3744 Canonum
765 3679 1024 3743 Poenitentialium
1055 3679 1092 3742 ab
1115 3680 1275 3762 Episcopis
1297 3677 1553 3759 Mesopotamenis
1575 3678 1758 3741 constituto-

382 3797 447 3842 rum
471 3799 511 3843 cx
533 3780 683 3842 communi
705 3780 842 3858 consilio,
865 3780 895 3841 in
918 3777 1026 3858 quibus
1048 3795 1143 3856 noro,
1166 3778 1346 3859 praesertim
1369 3778 1451 3840 circa
1473 3776 1758 3840 Ecclesiasticorum

382 3879 599 3960 poenitentiam
631 3878 788 3961 disciplina
820 3877 1045 3959 praescribitur.
1091 3876 1252 3940 Orationes
1287 3877 1387 3940 varias
1424 3878 1512 3940 etiam
1546 3875 1671 3957 collegit
1707 3885 1759 3938 aut

383 3979 553 4060 composuit
581 3995 675 4059 super
702 3978 893 4058 poenitentes
915 3974 1095 4039 recitandas.
1141 3976 1311 4039 Tractatum
1333 3973 1373 4038 de
1394 3975 1488 4038 variis
1511 3974 1668 4037 Ecclesiae
1691 3974 1759 4036 riti-

384 4078 457 4157 buS,
488 4077 525 4140 lis
548 4069 745 4158 praesertim,
776 4077 827 4158 qul
849 4082 987 4156 spectant
1009 4075 1048 4137 ad
1070 4074 1278 4138 Eucharistiae
1300 4074 1544 4138 celebrationem.
1589 4071 1667 4136 citat
1688 4073 1758 4153 lpse

385 4175 557 4238 Tractatum
580 4175 729 4238 adversus
751 4173 917 4237 Armenes:
941 4173 1032 4236 alium
1053 4173 1181 4237 vidimus
1204 4172 1350 4236 adversus
1372 4173 1584 4237 Nestorianos.
1628 4173 1759 4234 Tracta-

383 4283 446 4337 tum
468 4273 506 4337 de
529 4274 617 4337 Faria
639 4276 675 4337 V.
699 4275 806 4356 maj0ri
833 4273 897 4335 sive
928 4271 966 4335 de
996 4273 1179 4335 institutione
1209 4271 1435 4360 Eucharistiae,
1466 4281 1497 4336 et
1525 4271 1583 4334 alla
1611 4288 1689 4352 quae
1719 4270 1757 4333 ad

384 4392 489 4437 ritanus
511 4381 632 4436 nostras
665 4391 725 4436 non
757 4378 973 4453 pervenerunt.
1018 4369 1052 4432 ln
1086 4371 1223 4434 omnibus
1254 4371 1337 4434 libris
1375 4371 1551 4454 lrcquenter
1583 4375 1758 4454 propugnat

384 4472 663 4553 blonophysitarum
686 4473 858 4554 opinionem
886 4469 1033 4533 adversus
1057 4469 1339 4551 Calchedoncnses,
1369 4472 1409 4533 ita
1433 4473 1512 4534 enim
1534 4470 1646 4551 ubique
1668 4476 1758 4532 vocat

384 4571 589 4635 Orthodoxos.
634 4571 821 4635 Existimavit
850 4569 979 4632 Faustus
1002 4567 1153 4632 Nairunus
1182 4570 1263 4634 illum
1286 4569 1451 4652 exprimis
1473 4569 1677 4633 Jacobitarum
1700 4566 1760 4628 do-

384 4670 531 4748 ctoribus,
555 4673 606 4752 qui
627 4671 718 4752 paulo
740 4677 812 4753 post
827 4667 1079 4734 Calchedonense
1096 4669 1261 4734 Concilium
1284 4670 1461 4750 scripserint
1487 4668 1598 4732 luisse:
1620 4666 1677 4732 sed
1699 4665 1761 4728 lal-

385 4769 466 4834 litur.
510 4769 586 4832 Nam
616 4769 647 4832 in
675 4769 827 4852 Epistola,
859 4767 1083 4831 Commentario
1113 4769 1143 4831 in
1172 4768 1339 4852 Liturgiam
1361 4769 1530 4850 praemissa
1552 4767 1590 4829 ad
1612 4765 1760 4848 lgnatlum

385 4866 690 4950 hierosolymitanum
716 4865 995 4948 Metropolitanum,
1023 4866 1129 4929 scribit
1155 4865 1236 4929 illum
1260 4886 1277 4929 a
1300 4887 1335 4931 se
1357 4867 1528 4950 postulasse
1550 4873 1583 4928 ut
1604 4869 1759 4943 interpre-

385 4968 528 5032 tationem
551 4966 706 5050 Liturgiae
728 4969 874 5043 mitteret,
898 4984 938 5027 ex
962 4964 1090 5045 antiquis
1114 4966 1287 5043 collectam,
1310 4975 1343 5030 ut
1364 4967 1492 5030 haberet
1513 4964 1585 5047 quid
1608 4964 1758 5038 llumaeis,

385 5066 452 5129 siva
480 5067 604 5130 Francis
633 5065 844 5148 responderet.
888 5063 984 5146 lgitur
1013 5063 1124 5128 Franci
1153 5065 1259 5129 urbem
1286 5073 1422 5129 sanctam
1452 5065 1550 5129 adhuc
1572 5062 1758 5128 obtinebant.

1463 5165 1550 5243 60*

1801 2425 1828 2476 p.
1846 2407 1908 2460 233.
1927 2405 1989 2459 239.
2008 2415 2053 2462 etc.
