4782 6068
713 557 793 664 olo
1257 556 1386 652 uon
1412 559 1487 634 aa

714 743 755 806 ita
778 742 935 808 distinctae
957 750 1038 822 sunt,
1060 741 1308 806 utDiaconorum
1325 742 1447 806 monitio
1470 740 1508 804 ad
1530 740 1664 822 singulas
1686 749 1840 823 sequatur,
1862 759 1941 823 quae
1963 743 2079 808 illarum

715 844 912 908 intentionem
935 842 1102 924 explicant3
1124 849 1175 904 ant
1196 841 1223 906 si
1245 841 1427 923 prolixiores
1450 848 1529 918 sunt,
1552 839 1657 902 eadem
1679 841 1805 904 intentio
1827 841 1865 904 ab
1888 843 2080 923 ipsoSacer-

715 941 786 1004 dote
808 941 981 1005 celebrante
1003 941 1178 1022 explicatur.
1212 941 1256 1004 lta
1278 942 1308 1003 in
1331 940 1456 1022 Coptica
1477 937 1587 1002 Easilii.
1614 939 2079 1006 MementoDomiueaauctorum

715 1042 768 1122 qui
783 1041 838 1102 tibi
848 1041 1078 1122 placueruutab
1094 1042 1192 1116 initio,
1214 1039 1476 1116 Patriae-clarum,
1497 1038 1728 1118 Prophetarum,
1748 1039 1970 1120 Apostolorum,
1992 1041 2082 1106 liar·

715 1145 812 1220 iprum
839 1149 894 1204 etc.
923 1159 1050 1222 quorum
1076 1138 1219 1219 precibus
1252 1147 1280 1201 at
1308 1138 1569 1202 obsecrationibus
1596 1139 1741 1200 neaera
1771 1143 1902 1202 omnium
1933 1147 2079 1206 nonaum.

655 1232 663 1242 '
715 1237 780 1300 Nec
811 1239 898 1302 aliter
927 1239 1062 1319 reliquae
1091 1254 1194 1302 omnes
1224 1236 1388 1322 Liturgiae.
1436 1237 1509 1300 Cum
1535 1238 1628 1318 igitur
1656 1254 1695 1298 ex
1717 1238 1805 1300 unica
1827 1239 1996 1320 primitivae
2017 1241 2082 1304 Ec-

718 1336 831 1400 clesiae
854 1338 1019 1418 exemplari
1041 1336 1121 1399 nulla
1142 1353 1204 1399 non
1226 1354 1374 1417 expressa
1395 1339 1452 1412 sit;
1471 1337 1969 1417 sanctorumquecommamoratio‚
1992 1355 2082 1419 quam

715 1436 916 1500 Nestorianac
930 1437 1083 1517 exhibent,
1100 1435 1165 1499 aliis
1179 1438 1394 1517 praemittatur,
1411 1454 1473 1499 non
1490 1435 1577 1498 aliter
1593 1435 1720 1519 intelligi
1735 1445 1844 1517 potest,
1868 1454 1956 1517 quam
1969 1437 2081 1517 ubique

716 1545 748 1599 et
770 1554 891 1617 semper
912 1535 1062 1598 intellecta
1085 1543 1144 1612 est3
1175 1535 1290 1601 seilicet
1318 1543 1351 1598 ιιι
1373 1535 1453 1618 quod
1475 1537 1504 1598 in
1529 1536 1623 1616 prima
1644 1535 1772 1618 legitur,
1802 1535 1884 1599 Deus
1907 1538 2081 1598 memoriam

715 1635 825 1698 babeat
846 1643 963 1715 patrum
986 1636 1103 1715 piorum
1126 1643 1157 1698 et
1175 1636 1341 1716 justorum,
1369 1635 1460 1716 idque
1483 1634 1595 1714 duplici
1617 1636 1749 1710 ratione;
1778 1653 1886 1715 nempe
1913 1642 1946 1696 ut
1975 1653 2082 1698 eorum

717 1734 859 1816 precibus
882 1743 913 1798 et
935 1736 1154 1797 intercessione
1177 1734 1308 1796 obtineat
1329 1733 1467 1797 Ecclesia
1494 1735 1574 1815 quod
1602 1735 1692 1814 petit:
1721 1743 1752 1796 et
1781 1733 1967 1816 significetur
1995 1734 2083 1797 simul

717 1835 893 1899 Sanctorum
916 1835 1097 1912 communio,
1121 1851 1248 1914 quorum
1269 1840 1301 1895 ut
1323 1835 1485 1897 viventium
1509 1851 1611 1896 caram
1631 1832 1697 1896 Deo
1721 1836 1963 1896 commemoratio
1985 1833 2028 1910 iit,
2051 1837 2082 1894 et

718 1950 794 2014 quos
816 1940 849 1996 ut
870 1931 1027 1995 Ecclesiae
1050 1950 1143 2013 super
1166 1941 1274 1994 terram
1296 1933 1446 1995 militantis
1469 1932 1617 2009 membra,
1645 1931 1782 1994 sacrificii
1804 1949 1864 2016 quc
1887 1932 2082 1996 redemtionis

717 2051 791 2100 suae
821 2038 851 2094 el
881 2038 1004 2094 nostrae
1034 2032 1177 2112 mysteria
1205 2032 1395 2094 continentur
1422 2032 1508 2112 quasi
1527 2038 1751 2112 ‚cooperatores
1774 2032 1910 2096 advocat.
1956 2023 2008 2091 lta'
2022 2046 2083 2090 non

718 2130 755 2192 ad
778 2146 832 2193 eos
846 2129 1007 2211 pertinebit
1028 2129 1129 2194 ultima
1152 2131 1295 2193 orationis
1318 2149 1399 2211 pars,
1422 2148 1500 2211 quac
1522 2131 1561 2194 ad
1583 2138 1765 2193 mortuorum
1788 2131 1959 2194 memoriam
1982 2127 2084 2192 reler-

716 2237 776 2308 tur,
800 2228 881 2310 qntod
896 2229 1140 2292 verisimillimum
1160 2237 1217 2308 est,
1240 2229 1358 2311 quando
1381 2229 1501 2311 quidem
1523 2247 1583 2293 uno
1606 2238 1712 2294 tenore
1735 2229 1811 2292 banc
1833 2231 1999 2293 orationem
2022 2245 2083 2290 non

716 2329 915 2410 pronuntiari,
938 2337 1055 2392 constat
1077 2349 1117 2392 ex
1139 2329 1288 2391 communi
1309 2328 1464 2410 disciplina
1487 2329 1610 2392 aliarum
1633 2330 1761 2392 omnium
1783 2327 2001 2402 Eccleiiarum3
2027 2325 2084 2388 sed

717 2427 847 2510 interjiei
869 2445 978 2509 preces
1002 2427 1110 2508 plebis,
1133 2430 1199 2494 sive
1222 2427 1358 2506 Diaconi,
1381 2428 1493 2492 similes
1509 2429 1567 2491 illis
1591 2447 1665 2510 quas
1683 2427 1803 2506 Graeci,
1826 2427 1954 2508 Coptici,
1977 2425 2084 2508 Syria·

718 2529 807 2607 cique
829 2526 951 2589 codices
973 2535 1220 2607 repraesentant,
1251 2535 1301 2589 aut
1330 2529 1483 2610 integras,
1513 2536 1564 2590 aut
1591 2529 1693 2609 primis
1718 2535 1830 2592 tantum
1853 2527 1977 2590 vocibus
1999 2525 2085 2587 desi-

718 2633 836 2710 gnatas.
880 2625 989 2688 Forma
1011 2625 1128 2687 illarum
1150 2643 1291 2706 precum,
1321 2627 1387 2689 sive
1409 2625 1664 2706 adhortationum,
1687 2627 1724 2690 ad
1748 2627 1913 2690 orationem
1937 2643 2003 2688 eum
2025 2625 2086 2688 Sa-

718 2724 844 2788 cerdote
867 2724 1104 2807 conjungendam
1127 2724 1178 2786 illa
1199 2725 1292 2810 uulgo
1323 2733 1383 2788 est:
1428 2723 1523 2788 Orate
1549 2713 1609 2806 pro
1636 2727 1793 2801 Ecclesia,
1820 2745 1879 2805 pro
1904 2744 2000 2805 paca,
2026 2744 2085 2805 pra

718 2823 914 2898 Paniarcba,
933 2841 993 2902 pro
1015 2824 1103 2900 vicia,
1123 2843 1182 2904 pro
1204 2825 1364 2903 defunctio,
1387 2833 1442 2888 etc.
1471 2824 1558 2886 Nulla
1580 2843 1672 2906 porro
1695 2827 1846 2906 reperitur
1868 2824 1906 2886 ad
1928 2824 2085 2903 orandum,

718 2941 776 3003 pro
798 2921 997 2999 Patriarcbis,
1020 2939 1076 3004 pro
1099 2921 1273 3005 Apostolis,
1296 2923 1478 3006 Martyribus
1501 2931 1532 2986 et
1554 2926 1668 2987 sanctis
1690 2925 1824 3006 reliquis.
1847 2924 2043 2988 Nestoriaaos
2066 2944 2086 2988 a

718 3030 838 3086 vetusta
861 3020 1018 3102 disciplina
1047 3021 1226 3102 deflexisse,
1257 3023 1332 3085 baec
1362 3023 1427 3086 sola
1457 3023 1612 3106 liturgiae
1641 3023 1786 3104 particula
1817 3040 1878 3086 non
1906 3021 2087 3087 sufficienter

719 3121 917 3199 demonstrat,
947 3138 1013 3182 cunr
1041 3139 1081 3182 ex
1110 3122 1293 3203 reliquarum
1314 3121 1518 3186 Ecclesiarum
1541 3123 1681 3203 exemplo
1705 3123 1872 3202 intellecta,
1903 3121 1974 3184 nibil
2004 3123 2086 3205 quod

719 3219 920 3298 commodam,
955 3237 1043 3302 quam
1073 3221 1238 3297 attulimus,
1269 3223 1546 3302 interpretationem
1574 3231 1713 3304 respuat,
1750 3224 1905 3286 continere
1938 3223 2085 3288 videatur.

718 3320 806 3383 Velle
829 3327 927 3381 autem
950 3327 982 3382 ιιι
1003 3318 1237 3400 Diamperenses
1260 3322 1522 3400 existimaverunt,
1549 3341 1567 3385 a
1591 3323 1715 3385 Graecis
1739 3323 1790 3403 qui
1812 3328 1933 3386 sanatos
1956 3323 2086 3385 nondum

717 3418 933 3482 beatitudinem
954 3417 1120 3500 perlectam
1143 3428 1323 3484 consecutos
1346 3419 1440 3484 luisse
1462 3420 1577 3500 dicunt,
1599 3421 1677 3484 bunc
1692 3439 1827 3484 errorem
1839 3421 1877 3485 ad
1890 3421 2087 3484 Nestorianos

718 3519 900 3597 manavissc,
919 3519 1050 3600 jactatur
1068 3518 1185 3582 facilius
1207 3539 1295 3601 quam
1316 3519 1480 3602 probatur:
1503 3523 1615 3602 quippe
1639 3520 1720 3584 nulla
1741 3521 1779 3583 ab
1801 3520 1945 3602 prcsini
1961 3517 2088 3582 Concilii

719 3625 857 3699 tempore
880 3618 935 3680 luit
956 3617 1203 3682 Nestorianorum
1226 3637 1294 3682 cum
1317 3619 1441 3683 Graecis
1465 3622 1649 3700 communio,
1677 3627 1727 3683 aut
1750 3622 1839 3682 etiam
1862 3620 1928 3683 talis
1951 3619 1982 3679 in
2005 3619 2086 3681 cirili

721 3716 901 3779 commercio
923 3717 1065 3796 societas,
1088 3724 1121 3779 ιιι
1143 3717 1230 3780 alteri
1253 3719 1290 3781 ab
1314 3719 1429 3799 alteris,
1453 3720 1611 3800 quidquam
1635 3719 1715 3801 quod
1739 3718 1776 3781 ad
1799 3737 1887 3782 sacra
1909 3719 2088 3798 pertineret,

719 3819 873 3902 potuerint
902 3819 1052 3899 accipere.
1098 3818 1224 3882 Sanctus
1254 3823 1410 3898 invocant,
1441 3830 1606 3900 eorumque
1633 3819 1727 3882 festos
1756 3818 1821 3881 dies
1844 3817 2000 3880 celebrant
2021 3817 2089 3878 Ne-

722 3918 857 3996 storium,
879 3925 912 3980 ut
933 3937 973 3980 cx
995 3917 1317 4000 illoramllorologiis,
1340 3919 1515 3993 Beli-Gaza,
1536 3917 1727 3981 Lectionaric
1750 3917 1884 3997 Persico,
1908 3925 1939 3980 et
1960 3916 2088 3978 historia

721 4017 913 4099 agnoscitur5
941 4017 1120 4099 illorumque
1148 4037 1183 4080 se
1211 4019 1354 4099 precibus
1383 4017 1599 4080 commendant.
1643 4017 1737 4101 Igitur
1758 4036 1815 4099 pra
1838 4017 1955 4079 illorum
1978 4016 2087 4090 salute,

723 4125 754 4180 et
776 4117 894 4196 quiete,
917 4116 997 4199 quod
1019 4132 1076 4197 pro
1099 4117 1165 4192 aliis
1188 4115 1315 4197 iaciunt,
1339 4135 1428 4180 orare
1450 4135 1510 4179 non
1532 4125 1669 4198 possunt.
1714 4117 1744 4180 si
1767 4126 1934 4197 temporum
1956 4115 2087 4178 decursu

723 4222 754 4276 et
783 4215 813 4276 in
843 4216 1020 4298 gravissima
1055 4215 1291 4280 Christianarum
1321 4217 1377 4280 sub
1412 4215 1580 4279 infidelibus
1617 4216 1743 4279 dominis
1779 4215 1970 4292 calamitate,
1999 4231 2088 4277 error

723 4315 893 4377 contrarius
923 4316 1073 4396 antiquam
1099 4315 1284 4395 disciplinam
1310 4315 1488 4394 infaecavit,
1516 4315 1719 4380 emendandus
1742 4325 1804 4394 est,
1832 4333 1891 4378 nec
1913 4314 1995 4376 valet
2016 4314 2089 4376 illo-

593 4419 601 4426 ·
722 4428 789 4471 rum
804 4415 1016 4494 testimoninm,
1037 4413 1088 4476 ubi
1111 4434 1129 4477 a
1152 4415 1299 4477 communi
1322 4417 1452 4478 omnium
1475 4415 1533 4478 fide
1556 4422 1587 4477 et
1608 4416 1714 4499 regula
1729 4417 1897 4479 recessisse
1913 4414 2089 4495 depreben-

724 4510 842 4573 duntur.
862 4574 865 4582 ,

896 4773 957 4846 12.
999 4773 1047 4845 ut
1071 4778 1188 4846 oeuiat
1211 4774 1358 4847 Domine
1382 4779 1500 4872 pratia
1525 4775 1676 4870 Spiritus
1701 4780 1824 4866 saucii,
1851 4783 1915 4847 etc.

633 4969 635 4975 ⁴
816 4965 926 5048 Haaar
954 4976 1031 5042 bacc
1060 4977 1261 5042 lnvocationis
1290 4977 1417 5042 lormula
1445 4978 1611 5061 perlectam
1640 4999 1707 5043 cum
1736 4999 1772 5043 ea
1801 4997 1878 5060 quaa
1900 4980 1930 5040 in
1952 4977 2091 5057 Graecis,

725 5079 870 5162 Syriacis,
892 5078 1087 5162 Copticisque
1107 5081 1251 5166 biturgiis
1272 5083 1488 5165 praescribitur
1510 5083 1747 5148 conformitatem
1769 5085 1835 5147 sive
1856 5082 1942 5146 locus
1963 5089 2092 5164 specte-
