4814 6060
709 534 786 610 556
913 533 1092 612 ulturum
1117 532 1254 610 BASILII
1280 531 1329 608 EX
1355 532 1538 610 mustum
1564 533 1740 610 tuemur
1766 534 1882 613 uisu.

708 721 929 816 delevistique
955 730 1095 818 peccata
1122 729 1249 808 nostra,
1278 743 1318 793 ac
1345 720 1500 812 dignatus
1528 741 1567 790 es
1593 740 1656 792 nos
1678 725 1866 816 sumptione
1893 731 2085 796 sanctorum

652 875 656 887 ·
706 835 923 932 vitaliumque
949 845 1233 912 sacramentorum
1261 847 1408 926 tuorum,
1441 839 1475 908 in
1502 857 1588 929 quae
1615 837 1714 907 ctiam
1741 835 1867 930 Angeli
1893 840 1959 933 ipsi
1986 836 2083 908 desi-

707 951 826 1024 derent
850 955 1056 1048 prospicere.
1111 949 1219 1025 Cedat
1245 955 1345 1044 igitur
1371 951 1470 1024 nobis
1497 954 1644 1047 ipsarum
1674 955 1824 1026 suavitas
1852 954 1885 1024 in
1906 951 2083 1047 piaculum,

705 1070 981 1164 participatioque
1007 1070 1041 1139 iu
1067 1071 1298 1144 remissionem
1324 1076 1550 1164 peccatorum,
1578 1089 1664 1162 quae
1691 1067 1831 1141 antebac
1850 1093 1871 1142 a
1891 1067 1988 1140 nobis
2015 1066 2084 1139 ad-

705 1187 808 1255 missa
836 1193 928 1270 suut,
965 1193 1064 1278 atquc
1095 1187 1127 1255 in
1162 1183 1358 1257 medicinam
1392 1205 1507 1255 eorum
1543 1185 1576 1254 iu
1612 1182 1731 1277 quibus
1759 1181 1864 1256 adbuc
1890 1205 2083 1257 versamur:

708 1297 851 1392 denique
878 1301 912 1369 in
939 1297 1096 1391 effugium
1123 1299 1392 1394 praesidiumque
1419 1299 1582 1372 adversus
1606 1322 1660 1389 ea,
1687 1298 1925 1395 quaeposthac
1945 1321 1965 1369 a
1984 1297 2083 1370 nobis

707 1416 866 1486 committi
897 1425 1053 1511 possent:
1091 1424 1125 1487 et
1156 1417 1190 1486 iu
1225 1414 1380 1506 gaudium
1417 1425 1517 1508 atque
1551 1414 1790 1504 exultationem
1817 1413 1903 1510 apud
1933 1423 2084 1502 sanctos,

707 1532 762 1624 qui
790 1529 867 1600 inde
895 1553 915 1600 a
943 1528 1080 1602 saeculo
1114 1529 1309 1626 placuerunt
1341 1530 1415 1602 tibi:
1448 1533 1523 1623 quia
1557 1539 1646 1602 tuum
1682 1539 1735 1604 est
1767 1550 1926 1622 reguum,
1958 1529 2084 1624 tibique

706 1643 846 1718 debetur
872 1646 946 1717 laus
973 1656 1006 1717 et
1031 1649 1202 1738 unigenito
1229 1646 1314 1718 Filio
1342 1655 1412 1737 tuo,
1438 1667 1503 1717 una
1531 1667 1605 1718 eum
1633 1648 1842 1720 sanctissimo
1862 1654 1918 1718 tuo
1945 1646 2083 1742 Spiritu,

706 1759 811 1850 bono,
840 1761 1024 1850 adorando,
1053 1771 1115 1834 ete.
1273 1761 1434 1856 Populus.
1488 1761 1609 1833 Amen.

811 1876 997 1950 Sacerdos.
1051 1879 1125 1950 Pax
1153 1875 1305 1952 omnibus
1332 1875 1443 1951 vobis.

810 1992 973 2087 Populus.
1026 1992 1071 2064 Et
1097 1995 1224 2089 spiritui
1251 2003 1318 2066 tuo.

809 2106 997 2179 Diaconos.
1056 2108 1139 2181 Post
1171 2111 1390 2203 sumptionem
1435 2115 1625 2180 sauctorum
1669 2116 1954 2178 sacramentorum
1995 2128 2083 2200 quae

706 2220 855 2296 exhibita
883 2233 969 2312 sunt,
997 2245 1112 2295 caram
1138 2222 1284 2297 Domino
1311 2221 1528 2295 misericorde
1555 2224 1663 2318 capita
1690 2231 1806 2294 nostra
1833 2220 2040 2293 inclinamus.

809 2338 971 2431 Populus.
1027 2338 1150 2410 Coram
1178 2351 1211 2413 tc
1238 2338 1382 2411 Domine
1407 2339 1501 2412 Deus
1529 2349 1654 2414 noster.

809 2453 995 2526 Sacerdos.
1058 2441 1135 2526 'dibi
1171 2452 1245 2527 Deo
1280 2456 1381 2551 capiti
1421 2457 1578 2552 vivorum
1619 2462 1654 2525 et
1686 2454 1832 2528 Domino
1864 2464 2082 2541 mortuorum,

708 2570 878 2644 offerimus
916 2567 1085 2666 supplices
1118 2591 1239 2665 preces
1273 2579 1423 2657 nostrus,
1460 2580 1494 2641 et
1527 2593 1641 2644 corum
1674 2578 1709 2641 te
1742 2568 1936 2644 inclinamus
1972 2571 2082 2664 capita

704 2694 830 2772 nostra,
858 2705 921 2758 uos
949 2687 1042 2758 servi
1070 2687 1115 2762 tui
1141 2693 1175 2757 et
1201 2707 1290 2778 grex
1316 2695 1391 2758 tuus
1418 2685 1607 2760 rationalis:
1635 2693 1810 2782 sperantes
1826 2707 1889 2759 nos
1915 2687 2084 2758 visitatum

703 2804 744 2874 iri
772 2825 792 2874 a
820 2811 874 2874 tua
902 2803 1029 2893 mutia,
1064 2803 1098 2871 iu
1132 2825 1196 2898 qua
1233 2804 1340 2874 omnis
1369 2801 1506 2876 subsidii
1534 2803 1633 2898 copia
1662 2812 1714 2873 est
1738 2802 1859 2896 posita.
1912 2799 2083 2892 Benignus

702 2920 804 3010 igitur
831 2928 903 2989 esto
932 2917 1093 3005 Domine,
1127 2926 1161 2987 et
1195 2915 1328 2990 demitte
1361 2940 1462 3014 super
1493 2938 1556 2990 uos
1592 2917 1713 2990 donum
1752 2916 1842 3012 quod
1868 2913 1931 2989 abs
1958 2922 1993 2987 te
2020 2923 2083 3002 est,

703 3031 1017 3128 misericordiasque
1045 3043 1118 3105 tuas
1146 3031 1282 3106 divites:
1317 3055 1357 3105 ae
1392 3033 1466 3104 elue
1499 3041 1756 3130 expurgatoque
1789 3053 1851 3104 nos
1888 3032 1977 3104 omni
2003 3053 2082 3102 ma-

703 3148 778 3220 cula
806 3146 1026 3241 sordibusque
1061 3153 1192 3244 peccati
1228 3151 1339 3222 camis
1373 3159 1407 3221 et
1439 3152 1588 3246 spiritus:
1624 3146 1734 3220 imbue
1760 3171 1824 3222 nos
1849 3145 2085 3219 benedictione

693 3263 918 3355 ‘benignitatis
953 3271 1049 3350 tuae,
1086 3262 1286 3338 confirmans
1320 3287 1384 3338 nos
1425 3276 1517 3337 certa
1552 3287 1613 3361 spe
1647 3269 1905 3361 promissionum
1932 3272 2082 3354 tuarum3

703 3393 804 3474 atque
831 3380 863 3446 in
891 3374 981 3448 cultu
1007 3376 1312 3475 observationeque
1343 3378 1455 3473 legum
1488 3391 1617 3454 tuamm
1649 3380 1856 3468 salutarium,
1893 3378 1986 3451 affice
2019 3399 2082 3450 nos

703 3495 864 3568 sollicitos
887 3491 926 3564 'et
953 3505 1167 3566 reverentes:
1194 3499 1339 3569 invictos
1366 3519 1452 3569 vero
1480 3507 1597 3569 contra
1625 3499 1742 3592 copias
1769 3497 1985 3568 adversarias
2015 3491 2081 3563 da-

703 3630 907 3703 mnosasque
934 3611 1151 3682 tentationes:
1180 3621 1279 3705 atque
1307 3634 1424 3686 omnes
1450 3615 1639 3714 iniquitates
1666 3615 1796 3710 peccati
1823 3609 1960 3684 anobis
1984 3631 2081 3680 surn-

704 3748 820 3814 move,
846 3731 882 3793 ut
909 3723 1100 3814 adoremus,
1128 3724 1343 3821 profiteamur
1379 3738 1412 3799 et
1438 3725 1608 3802 laudemus
1637 3739 1670 3800 te
1695 3728 1855 3816 Domine,
1882 3729 2080 3818 Patremque

702 3849 806 3928 tuum,
834 3849 867 3910 et
886 3837 1044 3935 Spiritum
1072 3850 1160 3912 tuum
1189 3846 1443 3925 sanctissimum.
1470 3842 1604 3934 bonum,
1633 3843 1850 3934 adorandum,
1876 3845 1981 3916 vitam
2006 3837 2100 3909 lar-'

703 3959 862 4046 gieutem,
890 3962 925 4026 et
950 3953 1010 4026 tibi
1035 3957 1069 4025 iu
1097 3957 1281 4032 substantia
1309 3960 1494 4054 aequalem,
1520 3983 1608 4033 nunc
1635 3969 1669 4032 et
1696 3983 1848 4056 semper,
1875 3968 1909 4030 et
1934 3961 1968 4028 iu
1995 3976 2078 4027 sae-

703 4069 863 4143 culorum.
949 4071 1112 4165 Populus.
1151 4076 1272 4148 Amen.
1376 4075 1565 4149 Diaconos.
1596 4077 1744 4150 Benedic
1772 4075 1949 4164 Domine„

809 4185 993 4260 Sacerdos.
1046 4189 1194 4295 Benedic
1221 4191 1373 4264 omnibus
1399 4190 1506 4266 uotis.
