4814 6060
705 546 781 622 534
1209 550 1568 630 LITURGIA
1683 545 1688 554 ’

703 748 791 830 sunt,
819 750 853 812 et
879 738 922 812 ad
948 738 1209 813 misericordiam
1236 735 1325 812 mam
1353 739 1566 814 essentialem
1598 749 1633 811 et
1657 740 1925 830 immaterialem,
1959 740 2002 813 ad
2028 751 2073 832 te,
2104 763 2109 777 ¹

704 859 761 950 qui
788 855 939 929 omnibus
967 856 1056 954 quod
1082 864 1158 929 sunt
1184 853 1311 946 tribuis,
1338 868 1573 950 pervenerunt.
1616 855 1748 928 Suscita
1775 857 1851 931 illos
1876 879 1939 951 per
1964 860 2073 930 mise-

702 971 883 1044 ricordiam
923 983 1029 1061 tuam,
1066 971 1198 1044 colloca
1233 994 1296 1045 eos
1329 975 1415 1044 inter
1456 993 1563 1066 agnos
1595 980 1691 1045 tuos:
1722 995 1862 1046 numera
1897 996 1958 1047 eos
1999 997 2073 1047 cum

702 1087 835 1160 Sanctis
862 1090 945 1160 tuis:
971 1110 1061 1161 voca
1090 1109 1151 1160 eos
1178 1110 1252 1160 cum
1279 1089 1426 1160 invitatis
1452 1091 1532 1162 tuis:
1561 1088 1670 1180 dirig'e
1695 1092 1771 1162 vias
1798 1111 1915 1163 eorum
1941 1088 1985 1159 ad
2010 1111 2076 1161 re-

701 1225 803 1297 gumn
831 1216 939 1278 mum:
970 1204 1095 1302 perfice
1127 1226 1210 1298 erga
1235 1204 1310 1276 illos
1342 1207 1584 1300 promissiones
1611 1215 1700 1293 tuas,
1735 1215 1843 1280 statue
1876 1203 1954 1278 illos
1989 1207 2075 1277 inter

702 1331 817 1394 coetus
844 1321 1044 1396 laudantium
1070 1332 1113 1394 tc.
1166 1319 1220 1393 Ne
1246 1325 1397 1393 exactius
1424 1343 1568 1394 examen
1584 1323 1736 1395 instituas
1753 1325 1920 1418 nequitiae
1935 1344 2072 1419 operum

700 1437 843 1528 illorum,
869 1448 947 1510 tuuc
975 1436 1106 1533 qnando
1133 1436 1222 1508 nulla
1249 1439 1311 1508 erit
1333 1440 1403 1530 jam
1430 1438 1604 1510 excusatio
1632 1459 1694 1534 pro
1727 1438 2072 1532 praevaricationibus

702 1575 835 1643 eorum,
870 1557 947 1648 quia
979 1556 1091 1646 imago
1128 1562 1162 1626 et
1194 1551 1369 1626 similitudo
1403 1562 1459 1626 tua
1490 1552 1536 1624 illi
1571 1564 1665 1628 sunt:
1697 1552 1888 1650 fratresque
1913 1554 1989 1626 Filii
2014 1557 2072 1642 tui,

702 1681 736 1742 et
768 1669 854 1743 lilios
881 1673 1010 1762 gratiae
1037 1680 1114 1742 tuae
1146 1673 1279 1742 vocasti
1305 1691 1385 1759 eos,
1420 1669 1480 1742 sed
1508 1668 1683 1742 clementia
1710 1679 1766 1743 tua
1791 1672 1935 1744 Domine
1962 1673 2071 1742 inter-

700 1785 802 1882 pellet
833 1809 896 1882 pro
930 1785 1026 1859 nobis
1061 1797 1095 1858 et
1128 1807 1190 1882 pro
1223 1785 1305 1858 illis:
1334 1794 1367 1857 et
1393 1788 1501 1878 gratia
1530 1797 1586 1859 tua
1613 1785 1675 1859 sub
1701 1785 1782 1859 velo
1809 1787 1935 1860 alarum
1962 1792 2070 1862 mise-

700 1901 866 1975 ricordiae
901 1913 979 1976 tuae
1013 1923 1075 1974 eos
1111 1902 1272 1990 occultet,
1300 1905 1376 1996 quia
1411 1900 1518 1974 nullus
1552 1925 1667 1976 eorum
1702 1905 1757 1997 qui
1789 1902 1941 1977 muliebri
1975 1914 2071 1976 utero

700 2021 822 2111 gestati
855 2029 949 2110 sunt,
983 2017 1070 2090 liber
1101 2017 1161 2092 fuit
1194 2018 1236 2091 ab
1265 2018 1435 2124 erroribus
1469 2017 1565 2112 hujus
1592 2017 1720 2111 mundi,
1747 2028 1781 2090 et
1806 2019 1961 2093 sordibus
1988 2043 2072 2093 cnr-

699 2134 841 2221 nalibus‚
868 2138 932 2208 nisi
958 2134 1050 2208 solus
1077 2133 1250 2223 Dominus,
1278 2144 1312 2206 ct
1337 2135 1431 2208 Deus
1457 2144 1572 2207 noster
1597 2134 1697 2208 Jesus
1716 2133 1865 2209 Christus
1884 2139 2071 2230 unigenitus

699 2251 804 2324 Filius
830 2261 922 2325 tuus:
951 2251 1130 2326 secundum
1158 2253 1252 2342 cujus
1278 2273 1393 2325 veram
1415 2253 1682 2346 promissionem,
1710 2272 1884 2346 speramus
1911 2257 2072 2348 consequi

699 2367 979 2457 misericordiam,
1011 2377 1045 2440 et
1078 2369 1310 2440 remissionem
1345 2377 1580 2466 peccatorum,
1616 2389 1702 2464 quae
1735 2379 1874 2463 propter
1906 2391 1981 2440 eum
2008 2379 2071 2458 est,

699 2494 766 2557 tam
794 2483 892 2557 nobis
921 2507 1017 2579 quam
1045 2486 1136 2580 ipsis.
1343 2491 1344 2496 ’

804 2600 967 2693 Populus.
1020 2600 1174 2688 Quietem
1200 2607 1345 2696 praesta.

801 2716 986 2789 Sacerdos.
1039 2715 1154 2789 Vanus
1182 2725 1215 2788 et
1240 2714 1498 2790 innumerabiles
1511 2717 1723 2812 insipientiae
1748 2715 1878 2813 culpas,
1905 2738 1988 2812 quas
2005 2737 2070 2789 nos

698 2843 732 2905 et
758 2831 805 2905 illi
830 2831 1004 2905 voluntate
1029 2843 1146 2906 nostra
1172 2831 1300 2904 infirma
1334 2830 1505 2906 animabus
1531 2835 1656 2906 nostris
1683 2835 1930 2923 concurrimus,
1964 2855 2071 2906 onera

698 2951 818 3042 mavia
853 2957 887 3020 et
919 2947 961 3020 nd
995 2947 1193 3045 portandum
1227 2947 1329 3021 valde
1368 2945 1529 3037 difficilia,
1566 2966 1652 3043 quae
1688 2947 1913 3043 iniquitatibus
1945 2950 2070 3020 nostris

698 3067 954 3160 congessimus,
988 3065 1184 3137 voluntariis
1220 3073 1253 3136 et
1286 3063 1535 3153 involuntariis,
1561 3069 1649 3136 notis
1677 3075 1711 3137 et
1737 3067 1881 3157 ignotis,
1917 3087 2004 3168 quae
2035 3066 2069 3136 in

698 3181 924 3255 adolescentia
951 3191 1007 3253 aut
1032 3185 1066 3252 in
1092 3190 1276 3269 senectute,
1303 3204 1323 3251 a
1349 3178 1447 3253 nobis
1473 3183 1674 3254 commissae
1701 3191 1795 3270 sunt,
1822 3191 1856 3252 et
1881 3189 2071 3275 quaecum-

699 3321 765 3394 que
790 3321 811 3369 a
837 3295 953 3386 nobis,
990 3294 1032 3368 ab
1059 3297 1151 3369 initio
1186 3296 1228 3368 ad
1262 3295 1361 3368 mrem
1394 3317 1501 3391 usqne
1526 3299 1614 3368 vitae
1640 3296 1735 3390 hujus
1762 3297 1955 3392 temporalis
1981 3319 2070 3392 per·
2192 3347 2195 3362 .

698 3424 850 3511 patratae
877 3413 1020 3503 luerint,x
1035 3434 1150 3507 parce,
1177 3411 1264 3501 dele,
1291 3421 1325 3484 et
1352 3411 1475 3483 dimitte
1501 3435 1563 3508 per
1595 3412 1858 3486 misericordiam
1883 3412 2069 3485 naturalem

699 3528 977 3623 essentialemque
1003 3527 1062 3601 tibi
1089 3538 1123 3600 et
1148 3530 1336 3621 ingenitam.
1389 3524 1566 3600 conserva
1592 3551 1656 3603 nos
1683 3532 1782 3602 etiam
1807 3533 1842 3602 in
1868 3527 1932 3602 hoe
1965 3526 2068 3600 labo-

697 3649 790 3718 rioso
818 3645 954 3719 saeculo
983 3643 1024 3718 ab
1053 3644 1205 3718 omuibus
1232 3643 1358 3717 insidiis
1386 3653 1420 3716 et
1444 3643 1669 3718 molitionibus
1697 3645 1851 3718 draconis
1879 3643 2069 3740 spiritualis,

700 3765 756 3858 qui
788 3760 950 3834 observat
983 3759 1177 3833 calcaneum
1209 3769 1374 3834 nostrum:
1411 3769 1445 3832 et
1477 3771 1576 3857 caput
1607 3765 1680 3856 ejus
1712 3761 1838 3854 dejice,
1872 3771 2008 3833 contcre
2035 3771 2069 3832 et

700 3875 875 3969 confringe
900 3877 1065 3950 velociter
1090 3875 1151 3949 sub
1178 3876 1319 3973 pedibus
1347 3875 1569 3973 spiritualibus
1595 3881 1729 3952 nostris.
1783 3877 1923 3964 Quando
1952 3883 2067 3950 ¹autem

699 3992 742 4066 ad
769 3995 860 4064 viam
886 3991 1128 4083 universalem,
1162 4015 1260 4087 quam
1293 3992 1468 4089 deprecari
1501 4015 1568 4065 non
1594 3995 1680 4084 licet,
1708 4016 1848 4088 gressus
1875 3993 2067 4086 dirigemus,

698 4106 867 4201 Angelum
893 4107 1135 4204 tranquillitatis
1162 4119 1197 4182 et
1222 4111 1317 4204 pacis
1343 4112 1435 4180 mitte
1461 4108 1502 4181 ad
1530 4109 1688 4184 auxilium
1714 4119 1880 4202 nostrum,
1915 4120 1949 4182 et
1975 4108 2066 4182 libe-

696 4246 757 4298 ros
785 4224 826 4297 ab
855 4228 944 4297 omni
970 4223 1128 4315 vindicta,
1154 4223 1406 4321 inculpatusque
1433 4248 1548 4298 coram
1574 4227 1659 4302 solio
1676 4229 1858 4322 majestatis
1884 4236 1972 4316 tuae,
1995 4250 2066 4299 ex-

696 4338 794 4427 bibe;
821 4350 956 4414 etcum
982 4340 1047 4416 illis
1074 4343 1128 4436 qui
1154 4352 1345 4414 meruerunt
1371 4353 1461 4416 stare
1489 4365 1603 4416 eoram
1629 4354 1662 4416 te
1687 4344 1774 4418 facie
1801 4343 1972 4434 revelata,
1999 4343 2067 4416 ad-

695 4459 802 4548 junge
828 4480 907 4532 uos:
941 4466 1040 4554 atque
1066 4461 1100 4529 in
1128 4467 1221 4530 sorte
1246 4457 1423 4532 habitaculi
1449 4463 1495 4530 tui
1521 4460 1698 4551 coelestis,
1731 4461 1788 4533 ubi
1809 4457 1976 4557 'placitum
2009 4459 2067 4533 tibi

698 4570 800 4643 fucrit
831 4595 895 4646 nos
931 4573 1078 4663 caduca3
1109 4583 1145 4644 nt
1177 4595 1242 4647 una
1274 4594 1363 4647 voce
1393 4576 1579 4672 triumphali
1610 4575 1781 4650 laudemus
1815 4587 1848 4649 et
1881 4575 2067 4649 exaltemus

700 4709 822 4762 nomen
855 4699 945 4762 tuum
978 4673 1163 4782 'gloriosum
1195 4697 1230 4762 et
1260 4688 1488 4786 benedictum,
1528 4692 1689 4790 simulque
1726 4696 1885 4788 unigeniti
1914 4693 1990 4767 Filii
2020 4695 2069 4766 tui

566 4850 574 4856 -
698 4804 832 4877 Domini
859 4809 964 4878 nostri
989 4806 1071 4879 Jesu
1099 4805 1228 4880 Christi.

802 4921 963 5015 Populos.
1015 4922 1069 4995 Ut.

801 5037 986 5112 Socerdm.
1038 5041 1122 5113 Pax.
