4730 6038
650 629 727 704 278
1162 625 1518 704 LITURGIA

754 815 898 887 Domine
924 817 1085 885 miserere
1111 815 1226 898 nostri,
1254 815 1309 908 qui
1335 812 1526 905 figmentum
1552 821 1641 884 tuum
1675 834 1805 900 sumus,
1841 822 1875 885 et
1905 816 2017 907 imago

649 935 836 1026 majestatis
870 940 966 1002 tuae:
997 932 1178 1024 veniatque
1218 928 1360 1024 Spiritus
1394 939 1469 1001 tuus
1502 913 1658 1017 sauctus,
1693 931 1749 1023 qui
1787 929 1937 1022 ejusdem
1969 940 2022 1003 est

649 1056 771 1136 tecum,
800 1058 833 1118 ct
857 1048 1028 1138 unigenito
1056 1043 1140 1118 Filio
1167 1054 1224 1117 mo
1251 1053 1408 1134 naturae,
1441 1044 1663 1133 substantiae,
1690 1044 1842 1134 bonoris,
1878 1057 1911 1118 et
1937 1046 2019 1138 glo·

551 1148 556 1158 *
649 1166 732 1251 riae,
761 1163 1002 1257 adveniatque,
1029 1173 1062 1234 et
1087 1165 1276 1256 requiescat
1309 1183 1409 1255 super
1443 1159 1630 1233 oblationes
1657 1161 1756 1248 istas,
1792 1170 1825 1232 et
1856 1160 2019 1251 illabatur,

651 1290 685 1351 et
715 1279 839 1351 habitet
879 1281 911 1349 in
946 1277 1102 1350 cordibus
1137 1279 1270 1350 nostris.
1322 1275 1454 1348 Exaudi
1491 1299 1545 1350 me
1579 1277 1731 1350 Domine.
1783 1277 1959 1374 Deprecor
1985 1289 2018 1350 te

649 1399 828 1468 miserator
852 1393 1038 1484 homiuum,
1064 1394 1206 1467 Domine
1240 1395 1400 1466 miserere
1432 1394 1515 1481 mei,
1548 1402 1582 1464 et
1615 1392 1750 1465 vivifica
1782 1416 1854 1466 me:
1888 1392 2018 1468 effunde

650 1534 753 1608 super
779 1534 833 1582 me
860 1510 980 1582 donum
1008 1512 1139 1602 gratiae
1166 1518 1253 1595 tuae,
1280 1518 1315 1580 ct
1339 1509 1477 1605 purilica
1503 1529 1576 1580 me:
1603 1530 1647 1580 ne
1672 1507 1852 1605 prohibeas
1878 1513 2020 1602 gratiam

527 1685 531 1706 .
650 1637 738 1699 tuam
766 1651 786 1698 a
813 1649 879 1716 me,
907 1625 950 1698 ob
978 1625 1190 1713 foeditatem,
1218 1635 1252 1695 et
1279 1625 1494 1719 turpitudines
1526 1626 1683 1696 vitiorum
1713 1646 1870 1697 meorum.
1925 1625 2020 1712 Quae

650 1747 737 1815 enim
764 1746 918 1838 peccavi,
944 1741 1054 1814 lateor
1079 1742 1232 1826 Domine,
1260 1749 1294 1812 et
1321 1763 1406 1834 quae
1432 1743 1544 1834 inique
1571 1743 1643 1832 egi,
1676 1742 1787 1837 palam
1819 1738 1924 1812 facio:
1951 1743 2043 1812 mi-'

651 1859 857 1933 sericordiae
884 1868 993 1930 autem
1020 1867 1096 1929 tuae
1122 1855 1242 1928 multae
1268 1857 1430 1944 Domine,
1464 1867 1497 1928 et
1532 1859 1640 1949 gratia
1665 1867 1721 1928 tua
1757 1856 1884 1952 absque
1919 1877 2020 1940 men-

651 1998 728 2048 sura
756 1985 816 2048 est.
870 1974 1010 2070 Spiritus
1039 1983 1173 2046 sanctus
1198 1982 1275 2045 tuus
1302 1972 1345 2044 ad
1370 1994 1425 2045 me
1452 1975 1581 2062 veniat,
1617 1995 1732 2046 omncs
1768 1975 1897 2045 animae
1924 1995 2021 2045 meae

651 2091 770 2166 sordes
798 2090 992 2183 abstergat,
1019 2088 1170 2162 omnibus
1199 2088 1326 2160 delictis
1360 2092 1443 2161 meis
1475 2092 1646 2180 ignoscam
1678 2093 1900 2182 cogitationes
1926 2111 2019 2162 meas

653 2231 770 2290 omncs
798 2207 991 2293 sanctificet,
1018 2215 1051 2276 et
1078 2208 1239 2300 suscipiat
1264 2205 1437 2292 sacrificio,
1465 2215 1498 2276 et
1525 2203 1711 2278 oblationes
1737 2227 1838 2278 meas.

753 2322 915 2416 Populus.
968 2322 1073 2417 Kyrie
1100 2321 1237 2394 eleison.

748 2439 932 2510 Sacerdos.
986 2438 1050 2524 Qui
1077 2436 1297 2524 benedicens,
1324 2447 1358 2509 et
1385 2436 1607 2528 sanctificans,
1635 2460 1757 2533 corpus
1783 2437 1906 2511 Christi
1932 2457 2018 2532 per-

651 2556 739 2628 lioiat
765 2577 885 2651 panem
913 2557 1018 2626 istum.

753 2671 915 2764 Populos.
968 2671 1087 2742 Amen.

754 2787 937 2858 Sacerdos.
988 2785 1033 2857 m
1060 2789 1254 2879 sanguinem
1283 2773 1405 2860 Christi
1430 2786 1599 2882 perliciat,
1627 2791 1758 2860 mistum
1787 2786 1876 2882 quod
1901 2789 1935 2857 in
1955 2784 2020 2860 boc

651 2904 758 2976 calice
785 2913 845 2975 est.

753 3019 915 3112 Populos.
968 3019 1086 3090 Amen.

753 3134 936 3207 Sacerdos.
994 3134 1067 3207 Nos
1101 3137 1199 3206 etiem
1231 3131 1334 3205 faciat
1368 3156 1489 3229 puros,
1522 3142 1556 3206 et
1590 3145 1742 3223 sanctos,
1777 3157 1840 3231 per
1874 3135 2018 3207 divinam

649 3250 734 3324 banc
760 3255 1023 3324 communionem
1050 3254 1083 3322 in
1108 3272 1216 3343 regno
1243 3260 1300 3323 tuo
1327 3261 1482 3338 aeterno,
1510 3253 1542 3322 in
1568 3249 1658 3323 felici
1684 3250 1740 3322 illa
1766 3251 2018 3340 domesticitate,

647 3371 682 3439 iu
709 3366 902 3440 habitaculis
931 3368 1117 3464 splendoris
1144 3369 1211 3456 tui,
1238 3371 1271 3438 in
1297 3367 1577 3464 contemplatione
1611 3367 1667 3440 illa
1699 3367 1828 3459 lucida,
1863 3371 1896 3440 in
1926 3390 2018 3461 gau·
2103 3423 2105 3426 -

649 3484 704 3556 dio
732 3507 847 3557 eorum
875 3488 930 3580 qui
964 3483 1178 3580 perfecerunt
1203 3484 1408 3556 voluntatem
1434 3493 1538 3556 tuam:
1571 3485 1605 3554 in
1628 3484 1833 3576 jucunditate
1859 3493 2019 3579 quaeest

649 3601 690 3672 ad
724 3602 897 3674 dexteram
934 3609 1038 3690 tuam3
1074 3610 1108 3671 et
1138 3603 1172 3672 in
1207 3598 1373 3687 omnibus
1400 3623 1462 3697 per
1494 3603 1622 3689 omnia,
1658 3607 1693 3671 et
1726 3611 1864 3696 propter
1897 3603 2018 3690 omnia,

648 3717 780 3790 laudem
807 3728 841 3789 et
866 3716 1008 3808 gloriam
1034 3716 1092 3788 tibi
1118 3715 1324 3806 referemus,
1351 3727 1384 3788 et
1409 3719 1579 3808 unigenito
1606 3716 1691 3789 Filio
1720 3728 1793 3808 tuo,
1822 3729 1856 3788 et
1881 3717 2017 3812 Spiritui

650 3844 778 3906 sancto.

752 3949 913 4042 Populos.
966 3951 1084 4022 Amen.

754 4064 928 4137 Sacerdos
955 4065 1145 4135 inclinatos.
1200 4064 1341 4159 Suscipe
1367 4063 1432 4136 boc
1459 4065 1655 4137 sacrificium
1681 4076 1829 4138 nostrum
1864 4066 2019 4155 Domine,

650 4181 738 4276 quod
765 4190 893 4270 mente,
925 4181 1053 4270 verbo,
1089 4191 1123 4252 ct
1157 4183 1361 4273 cogitatione
1396 4179 1530 4253 ollertur
1562 4180 1639 4270 tibi;
1673 4185 1818 4254 maxime
1845 4205 1929 4256 vero
1955 4203 2018 4278 pro

649 4297 898 4393 tranquillitate,
941 4309 976 4370 et
1013 4320 1098 4394 pace
1130 4297 1306 4372 Ecclesiae
1341 4308 1416 4370 tuae
1453 4309 1605 4388 sanctae,
1638 4319 1700 4394 pro
1735 4299 1913 4371 Pastomm
1946 4301 2017 4390 ejus

646 4419 831 4508 justorum,
859 4426 893 4487 ct
919 4414 1181 4486 orthodoxorum
1208 4413 1476 4504 confirmatione,
1502 4438 1565 4511 pro
1592 4415 1728 4505 decore,
1755 4425 1788 4486 et
1815 4416 2019 4487 exaltatione

650 4532 867 4606 Sacerdotem
895 4536 983 4625 ejus:
1010 4554 1073 4628 pro
1100 4529 1289 4620 honestate,
1322 4541 1355 4602 et
1381 4532 1543 4606 modestia
1576 4534 1796 4604 ministrorum
1832 4534 1922 4625 ejus:
1956 4554 2018 4628 pro

649 4651 867 4737 remissione,
894 4659 927 4720 et
953 4653 1054 4720 venia
1080 4645 1222 4721 liliorum
1250 4651 1342 4742 eJus:
1375 4670 1439 4744 pro
1470 4648 1614 4741 gaudio,
1650 4659 1683 4720 et
1714 4650 1892 4722 concordia
1928 4672 2018 4721 con-

650 4767 883 4857 gregationum
911 4768 1000 4856 ejus:
1026 4788 1088 4861 pro
1116 4764 1335 4852 infirmorum,
1363 4778 1396 4838 ct
1423 4765 1613 4838 afflictomm
1640 4767 1851 4852 visitatione,
1885 4777 1920 4838 et
1952 4789 2019 4838 au-

650 4880 733 4954 xilio
762 4903 878 4952 eorum
906 4884 1047 4954 omnium
1077 4885 1191 4978 quiin
1219 4880 1329 4976 aliquo
1356 4880 1504 4978 periculo
1531 4891 1717 4954 versantur.

754 4998 933 5070 Diaconos
960 5000 1044 5071 dicit
1075 4997 1089 5036 ²
1116 4999 1287 5070 Cononem
1307 5002 1460 5091 primurn.
