4730 6038
664 656 934 736 sinant
985 637 1297 740 cratini.
1587 664 1664 738 279

394 837 571 918 Sacerdos
603 844 742 915 elevans
778 867 904 924 nocem.
956 848 1024 920 Per
1059 857 1092 920 te
1128 851 1216 922 enim
1252 858 1334 939 stat,
1375 860 1411 923 ct
1445 861 1665 926 conservatur

290 980 390 1032 rmum
417 961 589 1057 quodque,
615 983 676 1057 per
703 972 736 1032 te
761 967 939 1058 petitiones
967 985 1083 1036 omues
1094 969 1206 1056 justae
1230 965 1380 1063 ellectum
1406 977 1664 1061 consequuntur,

290 1073 487 1171 allluuutque
513 1075 763 1151 benedictiones
791 1077 929 1170 effirsae,
957 1101 1036 1176 spes
1049 1079 1221 1170 honestae,
1248 1081 1419 1172 gaudium,
1444 1092 1479 1153 et
1504 1083 1660 1180 voluptas

290 1195 418 1282 omnis,
444 1203 593 1288 potestas
621 1196 745 1282 omnis,
773 1204 807 1266 et
832 1199 951 1286 virtus,
978 1199 1085 1269 amnis
1101 1205 1327 1269 consummata
1345 1195 1526 1292 perfectio,
1555 1203 1662 1273 omnis

289 1306 432 1402 denique
460 1319 633 1381 creaturae
649 1320 725 1382 tuae
742 1308 964 1400 subsistentia,
991 1323 1091 1408 teque
1117 1311 1215 1384 decet
1246 1312 1373 1406 glorie,
1401 1312 1529 1404 honor,
1556 1325 1661 1411 pote·-

289 1432 380 1512 stas3
406 1437 440 1495 et
466 1425 538 1500 laus
566 1450 641 1498 cum
668 1429 838 1518 unigenito
865 1427 950 1501 Filio
977 1439 1056 1519 tuo,
1083 1438 1118 1500 et
1144 1429 1268 1524 Spiritu
1295 1441 1361 1502 tuo.

394 1540 557 1635 Populum.
609 1544 729 1615 Amen.

392 1654 568 1730 Sacerdos
594 1658 785 1728 inclinatas.
837 1658 981 1732 Domine
1008 1663 1211 1748 misericors,
1239 1674 1273 1733 et
1289 1661 1449 1754 clemens,
1477 1666 1532 1757 qui
1554 1685 1662 1759 parva

288 1781 448 1865 rogatus,
475 1776 619 1846 maxima
646 1770 762 1846 tribuis
790 1774 1003 1868 diligentibus
1029 1785 1075 1867 te,
1098 1777 1223 1848 wexaudi
1240 1781 1431 1850 tenuitatem
1445 1801 1553 1850 meam
1576 1803 1662 1875 quae

288 1896 322 1959 te
348 1910 436 1959 nunc
462 1893 599 1962 mvccat
628 1911 690 1986 pro
716 1893 758 1962 iis
785 1891 936 1964 omnibns
965 1893 1019 1986 qui
1040 1896 1250 1985 gravissimis
1273 1891 1508 1966 tentationibus
1529 1895 1661 1986 dejecti,

289 2004 329 2074 ad
358 2014 391 2074 te
418 2003 621 2100 confugiunt.
673 2001 812 2079 Accede
838 2008 1020 2099 velociter,
1047 2019 1081 2081 et
1106 2033 1167 2083 eos
1193 2009 1311 2100 libera,
1339 2010 1538 2106 dignamque
1564 2033 1660 2082 mer-

289 2119 405 2192 cedem
432 2123 473 2194 iis
498 2122 624 2212 tribue,
651 2124 705 2218 qui
733 2122 953 2197 oblationibus
978 2125 1155 2198 Ecclesiae
1182 2136 1276 2216 tuae,
1308 2137 1342 2199 et
1373 2149 1557 2224 pauperum
1591 2148 1660 2198 ne·

289 2235 501 2310 cessitatibus
528 2243 786 2311 communicant:
814 2262 996 2336 ecmmque
1022 2262 1150 2313 memor
1176 2252 1268 2331 esto,
1303 2246 1358 2337 qui
1382 2254 1419 2314 ut
1451 2246 1503 2316 sui
1536 2247 1659 2316 memi-

288 2355 465 2444 nissemus,
491 2355 589 2427 nobis
605 2366 866 2451 praeceperunt:
893 2364 1126 2451 mementoque
1139 2381 1253 2430 eorum
1268 2363 1413 2432 omnium
1430 2363 1485 2454 qui
1500 2362 1661 2432 invocant

289 2490 411 2543 nomen
438 2481 527 2543 tuum
555 2480 713 2544 sanctum.

391 2586 553 2681 Papulas.
605 2587 726 2659 Amen

391 2703 571 2776 Diaconos
597 2705 684 2774 dtctt
710 2704 880 2776 Cononem
905 2704 1094 2777 secandam.

392 2819 566 2892 Sacerdos
593 2820 729 2891 clevans
754 2843 878 2891 nocem.
931 2819 1064 2898 Exaudi
1089 2815 1233 2894 Domine
1259 2843 1379 2917 preces
1407 2821 1520 2918 populi
1540 2826 1597 2912 tui,
1625 2833 1660 2895 et

289 2938 424 3032 suscipe
452 2935 706 3031 deprecationes
732 2938 848 3028 gregis
875 2938 937 3007 tui:
963 2959 1082 3032 parce,
1110 2947 1143 3009 et
1168 2941 1333 3012 miserere
1360 2923 1575 3033 peccatorum
1599 2943 1659 3011 iu-

289 3055 486 3148 sipientium,
513 3056 730 3147 pereuntium,
757 3061 792 3123 ct
808 3051 1031 3147 perditorum3
1057 3056 1284 3148 captivorum;
1311 3065 1344 3126 et
1372 3055 1426 3147 qui
1444 3058 1658 3150 persecutio-

289 3191 363 3240 nem
390 3169 574 3264 patiuntur:
603 3170 715 3263 quiin
750 3171 920 3260 angustia,
956 3176 989 3239 et
1022 3173 1241 3264 oppressione
1268 3167 1361 3259 sunt,
1397 3179 1431 3240 et
1462 3171 1658 3242 calumniam

288 3283 485 3356 fraudemus
512 3286 693 3373 sustinent3
718 3287 990 3379 peregrinorum,
1019 3283 1169 3374 exulum3
1203 3289 1421 3374 miserorum,
1457 3297 1491 3358 et
1523 3308 1657 3382 paupe-

288 3421 377 3490 rum,
406 3398 642 3496 orphanorum,
668 3400 861 3473 viduarum:
889 3423 1004 3472 eorum
1032 3403 1086 3496 qui
1113 3403 1242 3496 peccati
1267 3401 1409 3473 vinculis
1435 3401 1657 3496 implicantur:

288 3520 402 3611 quiin
429 3520 512 3588 mari
539 3527 595 3587 aut
620 3527 709 3588 terra
737 3520 1011 3613 peregrinantur,
1048 3538 1163 3589 eorum
1195 3516 1337 3612 denique
1372 3522 1516 3590 omnium
1543 3520 1598 3613 qui
1625 3526 1658 3588 te

286 3637 444 3729 optimum
471 3632 703 3705 auxiliatorem
731 3635 853 3720 sciunt,
881 3633 1037 3723 credunt,
1065 3643 1098 3705 et
1124 3635 1338 3724 confitentur,
1374 3644 1408 3705 et
1440 3632 1499 3705 tibi
1525 3632 1656 3706 laudem

286 3749 483 3821 referemus.

391 3864 553 3958 Papulas.
605 3866 725 3938 Amen.

387 3982 567 4052 Diaconos
594 3979 679 4050 dicit
706 3980 877 4050 Cononem
904 3983 1048 4051 tertiata.
1624 4055 1627 4064 ,

388 4096 563 4169 Sacerdos
589 4095 780 4167 inclinatas.
840 4095 999 4168 Concede
1039 4097 1136 4168 eliam
1173 4085 1319 4169 Domine
1352 4096 1476 4192 populo
1512 4110 1585 4189 tuo,
1623 4110 1656 4172 et

286 4213 360 4285 orbi
395 4217 555 4286 universo
591 4225 741 4308 tempora
774 4211 914 4300 fertilia,
954 4215 1127 4307 omnisque
1159 4212 1341 4303 ubertatis,
1375 4213 1654 4310 benignitatisque

287 4340 366 4400 tuae
391 4328 602 4424 plenissima,
629 4339 663 4401 et
687 4330 829 4402 benedic
855 4350 1004 4402 coronae
1031 4332 1117 4416 anni,
1144 4351 1205 4424 per
1222 4329 1360 4416 imbres,
1388 4351 1513 4418 rorem,
1539 4331 1655 4403 bono-

285 4467 424 4541 rumque
451 4450 595 4518 cmnium
620 4450 828 4532 varietatem,
855 4455 889 4516 et
915 4447 1021 4518 omnis
1037 4449 1172 4538 generis
1189 4445 1352 4518 fructuum
1366 4444 1512 4518 feracem
1542 4447 1654 4520 abun-

285 4560 445 4650 dantiam3
473 4564 548 4656 quia
575 4571 610 4633 tu
637 4583 770 4656 semper
796 4560 966 4634 numlinris
993 4573 1168 4635 creaturae
1194 4573 1280 4635 tuae.

389 4676 539 4749 Eleaans
569 4699 694 4748 accam.
746 4676 869 4751 Libera
902 4700 985 4766 nos,
1021 4679 1118 4752 salva
1150 4701 1230 4769 nos,
1262 4689 1295 4750 tu
1318 4665 1384 4775 'qui
1417 4701 1527 4751 curam
1562 4685 1653 4772 geris

287 4796 449 4882 omnium,
478 4792 520 4866 ab
549 4798 637 4866 omni
663 4798 901 4891 oppressione,
929 4805 962 4867 et
988 4793 1188 4883 rebellione,
1216 4796 1258 4868 ab
1286 4798 1375 4867 omni
1407 4798 1653 4892 persecutione,

229 4919 233 4932 '
285 4918 319 4980 at
345 4920 452 5006 peste,
480 4907 522 4982 ab
551 4913 639 4982 omni
667 4911 785 5000 coede,
812 4921 846 4983 at
872 4934 1025 4983 annonae
1050 4916 1199 5000 cantate,
1226 4911 1451 5002 tribulatione,
1481 4922 1515 4984 et
1540 4917 1653 5010 capti-

284 5028 409 5116 vitate,
442 5025 614 5123 plagarum
655 5025 850 5118 inllictiane,
885 5039 920 5100 et
953 5031 1124 5122 sanguinis
1158 5021 1335 5116 allusione,
1371 5039 1406 5100 et
1439 5053 1459 5102 a
1496 5030 1652 5120 gentibus

284 5163 370 5236 quiae
397 5166 416 5214 a
442 5141 607 5236 rebgione
633 5153 688 5216 tua
715 5144 844 5217 alienae
871 5154 961 5234 suut3
988 5167 1097 5242 neque
1124 5147 1298 5241 corripias,
1326 5152 1359 5216 et
1384 5146 1501 5242 punias
1528 5167 1591 5218 nos
1618 5150 1651 5218 in
