4712 6032
625 672 656 748 u.
681 671 847 748 nromsu
872 671 1103 748 inmunem
1128 638 1306 748 misceri.
1571 669 1644 746 211

285 864 389 935 vitam
413 862 634 946 instituamus,
661 867 696 931 et
720 859 929 955 perficiamus
956 862 1070 931 eoram
1096 867 1147 946 te,
1173 868 1209 930 ut
1234 861 1320 930 cauti
1347 867 1381 931 et
1406 855 1648 954 inseparabiles

284 975 401 1052 simus⁸
421 999 483 1072 per
521 977 766 1070 susceptionem
801 983 989 1047 sanatorum
1024 984 1172 1061 tuorum,
1206 974 1415 1069 perficientes
1445 975 1649 1048 voluntatem

285 1103 374 1165 tuam
401 1113 555 1183 magnam
583 1101 617 1162 et
641 1091 843 1187 perfectam,
876 1094 1047 1186 paratique
1082 1093 1289 1163 inveniamur
1323 1090 1364 1161 ad
1397 1090 1647 1190 πληροφορίαν

284 1207 373 1280 illam
399 1207 561 1294 ultimam,
589 1217 623 1278 et
649 1207 691 1278 ad
718 1206 868 1279 standum
894 1228 1008 1278 eoram
1034 1210 1208 1298 majestate
1235 1217 1308 1294 tua,
1336 1205 1491 1302 dignique
1517 1207 1649 1279 efficia-

284 1346 357 1398 mur
383 1323 554 1418 voluptate
579 1325 675 1416 regni
701 1325 759 1413 tui,
785 1345 846 1418 per
872 1325 1026 1415 gratiam,
1053 1319 1314 1394 misericordiam
1342 1332 1376 1392 et
1394 1344 1542 1395 amorem
1565 1345 1648 1415 erga

284 1438 435 1512 homiues
461 1441 620 1531 unigeniti
646 1439 720 1512 Filii
746 1442 810 1526 tui,
845 1461 907 1535 per
942 1461 1040 1532 quem
1073 1446 1107 1509 ot
1141 1461 1214 1510 oum
1247 1459 1312 1533 quo
1346 1447 1379 1510 te
1406 1438 1503 1512 decet
1528 1438 1647 1530 gioria,

283 1554 411 1643 honor,
438 1566 502 1628 etc.
812 1555 972 1647 Populus.
1024 1554 1144 1627 Arnen.

387 1669 573 1742 Sacerdos.
626 1671 709 1744 Pax.

293 1781 298 1790 '
388 1785 551 1879 Poprrluo.
602 1787 746 1858 Etcum
773 1789 982 1884 spiritutuo.

386 1903 575 1974 Diaconos.
626 1902 717 1975 Post.

388 2018 550 2110 Populus.
604 2018 726 2092 Coram
753 2027 787 2090 te
812 2017 965 2090 Domine.

382 2131 570 2203 Sacerdos.
625 2131 755 2206 Christe
782 2132 859 2205 Rex
885 2133 1032 2224 gloriae,
1059 2143 1094 2203 ot
1119 2135 1220 2205 Pater
1244 2133 1342 2204 intrari
1369 2135 1505 2217 saeculi,
1534 2139 1646 2208 sacri-

283 2247 392 2320 ficium
419 2259 588 2337 sanetum,
620 2248 776 2320 Pontifex
811 2247 984 2320 coelestis:
1018 2250 1138 2340 Agnus
1170 2251 1235 2320 Dei
1266 2251 1321 2343 qui
1354 2249 1441 2322 tollis
1474 2261 1646 2345 peccatum

285 2360 413 2454 mundi,
439 2386 542 2460 paros
568 2367 716 2460 peccatis
740 2364 854 2460 populi
881 2367 959 2453 tui,¹
976 2373 1010 2436 et
1043 2364 1165 2437 dimitte
1199 2367 1404 2460 insipientias
1439 2369 1555 2459 gregis
1592 2369 1647 2438 tui.

286 2477 462 2552 Conserva
477 2502 540 2552 nos
563 2485 899 2575 percommunionem
913 2480 1205 2554 sacramentorum
1219 2492 1361 2570 tuorum,
1389 2481 1430 2553 ab
1455 2483 1543 2572 omni
1556 2504 1645 2578 peo-

286 2605 378 2684 oato,
411 2599 484 2668 sive
509 2595 618 2670 uerbo
654 2596 710 2670 vel
743 2600 946 2690 cogitatione
981 2609 1038 2669 aut
1071 2619 1175 2692 opere
1207 2597 1410 2692 perficiatur,
1446 2596 1647 2692 quodquea

285 2721 340 2784 ina
366 2713 584 2806 familiaritate
611 2712 811 2801 domestica,
838 2712 956 2810 procul
981 2736 1044 2786 nos
1070 2713 1186 2804 iaciat,
1213 2725 1248 2786 ut
1265 2713 1489 2786 custodiantur
1503 2734 1647 2808 corporo

286 2838 397 2900 nostra
422 2851 485 2924 per
510 2851 632 2924 corpus
661 2839 765 2916 tuum,
805 2839 839 2901 et
865 2841 1069 2903 renoventur
1095 2834 1226 2902 animae
1259 2840 1396 2902 nostrae
1431 2851 1492 2925 per
1518 2828 1647 2901 Sacra-

286 2955 395 3016 menta
422 2955 495 3034 tae,
522 2955 555 3017 et
581 2944 768 3018 benedictio
795 2955 850 3017 tua
876 2949 1029 3035 Domine,
1057 2950 1099 3020 sit
1126 2950 1158 3018 in
1184 2956 1255 3018 toto
1288 2957 1404 3018 nostro
1431 2944 1563 3018 homine
1590 2949 1648 3017 in-

285 3063 400 3134 teriori
427 3069 460 3133 et
486 3065 665 3153 exteriori,
691 3061 955 3157 glorificerisque
981 3067 1016 3136 in
1041 3063 1137 3136 nobis
1157 3073 1191 3136 et
1217 3073 1455 3159 propiorem,
1481 3061 1648 3134 dextera-

289 3199 353 3270 que
377 3187 432 3249 tua
460 3180 649 3272 requieseat
676 3199 882 3273 supernos,
909 3189 944 3250 et
969 3181 1073 3275 patris
1100 3181 1145 3249 tui
1171 3176 1348 3266 benedieti,
1375 3187 1409 3248 et
1435 3177 1577 3274 Spiritus
1604 3181 1649 3251 tui

288 3297 495 3367 sanctissimi.

389 3409 550 3504 Populos.
602 3413 722 3486 Annon.

390 3525 578 3598 Diaconos.
630 3525 776 3599 Benedie
802 3527 955 3599 Domine.

716 3777 1216 3824 -..ψ-

722 4044 1214 4137 litntunutnn

283 4287 287 4294 ’
418 4267 1512 4363 oloutstintnuiitisls
1643 4265 1648 4356 ζ

869 4477 1068 4562 notit.

628 4741 661 4812 1.
706 4742 866 4836 Dionysii
892 4743 1103 4814 Athenarum
1127 4744 1302 4838 Episcopi.

376 4932 600 5011 Annornorrax
628 4944 677 5007 hio
703 4945 859 5016 Jacotitao
887 4945 1073 5028 intelligunt,
1104 4964 1193 5027 quem
1222 4945 1311 5010 etiarn
1338 4944 1469 5010 Atabioe
1489 4943 1646 5021 maurone,

287 5044 439 5112 Paulinum
465 5056 576 5111 vocant
604 5049 668 5112 sive
698 5049 779 5111 Pauli
808 5049 996 5131 discipulum.
1038 5049 1111 5132 Ejus
1134 5049 1211 5113 enim
1233 5047 1327 5111 libros
1348 5066 1405 5130 pro
1427 5047 1565 5132 genuinis
1587 5047 1645 5108 ha-

287 5145 369 5224 bent,
382 5153 412 5209 et
422 5147 552 5228 majores
566 5165 667 5212 eorum
681 5147 920 5231 Monophysitue
943 5149 994 5231 qui
1016 5149 1071 5212 sub
1093 5148 1272 5230 iustiniano,
1295 5165 1373 5211 anno
1393 5145 1423 5213 J.
1446 5146 1480 5212 C.
1498 5143 1644 5210 mxxxii.

337 5271 460 5317 ronan.
1384 5251 1434 5326 30
