4712 6032
618 547 649 626 S.
676 548 842 628 DIONYSll
869 550 1106 626 ATHENARUll
1132 549 1311 629 EPISCOPI.
1573 553 1652 628 209

280 735 515 832 spiritualium,
551 746 585 807 at
621 756 737 808 eorum
762 756 824 830 pro
860 735 979 830 quibus
1012 745 1046 806 et
1085 759 1224 831 quonum
1255 739 1382 830 gratia,
1417 735 1541 812 oblatio
1568 739 1654 814 haec

280 859 396 925 sancta
425 849 538 923 oblata
565 859 627 924 est.

383 967 534 1036 Eteoaas
558 987 684 1038 ccccm.
735 965 895 1058 Adjuage
920 965 1066 1040 Domine
1098 970 1231 1039 nomina
1265 967 1395 1040 illomm
1431 991 1506 1040 cum
1539 973 1655 1042 nomi-

280 1079 377 1152 nibus
404 1091 594 1150 sanctorum
622 1089 752 1150 tuorum
778 1083 811 1150 in
838 1078 1041 1152 habitatione
1067 1077 1166 1150 baala
1195 1101 1310 1151 eorum
1339 1083 1392 1174 qui
1406 1079 1527 1153 festum
1554 1091 1658 1174 agunt

281 1194 504 1268 allaetantur
529 1196 561 1264 in
589 1203 640 1283 te;
667 1214 733 1266 non
759 1216 929 1266 revocans
955 1193 1019 1266 illis
1046 1197 1242 1268 memoriam
1267 1206 1481 1288 peccatorum
1509 1218 1656 1286 suorum,

282 1331 391 1404 neque
418 1331 686 1382 commemorans
713 1310 794 1405 ipsis
822 1331 909 1404 quae
935 1311 1127 1404 insipienter
1154 1319 1315 1401 egerunt3
1350 1313 1427 1404 quia
1460 1311 1568 1384 nullus
1605 1321 1658 1386 est

282 1429 374 1498 carni
401 1425 573 1516 alligatus,
601 1435 634 1496 et
659 1427 819 1496 innocens
847 1446 961 1498 coram
988 1433 1036 1496 te:
1064 1446 1148 1496 unus
1177 1427 1262 1496 enirn
1297 1425 1521 1499 tantummodo
1556 1449 1659 1522 super

282 1551 405 1614 terram
431 1543 527 1612 visus
561 1549 614 1611 est
647 1539 775 1634 absque
814 1550 973 1635 peccato,
1006 1540 1108 1612 lesus
1144 1538 1294 1612 Christus
1329 1543 1519 1633 unigenitus
1553 1541 1657 1616 Filius

281 1665 375 1728 tuus:
405 1650 420 1690 ⁰
446 1654 591 1751 simplex
619 1658 674 1750 qui
699 1653 742 1726 ad
769 1657 1041 1750 compositionem
1068 1658 1178 1742 venit,
1205 1677 1267 1751 per
1293 1676 1389 1750 quem
1426 1679 1490 1729 nos
1524 1679 1657 1752 quoque

285 1770 536 1844 misericordiae
562 1769 819 1864 consequendae
847 1791 939 1865 spem
967 1769 1136 1843 habemus.

385 1885 548 1979 Populus.
603 1886 755 1972 Quietem
781 1896 926 1981 praesta.

386 2001 563 2072 Sacerdos
589 1999 782 2072 inclinatus.
817 2001 961 2073 Peccata
979 2010 1095 2073 nostra
1123 1999 1300 2073 etilloram
1314 2000 1514 2087 voluntaria,
1542 2002 1659 2073 scien-

285 2128 337 2189 ter
364 2128 398 2189 et
422 2121 621 2208 ignoranter
648 2119 825 2188 commissa
851 2119 1041 2205 remittens,
1067 2118 1230 2211 propitius
1257 2125 1331 2188 estc
1346 2116 1502 2206 Domine,
1529 2127 1660 2188 amator

286 2231 463 2304 hominum.

388 2345 539 2422 Elecuas
563 2371 689 2420 nocero.
740 2332 785 2416 Et
809 2354 947 2440 praesta
974 2344 1073 2417 nohis
1100 2343 1199 2415 finem
1213 2344 1406 2439 pacificum,
1434 2346 1559 2418 exitum
1586 2368 1661 2418 cum

286 2463 657 2558 misericordiamque
684 2473 808 2536 stemus
843 2459 999 2555 inculpati
1026 2459 1068 2530 ad
1095 2459 1286 2547 dexteram,
1323 2469 1457 2530 etcum
1483 2459 1570 2531 lacis
1597 2481 1661 2532 re-

286 2577 398 2650 velata
425 2587 459 2648 et
484 2578 614 2666 fiducia,
642 2599 856 2650 occurramus
884 2575 927 2646 ad
954 2584 1060 2646 ortum
1087 2578 1247 2667 unigeniti
1274 2576 1348 2646 Filii
1374 2577 1431 2665 tui,
1458 2585 1492 2646 et
1513 2575 1555 2646 ad
1582 2597 1661 2648 ma-

286 2691 530 2765 nifestationem
557 2696 630 2787 ejus
657 2689 836 2764 secundam
865 2699 899 2762 et
924 2690 1108 2782 gloriosam
1136 2691 1178 2761 de
1205 2690 1320 2766 coelo:
1355 2691 1591 2785 audiamusque
1620 2690 1662 2764 ab

287 2831 328 2880 eo
355 2830 479 2880 vocem
507 2809 598 2881 illam
624 2808 770 2896 beatam,
797 2827 896 2900 quam
922 2805 1031 2879 beatis
1057 2809 1091 2878 in
1117 2806 1183 2878 line
1209 2804 1460 2902 pronunciabit‚
1492 2805 1664 2878 denedicti

288 2924 410 2995 Patris
434 2927 520 3014 mei,
548 2927 718 3018 capessite
743 2923 991 2994 haereditatem
1016 2925 1116 3015 repsi
1142 2921 1320 3010 coelestis,
1346 2933 1382 2995 ut
1413 2927 1448 2994 in
1480 2922 1546 2995 hoc
1580 2926 1665 2996 sicut

287 3050 320 3112 et
352 3043 385 3111 in
421 3039 588 3128 omnibus,
624 3038 829 3131 glorificetur
864 3047 899 3110 et
931 3037 1082 3110 laudetur
1108 3057 1231 3109 nomen
1258 3046 1348 3109 taum
1375 3040 1521 3111 maxima
1548 3059 1661 3110 vene-

289 3156 436 3228 randum.

389 3269 553 3363 Populus.
608 3268 659 3340 Ut

393 3384 580 3457 Sacerdos.
633 3384 715 3457 Pax.

393 3498 558 3592 Populus.
611 3497 654 3569 Et
681 3521 755 3570 cum
783 3499 899 3592 spiritu
925 3507 992 3568 tuo.

319 3825 496 3896 Sacerdos
518 3825 651 3916 frangit
678 3821 838 3907 dostiara,
866 3828 901 3893 et
927 3821 1011 3891 dicit
1039 3821 1256 3909 ordicosa,
1283 3826 1364 3891 ante
1389 3820 1491 3893 Pater
1517 3827 1643 3890 noster.

399 4030 500 4100 Pater
527 4029 672 4100 omnium
699 4036 733 4097 et
758 4027 953 4120 principium
981 4022 1068 4120 quod
1097 4036 1148 4097 est
1174 4046 1276 4119 super
1302 4027 1430 4112 omnia,
1456 4023 1516 4095 lux
1534 4030 1671 4093 aeterna

300 4155 332 4216 ct
357 4144 433 4218 lons
460 4143 561 4231 lucis,
596 4164 682 4236 quae
718 4141 877 4214 illuminat
913 4163 1029 4214 omnes
1064 4151 1199 4212 naturas
1232 4142 1362 4211 ratione
1396 4139 1580 4234 praeditas,
1617 4139 1673 4232 qui

300 4283 406 4335 vocas
434 4257 646 4354 expulvere
673 4259 821 4352 inopem,
849 4255 952 4328 etde
984 4265 1135 4328 stercore
1170 4257 1272 4348 erigis
1307 4276 1507 4350 pauperem,
1543 4263 1577 4326 et
1609 4275 1672 4326 nos

298 4380 461 4470 jactatos,
498 4375 644 4466 rejectos
680 4381 714 4443 et
746 4372 892 4445 infirmos
925 4371 967 4443 ad
998 4369 1185 4444 libertatem
1220 4380 1254 4441 et
1289 4369 1502 4441 domesticam
1534 4369 1675 4442 liliorum

303 4501 432 4564 tuorum
459 4490 650 4582 dignitatem
677 4490 827 4575 vocasti,
854 4509 916 4582 per
940 4487 1058 4560 Filium
1086 4496 1175 4558 tuum
1203 4484 1371 4556 dilectum:
1408 4494 1544 4578 praesia
1577 4484 1675 4556 nobis

305 4617 340 4678 ut
364 4605 422 4678 lilii
449 4607 553 4677 sancti
580 4615 613 4675 et
638 4602 702 4676 hoc
729 4605 930 4695 cognomine
963 4625 1030 4676 non
1063 4601 1189 4694 indigni
1225 4621 1446 4695 appareamus
1482 4621 1596 4672 coram
1633 4607 1677 4688 te,

307 4744 405 4794 omne
432 4743 565 4815 quoqne
592 4721 806 4792 ministerium
833 4729 1001 4809 nostrum,
1028 4716 1208 4791 secundum
1234 4737 1348 4788 mores
1380 4713 1565 4812 incudpatcs
1592 4736 1678 4809 per-

308 4836 473 4924 ficiamus,
514 4847 548 4908 et
583 4858 657 4907 eum
696 4838 839 4929 puritate
872 4837 1021 4924 animae,
1059 4831 1244 4904 intellectus
1285 4830 1461 4924 munditia,
1502 4828 1680 4923 divinaque

311 4964 439 5041 mente,
467 4973 672 5046 quacumque
697 4951 781 5022 hora
808 4947 1003 5022 invocemus
1036 4959 1070 5020 te
1103 4947 1212 5020 Deum
1243 4947 1376 5020 Patrem
1412 4949 1680 5045 omnipotentem,
