4814 6060
743 524 774 601 S.
810 521 1003 599 totonis
1042 518 1377 598 Ptnntlnunnn.
1667 518 1743 594 473

473 713 662 784 maeones.
715 709 784 780 Det
809 711 1035 804 unusquisque
1061 730 1190 804 paoem.

474 829 637 923 Populus.
691 825 828 898 Omnes.
1091 813 1093 820 X

473 945 663 1016 Diaconos.
717 945 808 1015 Post.

473 1061 637 1154 Populus.
692 1057 816 1131 Coram
843 1068 886 1129 te.
1419 1131 1422 1134 ,

474 1175 659 1250 Sacerdos.
712 1175 906 1246 Petimnsa
934 1183 967 1245 tc
993 1173 1136 1244 Domine
1168 1173 1275 1260 bone,
1308 1172 1501 1245 misericors
1537 1180 1571 1241 et
1603 1171 1745 1262 largitor

369 1292 553 1380 bonorum,
581 1292 714 1365 demitte
741 1290 915 1362 dexteram
942 1299 1032 1366 tuam
1057 1288 1188 1385 plenam
1215 1287 1500 1377 miserationibus,
1527 1309 1629 1382 super
1655 1309 1746 1360 con-

370 1412 605 1502 gregationem
632 1406 840 1480 adorantium
866 1415 922 1495 ιθ,
954 1409 1010 1499 qui
1044 1403 1241 1476 inclinantur
1271 1425 1387 1506 coram
1415 1413 1474 1494 tc3
1507 1401 1650 1475 benedic
1680 1425 1745 1477 uos

371 1521 657 1596 benedictionibus
686 1522 896 1617 amplissimis
924 1543 1011 1614 quae
1038 1530 1119 1591 ate
1145 1527 1240 1608 sunt,
1267 1542 1331 1591 nec
1357 1522 1500 1614 aspicias
1518 1520 1636 1593 odiosa
1657 1519 1747 1594 iacta

374 1661 460 1735 quae
485 1641 773 1735 perpetravimus;
800 1659 843 1708 ne
868 1635 998 1727 judices
1025 1657 1088 1710 nos
1115 1657 1177 1730 per
1199 1635 1347 1727 judicum
1364 1644 1452 1708 tuum
1467 1638 1610 1728 justum,
1637 1657 1748 1730 noque

373 1755 553 1828 secundum
584 1756 749 1848 nequitias
782 1763 916 1824 nostras
951 1751 1116 1825 retribuas
1150 1749 1263 1824 uobis:
1298 1750 1358 1824 sed
1389 1774 1452 1847 par
1482 1751 1746 1826 misericordiam

371 1869 585 1962 benignitatis
612 1879 707 1958 tuae,
734 1867 839 1940 libera
866 1889 929 1940 nos
956 1889 977 1937 a
1004 1865 1109 1939 malo:
1137 1875 1172 1936 et
1197 1865 1327 1940 custodi
1352 1889 1416 1941 nos
1443 1866 1505 1942 sub
1533 1866 1596 1940 alis
1616 1873 1747 1960 gratiae

373 1997 459 2059 tuae.
512 1987 619 2081 Aperi
643 1986 788 2058 Domine
818 1973 955 2075 januam
988 1984 1236 2054 miserationum
1269 1992 1398 2054 tuarum
1430 1983 1643 2080 petitionibus
1676 2009 1745 2059 no-

373 2106 470 2188 strie,
499 2105 633 2196 suscipe
660 2099 915 2196 deprecationes
942 2109 976 2169 et
1001 2098 1170 2193 lacrymas
1195 2108 1351 2186 nostras,
1377 2100 1478 2194 imple
1503 2121 1566 2173 nos
1593 2107 1746 2174 muneri-

373 2215 435 2288 bus
462 2221 591 2310 gratiae
618 2225 714 2303 tuae,
741 2215 855 2288 etiae
881 2236 945 2287 nos
965 2214 1050 2287 filios
1076 2213 1290 2288 baereditatis
1309 2224 1398 2287 tuae.
1449 2214 1593 2288 Dimitte
1606 2228 1746 2313 peccatu

372 2343 509 2418 nostrap
533 2331 703 2406 sanctifica
730 2335 858 2405 animas
886 2342 920 2403 et
945 2341 1244 2427 corporanostra,
1271 2340 1306 2403 et
1316 2342 1452 2427 praesta
1469 2341 1505 2403 ut
1521 2330 1745 2423 glorificemus

372 2459 406 2520 te
433 2459 568 2538 sancte,
597 2446 749 2522 omnibus
776 2444 892 2524 diebus
918 2450 1009 2519 vitae
1034 2457 1183 2536 nostrae,
1210 2458 1244 2522 et
1269 2451 1473 2540 unigenitum
1499 2448 1617 2522 Filium
1644 2459 1745 2540 tuum,

376 2576 411 2638 ct
435 2563 590 2660 Spiritum
618 2575 707 2636 tuum
734 2565 986 2636 sanctissimum.
1724 2569 1730 2574 '

478 2681 640 2774 Populea.
693 2683 814 2752 Amen.

479 2796 665 2868 Sacerdos.
718 2794 910 2866 Thesanms
939 2793 1138 2866 auxiliorum
1165 2803 1200 2865 et
1224 2793 1302 2868 fons
1319 2792 1495 2884 bonorum,
1521 2796 1615 2868 Deus
1632 2799 1746 2885 Pater,

377 2917 431 3008 qui
463 2935 525 3008 per
558 2914 700 3004 gratiam
731 2921 820 2982 tuam
853 2919 887 2980 et
920 2929 1066 2982 amorem
1102 2929 1184 3000 erga
1217 2931 1280 2983 nos
1312 2909 1462 2986 homines
1492 2923 1601 3002 tuum,
1628 2916 1747 2986 misisti

374 3030 492 3102 Filium
527 3036 616 3100 tuum
650 3025 804 3097 dilectum
837 3028 870 3096 in
906 3023 1079 3114 mundum,
1116 3027 1171 3118 qui
1203 3023 1311 3098 iactus
1348 3036 1401 3098 est
1432 3025 1532 3100 bomo
1559 3032 1644 3101 sient
1668 3049 1745 3118 nos,

374 3144 596 3237 liberavitque
623 3141 814 3238 despectum
842 3161 949 3232 genus
976 3148 1124 3212 nostrum
1152 3163 1171 3211 a
1198 3149 1353 3234 peccato,
1381 3150 1415 3213 et
1441 3142 1482 3214 ad
1509 3147 1649 3238 patriam
1675 3167 1745 3216 no-

376 3271 475 3332 stram
503 3260 676 3354 pristinam
701 3257 835 3328 reduxit
861 3278 940 3329 nos:
967 3256 1020 3327 Tu
1047 3265 1163 3328 sancte
1190 3267 1224 3328 et
1249 3256 1360 3346 tera,
1382 3261 1520 3353 ,suscipe
1547 3258 1746 3332 sacrificium

375 3375 449 3463 boe,
483 3395 597 3446 coram
628 3370 727 3446 uobis
759 3375 923 3468 positum:
957 3393 1061 3465 parce
1096 3381 1130 3441 et
1161 3370 1286 3444 dimitte
1318 3371 1417 3446 nobis
1451 3383 1591 3468 peccata
1616 3383 1758 3461 nostra,x

374 3493 535 3589 propitius
562 3499 649 3578 esto,
677 3499 711 3560 et
737 3491 899 3560 miserere
925 3486 1022 3560 nobis
1050 3485 1213 3575 omuibus,
1241 3498 1275 3560 et
1293 3489 1461 3562 sanctifica
1488 3511 1552 3562 nos
1579 3511 1642 3584 per
1668 3489 1744 3560 cle-

374 3609 528 3677 mentiam
559 3614 660 3676 tuam.
713 3603 878 3676 Miserere
909 3601 1028 3690 nobis,
1067 3623 1130 3696 per
1162 3626 1309 3677 umorem
1343 3625 1427 3698 erga
1460 3604 1610 3677 homiues
1644 3614 1746 3694 tunm,

375 3730 410 3791 et
434 3719 540 3792 libera
567 3741 630 3791 nos
657 3742 677 3790 a
704 3718 962 3811 cogitationibus
990 3716 1182 3810 diabobus,
1208 3742 1272 3792 nec
1299 3731 1435 3794 avertas
1461 3720 1583 3794 faciem
1610 3731 1698 3792 tuam
1726 3743 1746 3790 a

374 3834 486 3910 nobis:
523 3833 584 3908 sed
616 3837 778 3907 miserere
810 3837 916 3908 nostri
942 3835 1102 3924 Domina,
1136 3845 1170 3907 et
1197 3834 1272 3908 dele
1305 3839 1490 3932 iniquitates
1525 3847 1676 3926 nostras,
1712 3846 1747 3908 et

372 3953 513 4042 ignosce
538 3951 732 4046 insipientiis
759 3953 882 4022 nostris
909 3972 971 4045 per
997 3949 1232 4024 multitudinem
1258 3952 1472 4054 benignitatis
1505 3963 1594 4045 tuae,
1621 3963 1655 4025 et
1680 3975 1745 4024 re-

373 4065 520 4138 feremus
547 4066 605 4140 tibi
632 4065 785 4156 glor-tam
813 4075 876 4136 cte.

477 4168 638 4274 Populus.
691 4182 811 4254 Amen.

476 4296 666 4369 Diaconos.
719 4297 861 4370 Stemm.

477 4412 639 4506 Populus.
693 4413 955 4501 Misericordiae,
983 4423 1047 4488 etc.

477 4527 662 4600 Sacerdm
716 4528 846 4602 Caritas
873 4531 991 4601 Patris.

478 4642 640 4736 Populos.
694 4642 738 4716 lu
764 4667 837 4716 cum
865 4648 981 4740 spiritu
1007 4655 1094 4719 tuo„

478 4757 662 4830 Sacerdos.
715 4758 855 4832 Sursum
881 4760 994 4833 corda.

477 4871 639 4965 Populus.
692 4873 861 4948 Habemus
889 4875 930 4946 ad
957 4876 1145 4949 Dominum.

476 4985 662 5061 Sacerdos.
717 4988 850 5064 Gratias
878 5012 1016 5083 agamus
1043 4994 1128 5065 Deo.
