4728 6028
640 599 691 676 tt
724 595 1028 676 LITURGth
1061 593 1342 674 statutus.
1624 596 1674 672 95

300 783 419 847 Graeco
450 797 634 844 conversos:
663 782 822 864 septimum
850 787 950 842 autern
972 777 1011 841 ad
1036 778 1163 842 verbum
1189 787 1327 874 -rt'tpttt't
1349 760 1499 877 trt'ttbtptt
1516 759 1561 847 ΠΒ
1580 785 1675 848 arnt:

300 875 401 960 ἐχέτω
421 869 481 964 τὴν
503 867 708 943 ἀκολουθίαν
728 877 787 963 τῆς
807 877 906 964 τιμῆς
927 878 1054 940 bmoris
1073 880 1323 959 consequentiam.
1344 878 1452 960 Neque
1475 878 1507 940 in
1526 877 1577 940 illa
1599 897 1676 942 ver-

299 980 386 1041 sione
407 978 502 1040 verba
524 978 575 1041 illa
597 981 803 1060 reperiuntur,
825 977 966 1038 Ecclesia
987 976 1128 1038 Ιίοοιοοο
1149 995 1268 1056 semper
1284 976 1391 1039 habuit
1407 978 1581 1056 primaten,
1603 977 1676 1040 licet

298 1077 331 1140 id
351 1077 542 1139 affirmaverit
569 1075 757 1140 Abrahsrnus
786 1075 984 1158 Echellensis.
1035 1074 1111 1136 Nam
1140 1074 1243 1137 versio
1273 1093 1362 1156 qumn
1389 1077 1532 1153 citamus,
1560 1093 1598 1138 ea
1627 1083 1676 1140 est
1808 1145 1811 1152 ‚

300 1193 388 1257 quam
411 1176 545 1238 continet
568 1173 674 1238 Codex
699 1175 854 1238 Mediceus
876 1173 914 1235 in
936 1172 1109 1236 membrana
1132 1174 1265 1254 scriptas
1288 1179 1357 1235 ante
1382 1189 1494 1251 annos,
1525 1180 1557 1235 ut
1584 1174 1674 1236 mini-

299 1291 390 1352 mum,
413 1275 635 1356 septingentae.
681 1273 755 1338 Cum
784 1290 860 1336 vero
884 1272 922 1334 ad
944 1271 1109 1354 Epistolsm
1132 1267 1277 1352 Cypriani
1301 1269 1339 1332 ad
1361 1271 1485 1346 Fidum,
1514 1272 1565 1350 qui
1593 1273 1676 1334 Ftlrrs

301 1379 445 1449 vocatur,
487 1378 621 1434 notatum
659 1373 848 1452 reperiamus
891 1370 998 1434 laetam
1042 1388 1114 1433 esse
1155 1371 1327 1432 versionem
1370 1387 1448 1432 anno
1490 1366 1675 1432 Graecorum

299 1468 566 1533 DCCCCXCVlll.
589 1469 641 1551 qui
664 1479 710 1532 est
731 1470 758 1532 J.
782 1469 815 1533 C.
836 1468 1048 1533 uchxxxvt.
1079 1468 1215 1550 ejusdem
1239 1469 1345 1530 aetatis
1376 1485 1447 1531 esse
1469 1467 1589 1530 videtur
1613 1467 1676 1533 Ca-

299 1585 422 1646 nonum,
447 1570 497 1648 qui
526 1568 634 1632 eodem
655 1569 808 1632 volumine
839 1568 1048 1646 contuentur,
1077 1567 1300 1649 interpretatio.
1345 1566 1443 1630 Habet
1470 1566 1558 1628 etiarn
1583 1575 1677 1630 vetu-

301 1669 387 1731 statis
409 1665 550 1730 indicium
572 1685 633 1730 non
655 1667 821 1747 mediocre,
846 1667 926 1746 quod
949 1665 1089 1730 Oenones
1111 1665 1181 1729 illos
1197 1665 1347 1728 Arabicas
1369 1681 1432 1726 non
1454 1673 1675 1745 repraesentet,

301 1783 402 1846 neque
424 1765 638 1844 narrationem,
663 1783 740 1847 quae
763 1765 952 1831 Praelatione
974 1765 1106 1829 Arabica
1129 1765 1312 1842 continetur,
1335 1761 1484 1825 ullatenus
1508 1762 1675 1828 confirmet.

388 1862 422 1926 ln
442 1863 504 1927 illis
527 1882 603 1928 vero
628 1863 793 1944 Oenonen,
816 1866 867 1947 qui
888 1864 1017 1927 Arabici
1043 1863 1137 1946 vulgo
1159 1861 1308 1940 dicantur,
1332 1854 1603 1940 Collectionibus,
1618 1862 1676 1924 Ni-

303 1980 399 2026 caeno
422 1958 558 2026 concilio
582 1963 783 2026 attribuuntur
805 1981 884 2044 quae
911 1964 943 2025 in
969 1961 1303 2041 Constantinopolitano
1332 1961 1495 2023 constituta
1523 1967 1608 2039 sunt,
1637 1961 1676 2023 de

303 2058 500 2126 translatione
524 2062 676 2144 dignitatis
699 2061 824 2142 Ephesi,
847 2060 885 2125 ad
915 2079 1024 2125 novam
1047 2062 1181 2138 Romam,
1204 2059 1352 2138 simulque
1374 2057 1473 2122 honor
1494 2059 1593 2139 quarti
1616 2059 1677 2120 Pa-

302 2159 481 2222 triarchatus
512 2160 804 2241 hierosolymitanae
834 2159 900 2224 sedi
935 2158 1085 2222 tribuitur.
1142 2157 1217 2220 Eam
1243 2156 1487 2218 constitutionem
1515 2159 1618 2220 retulit
1646 2159 1677 2219 in

302 2255 683 2338 Nomocanonissuicap.
709 2257 928 2340 heregerius
956 2256 1191 2344 Abuliaregius,
1218 2254 1266 2317 bis
1293 2255 1397 2316 verbis
1425 2253 1563 2330 Qaatnor
1590 2263 1679 2318 erum

303 2353 518 2431 Patriarclrae,
531 2358 627 2436 juata
647 2375 803 2418 rametam
823 2365 953 2436 quatuor
971 2357 1108 2436 partium
1129 2355 1240 2417 mmrds'.
1280 2352 1428 2432 Princeps
1449 2371 1524 2415 cero
1546 2371 1679 2415 summm

304 2454 444 2532 mnarum,
468 2461 514 2516 est
534 2454 722 2517 Patriarclra
742 2455 908 2531 Ηοοιοοιιο,
927 2462 1001 2534 post
1028 2474 1095 2516 enm
1116 2452 1355 2526 Alexandrinus,
1377 2458 1438 2512 tam
1462 2449 1679 2514 Corrstantr'ao-

301 2552 470 2630 polr'tonas,
502 2554 575 2632 qaia
609 2553 649 2614 ab
682 2552 802 2633 llplreso
832 2554 876 2614 od
907 2553 1012 2615 urbem
1047 2550 1412 2630 Constantirropolitarram
1445 2549 1680 2613 Patricrehotrrs

304 2648 647 2730 montemontano
671 2651 765 2712 etiam
791 2649 880 2713 Nooa
902 2650 1001 2714 llorrro
1021 2656 1134 2712 cacata
1154 2657 1208 2710 est.
1251 2648 1328 2711 Post
1354 2667 1421 2710 eum
1448 2650 1583 2728 sepaihrr
1609 2646 1679 2708 Pa-

304 2746 443 2808 tricrclra
462 2745 677 2823 Antiochenses,
700 2749 752 2828 pai
773 2749 806 2810 r‘rr
828 2757 920 2810 totam
942 2747 1096 2810 Orientem
1109 2745 1485 2827 jurisdicttonerrobtirret.
1511 2745 1585 2809 Cam
1605 2765 1680 2808 aero

304 2841 593 2926 llr'erosolymr'tanas
613 2845 826 2925 Episcopatu,
848 2847 1028 2908 corutitatns
1044 2846 1100 2908 arrd
1115 2847 1280 2908 autoritate
1294 2845 1496 2926 Metropoleos
1508 2844 1680 2907 Caesareae

304 2940 436 3021 Philippi
456 2943 567 3004 dadam
586 2942 676 3022 soret,
699 2944 797 3006 horror
818 2945 915 3025 prriatr‘
933 2943 1170 3006 Potriarcbohrs
1196 2944 1242 3004 r'llr'
1263 2943 1409 3023 defertur,
1431 2944 1487 3005 sed
1507 2944 1597 3010 satec
1618 2961 1680 3004 orr-

305 3039 428 3102 torr'tate
449 3039 659 3122 Metropolitae
682 3040 868 3117 Caesareae,
896 3049 927 3104 et
951 3041 1132 3104 Antiochenr'
1152 3040 1368 3108 Patriorolrae.
1412 3039 1495 3104 llaec
1516 3040 1629 3104 habent
1650 3041 1681 3102 in

305 3137 367 3199 suis
390 3138 548 3201 Canonum
570 3137 807 3203 Collectionibus
835 3138 976 3202 Arabicis
1005 3138 1177 3218 Jacobitae,
1207 3137 1529 3222 quashbullaragius
1556 3145 1680 3201 secutus

306 3243 361 3298 est.
402 3235 511 3298 Mirum
534 3244 632 3300 tamem
654 3237 845 3301 Patriarchae
868 3236 1133 3318 hierosolymitani
1155 3237 1265 3300 nullius
1289 3236 1369 3318 apud
1391 3236 1460 3299 illos
1483 3242 1590 3299 extare
1612 3255 1681 3299 me-

305 3333 446 3408 moriam;
468 3351 579 3414 neque,
602 3335 702 3416 siqui
725 3353 764 3397 en
786 3334 905 3398 illorum
927 3343 1021 3412 secta,
1044 3334 1095 3396 vel
1123 3352 1163 3397 ex
1184 3335 1384 3413 Nestoriana,
1410 3335 1442 3396 in
1470 3333 1547 3396 urbe
1575 3342 1681 3398 sancta

306 3431 521 3512 Episcopatum
553 3440 734 3513 gesserunt,
764 3433 890 3497 honoris
916 3431 967 3495 illa
994 3432 1209 3515 praerogativa
1238 3433 1326 3514 potiti
1354 3431 1495 3496 videntur
1523 3449 1602 3494 esse.
1646 3431 1679 3492 ln

305 3529 486 3593 Nestoriana
508 3531 627 3611 quidem
648 3530 786 3593 Ecclesia
807 3532 886 3592 inter
899 3529 1084 3612 Metropoles
1107 3537 1286 3594 recensetur
1307 3529 1488 3609 Jerusalem,
1511 3529 1567 3592 sed
1588 3529 1681 3611 vige-

307 3629 381 3692 simo
404 3629 538 3691 secundo
561 3629 641 3706 loco,
664 3636 776 3691 tantum
799 3630 885 3691 abest
907 3637 940 3691 ut
962 3627 1132 3691 attributam
1155 3628 1322 3692 aNicaeuo
1345 3627 1481 3692 Concilio
1504 3627 1680 3709 dignitatem

306 3727 490 3789 servaverit:
514 3745 581 3790 cum
603 3745 665 3790 non
687 3727 776 3791 modo
800 3726 989 3805 Catholicae,
1021 3728 1071 3808 qui
1093 3744 1265 3809 supremum
1292 3729 1359 3810 ipse
1389 3727 1446 3789 sibi
1473 3725 1681 3790 Pontificatum

306 3825 384 3887 inter
406 3844 480 3889 suas
503 3827 669 3908 arrogavit,
691 3826 763 3888 licet
785 3825 816 3886 in
838 3825 956 3888 Pseudo
978 3824 1120 3888 Nicaeuis
1148 3826 1208 3888 illis
1231 3825 1405 3889 Canonibas
1434 3831 1503 3905 past
1531 3823 1681 3885 Hieroso-

306 3923 480 4004 lymitanum
502 3924 685 4007 Episcopum
707 3925 887 4004 nominetur,
911 3943 979 3988 eum
1001 3923 1179 4005 praecedam
1202 3940 1308 3988 rerum
1331 3924 1434 4004 plures
1457 3921 1507 3984 alii
1519 3921 1680 3999 Metropo-

307 4020 378 4084 litae
401 4022 530 4102 urbium,
554 4041 632 4105 quae
656 4022 726 4087 olim
748 4041 787 4086 ne
809 4023 980 4104 Episcopus
1004 4023 1124 4104 quidem
1150 4020 1328 4084 habuerant.
1372 4021 1476 4101 ltaque
1499 4017 1681 4096 interillos,

307 4127 340 4181 ut
360 4121 441 4182 inter
461 4120 625 4198 locabitas,
649 4139 715 4184 oum
738 4121 1001 4202 hierosolymitani
1029 4120 1178 4184 Antistitis
1210 4121 1322 4184 mentio
1345 4119 1485 4202 injicitur,
1509 4135 1571 4180 non
1593 4115 1681 4182 aliter

308 4227 437 4282 vocatur
459 4237 546 4298 quam
568 4219 772 4300 Metropolim,
796 4226 827 4282 et
848 4219 917 4282 talis
940 4219 1151 4302 cratlgnatius
1165 4218 1203 4280 ad
1217 4237 1306 4299 quem
1319 4217 1571 4280 Commentariun
1594 4233 1681 4279 suum

308 4317 339 4379 in
360 4316 469 4380 lacobi
490 4318 655 4400 Liturgiam
678 4318 800 4398 scripsit
821 4315 985 4404 Dionysius
1007 4316 1166 4381 Barsalibi.
1220 4316 1364 4399 Legimus
1387 4317 1475 4378 etiam
1497 4316 1528 4378 in
1550 4313 1684 4378 Historia

307 4412 546 4478 Patriarcharum
567 4415 853 4493 Alexandrinorum,
876 4414 1022 4497 Cyrillum
1054 4414 1146 4478 tilium
1168 4414 1310 4493 Laklalti,
1340 4432 1421 4477 nova
1444 4413 1585 4494 exemplo
1608 4413 1683 4476 ilie-

307 4511 471 4593 rosolymis
494 4514 717 4595 Metropolitum
747 4515 960 4593 constituisse,
988 4514 1044 4578 sed
1072 4512 1347 4577 contradicentibus
1375 4531 1435 4576 nan
1464 4511 1554 4575 modo
1586 4511 1682 4594 Syris,

308 4627 414 4696 verum
435 4612 510 4692 ipsis
532 4612 711 4694 Aegyptiis,
742 4612 823 4693 quod
854 4613 930 4676 haec
958 4613 1105 4676 institutio
1135 4613 1174 4676 ad
1200 4611 1385 4674 antiocheni
1414 4610 1606 4674 Patrimchae
1632 4610 1683 4691 jus

308 4715 474 4788 spectaret,
498 4729 539 4774 ex
561 4713 659 4774 veteri
681 4711 847 4792 disciplina.
884 4711 946 4774 Soli
968 4711 1061 4795 igitur
1082 4709 1191 4774 Graeci
1213 4710 1283 4773 urbi
1303 4718 1429 4773 sanctae
1450 4708 1684 4773 Patriarchalem

1750 1261 1793 1314 na
1817 1261 1906 1335 arag
1937 1263 2002 1322 cm

1706 1347 1761 1400 ne.
1778 1349 1859 1404 aa.

1719 1857 1788 1910 later
1803 1856 1947 1912 Orientales
1957 1844 2003 1912 rix

1689 1943 1813 1996 bonorem
1839 1959 1855 1995 n
1884 1941 2001 1996 Concilio

1689 2027 1803 2082 Miasena
1820 2029 1941 2082 triburam
1955 2045 2002 2083 re·

1688 2117 1771 2169 tinuit.
1792 2173 1798 2184 ,

1747 4417 1811 4469 tter.
1836 4415 1906 4469 Patr.
1932 4390 2006 4469 Abs.

1711 4521 1738 4572 p.
1755 4500 1818 4555 ⁵79.

309 4806 484 4888 dignitatem
506 4817 717 4888 serraverunt,
740 4826 868 4890 quorum
890 4808 1151 4890 exemploLatini,
1175 4827 1242 4872 cum
1265 4828 1332 4872 eam
1354 4809 1444 4872 armis
1468 4815 1682 4888 occupassent,
1748 4869 1753 4890 ,

308 4903 445 4968 Latinum
474 4909 674 4972 Patriarcham
701 4909 908 4989 instituerunt,
945 4909 1031 4990 cujus
1061 4907 1251 4991 postmodum
1279 4907 1348 4971 loco
1375 4895 1485 4993 κωφὸν
1510 4894 1684 4992 πρόςωπον

309 4999 423 5068 Romae
446 5007 646 5071 constituitur.
673 5007 781 5090 Neque
804 5014 910 5070 contra
931 5007 963 5070 id
985 5007 1067 5088 quod
1090 5007 1148 5070 huo
1170 5024 1267 5088 usque
1290 5005 1406 5070 dictum
1422 5005 1489 5086 luit,
1511 5004 1602 5085 objici
1623 5021 1684 5083 po·
