4814 6060
707 507 866 618 arr¹
1215 504 1576 630 auruncus

813 692 973 787 Populus.
1027 692 1173 783 Dignum
1200 701 1234 762 et
1258 693 1383 781 justum
1409 701 1470 763 est.
1586 750 1591 760 .

813 809 990 880 Sacerdos
1015 807 1207 878 inclinatos.
1259 805 1352 878 Vere
1387 806 1521 899 dignum
1555 815 1589 876 et
1618 809 1742 899 iustum
1777 815 1847 896 est,
1889 817 1924 879 ut
1957 807 2085 900 gratias

709 946 848 1017 agamus
876 923 945 1010 tibi,
972 933 1005 993 te
1031 919 1270 1014 glorificemus,
1296 931 1331 992 te
1358 920 1557 1009 adoremus,
1585 933 1618 993 et
1644 919 1816 992 laudemus
1842 921 1957 1012 Deus,
1984 922 2087 995 Pater

708 1039 902 1112 coelestium
930 1047 964 1108 et
990 1039 1195 1108 terrestrium
1222 1037 1384 1125 Domine,
1410 1037 1530 1108 Filium
1557 1045 1647 1108 tuum
1672 1038 1877 1127 unigenitum
1912 1047 1946 1111 et
1971 1038 2087 1134 Spiri-

710 1164 776 1226 tum
805 1165 894 1227 tuum
923 1164 1083 1225 sanctum.

814 1269 964 1340 Eleraoa
989 1291 1115 1340 uocem.
1169 1267 1263 1339 Tuae
1289 1276 1366 1339 sunt
1390 1266 1544 1353 Domine,
1573 1287 1690 1338 omnes
1718 1281 1896 1342 creaturae
1931 1291 2018 1362 quae
2053 1271 2087 1338 in

710 1386 827 1472 coelis,
855 1394 889 1456 et
916 1388 1061 1479 quaein
1088 1394 1178 1456 terra
1205 1394 1293 1467 sunt,
1320 1391 1355 1454 et
1380 1393 1414 1453 tc
1441 1381 1667 1454 indesinenter
1693 1383 1887 1475 glorificant
1929 1385 1980 1455 'le
2005 1384 2086 1455 lau-

710 1502 766 1574 dat
792 1489 861 1572 s'ot:
889 1513 924 1572 te
950 1500 1027 1572 luna
1055 1510 1255 1585 veneratur,
1289 1507 1322 1569 te
1357 1519 1515 1590 magnum
1546 1497 1719 1593 praedicat
1752 1499 1923 1572 stellarum
1950 1521 2086 1592 agmen,

711 1629 746 1690 te
773 1615 946 1688 celebrant
971 1619 1094 1703 maria,
1131 1626 1165 1686 et
1198 1616 1306 1686 omnia
1342 1636 1428 1708 (prae
1464 1617 1497 1683 in
1524 1616 1574 1686 eis
1602 1623 1685 1685 sunt.
1739 1614 1847 1686 Terra
1882 1637 1967 1687 vero
2000 1637 2086 1708 quae

714 1743 766 1805 est
792 1728 974 1802 scabellum
1007 1730 1068 1804 sub
1102 1729 1242 1826 pedibus
1276 1733 1360 1816 tuis,
1388 1728 1506 1802 adorat
1531 1739 1582 1819 te,
1617 1741 1650 1801 et
1684 1730 1850 1821 glorificat
1881 1730 2087 1801 divinitatem

712 1858 801 1918 tuam
827 1849 861 1917 in
887 1845 1042 1918 Ecclesia
1078 1845 1133 1918 illa
1167 1867 1253 1938 quae
1280 1843 1422 1940 hymnos
1448 1864 1551 1939 puros
1586 1844 1628 1915 ad
1661 1853 1695 1915 te
1730 1848 1819 1916 canit
1851 1868 1912 1917 ore
1947 1845 2088 1917 liliorum

713 1984 865 2036 suorum:
901 1983 963 2056 per
989 1963 1146 2032 vaticinia
1172 1959 1433 2056 Prophetarum,
1469 1979 1531 2054 per
1567 1963 1700 2050 agmina
1735 1959 1993 2055 Apostolorum,
2025 1981 2088 2055 per

711 2076 850 2149 caedem
877 2085 911 2146 et
937 2076 1171 2171 lapidationem
1200 2086 1393 2171 martyrum,
1419 2096 1481 2169 per
1507 2079 1704 2166 sanguinem
1738 2079 1960 2169 suspirantem
1987 2072 2088 2146 Cou-

710 2192 889 2276 lessorum,
915 2214 978 2286 per
1005 2192 1187 2264 doctrinam
1215 2194 1421 2278 Doctorum,
1454 2213 1518 2286 per
1550 2189 1746 2286 praeclaros
1779 2213 1892 2264 mores
1925 2191 2087 2282 Religio-

712 2329 835 2395 sorum,
862 2329 924 2403 per
951 2305 1093 2380 sudores
1120 2319 1153 2380 et
1178 2305 1334 2394 labores,
1362 2327 1478 2376 eorum
1511 2310 1566 2400 qui
1599 2305 1810 2377 voluntariae
1836 2328 1875 2378 se
1900 2311 2091 2402 paupertati

711 2422 925 2494 addixerunt:
951 2444 1013 2518 per
1039 2422 1179 2494 familias
1201 2427 1349 2519 piorum:
1377 2443 1439 2518 per
1461 2430 1577 2494 coetus
1601 2426 1783 2514 justorum:
1810 2444 1872 2518 per
1897 2422 1985 2494 festa
2000 2422 2087 2494 Vir-

711 2541 837 2630 ginum,
868 2559 930 2632 per
956 2537 1163 2609 sedulitatem
1195 2521 1465 2623 Neaeraeomm,
1493 2557 1555 2633 per
1592 2540 1870 2610 exercitationem
1896 2537 2090 2610 hlonaaho-

711 2675 800 2724 rum:
828 2674 890 2746 per
915 2655 1138 2747 privationem
1165 2663 1200 2724 et
1227 2657 1454 2726 secessionem
1479 2653 1720 2726 solitariorum:
1747 2675 1810 2748 per
1833 2657 2089 2749 peregrinorum

710 2769 983 2864 persecutiones:
1016 2791 1079 2863 per
1111 2773 1346 2860 necessitatem
1379 2789 1577 2863 pauperum:
1614 2790 1676 2863 per
1707 2768 1877 2863 lacrymas
1904 2773 2089 2864 poeniten-

712 2886 803 2972 tium,
829 2904 891 2978 per
917 2883 1154 2980 eleemosynas
1181 2884 1459 2956 misericordium:
1486 2905 1548 2979 per
1575 2886 1718 2978 suspiria
1739 2905 1853 2955 eorum
1881 2888 1936 2978 qul
1963 2905 2090 2978 perse-

711 3001 878 3070 cutionem
904 3002 1084 3094 patiuntur:
1110 3021 1173 3096 per
1200 3000 1431 3094 quodcumque
1447 2999 1580 3070 tandem
1607 3019 1715 3091 genus
1748 3021 1905 3071 verorum
1932 2999 2087 3071 fidelium.

714 3111 853 3186 Goelum
890 3118 990 3186 etiam
1024 3119 1058 3186 in
1090 3113 1103 3151 ²
1135 3115 1240 3188 tribus
1277 3113 1441 3188 Ecclesiis
1475 3113 1596 3186 ibidem
1631 3113 1808 3204 ordinatis,
1843 3118 1877 3185 in
1908 3113 1972 3186 illis
2000 3119 2088 3187 enim

711 3229 907 3319 celebraris,
935 3230 1134 3322 glorificaris
1162 3241 1196 3302 et
1221 3229 1386 3332 laudaris,
1413 3253 1474 3326 per
1501 3230 1741 3301 indesinentem
1769 3229 1901 3301 laudum
1926 3229 2087 3302 celebra·

711 3346 845 3430 tionem,
873 3343 1005 3441 hymnis
1031 3351 1122 3441 puris
1150 3357 1184 3419 et
1210 3350 1347 3434 sanctis,
1375 3345 1508 3416 citharis
1534 3342 1705 3433 suavibus,
1732 3357 1766 3417 et
1789 3345 1955 3437 jucundis,
1983 3345 2087 3416 exal-

710 3460 889 3532 tationibus
916 3460 1118 3552 magnificis,
1146 3472 1179 3533 et
1206 3461 1471 3558 triumphalibus,
1505 3461 1600 3532 lestis
1634 3469 1668 3532 et
1701 3463 1839 3533 canticis
1876 3483 1962 3555 quae
1996 3459 2090 3540 nullo

710 3575 855 3666 silentio,
883 3587 939 3647 aut
964 3576 1029 3647 fine
1055 3580 1280 3663 terminantur,
1310 3577 1424 3650 oribus
1451 3579 1530 3669 igne
1557 3580 1746 3648 succensis:
1780 3575 1836 3648 ubi
1871 3575 1962 3646 mille
1988 3575 2089 3648 millia

707 3701 742 3760 et
769 3689 938 3787 myriades
966 3691 1152 3787 myriadum
1180 3717 1199 3764 a
1227 3691 1416 3766 laudatione
1443 3713 1509 3763 non
1537 3695 1722 3785 quiescunt,
1748 3691 1871 3783 linguis
1898 3694 1928 3764 si
1955 3692 2087 3784 quidem

704 3814 780 3875 sunt
804 3827 875 3876 non
902 3812 1046 3896 carneis,
1074 3806 1133 3879 sed
1161 3806 1334 3898 flammeis,
1362 3816 1395 3877 et
1421 3807 1629 3902 praeclaram
1652 3803 1776 3877 habent
1801 3804 1991 3878 facundiam
2006 3810 2083 3903 spi-

708 3922 807 3991 ritus:
840 3942 902 4015 per
934 3925 1061 3993 cantica
1097 3924 1298 4020 suavissima
1336 3922 1562 4014 Angelorum,
1606 3943 1672 4018 pen
1699 3921 1826 4013 jubilos
1861 3925 2086 4017 incorporeos

706 4033 1015 4127 Archangelomm,
1041 4059 1103 4133 per
1129 4060 1235 4110 voces
1263 4037 1450 4109 modulatas
1486 4037 1751 4132 Principatuum,
1785 4059 1846 4132 per
1873 4036 2086 4132 splendorem

708 4147 932 4240 Potestatum,
959 4174 1024 4249 per
1050 4152 1216 4226 clamores
1243 4151 1409 4225 terribiles
1436 4154 1723 4239 Dominationum,
1751 4175 1813 4249 per
1840 4157 1973 4246 agmina
2001 4151 2088 4222 Vir-

708 4273 823 4354 tutum,
850 4289 912 4361 per
939 4270 1082 4340 eximias
1109 4289 1216 4342 voces
1243 4268 1474 4341 'lbronorumz
1503 4291 1565 4364 per
1591 4272 1738 4342 tonitrua
1764 4266 1923 4341 terribilia
1951 4263 2089 4336 Cheru-

709 4376 798 4470 bim,
833 4402 895 4475 per
928 4382 1062 4454 volatus
1094 4383 1251 4457 ardentes
1286 4383 1461 4479 Seraphim
1496 4405 1564 4468 sex,
1594 4384 1666 4456 alas
1698 4383 1904 4471 habentium,
1938 4383 1991 4475 qui
2017 4403 2087 4452 uno
2182 4398 2200 4406 ’

712 4493 911 4590 aequalique
945 4501 1031 4568 inter
1063 4521 1180 4572 omnes
1213 4498 1335 4590 jubilo,
1363 4498 1570 4591 glorificant,
1598 4500 1760 4588 clamant,
1795 4496 2020 4571 vociferantur
2053 4506 2090 4566 et

712 4607 833 4681 dicunt.

817 4726 979 4819 Populus.
1032 4719 1187 4799 Sanctusss
1213 4726 1367 4803 Sanctus.
1395 4729 1548 4802 Sanctus.

816 4838 993 4914 Sacerdos
1025 4842 1217 4913 inclinatos.
1272 4843 1365 4915 Vere
1400 4846 1488 4916 enim
1524 4852 1659 4916 sanetus
1697 4861 1751 4928 es,
1786 4840 1949 4912 Dominus
1984 4842 2089 4911 etiam

710 4975 751 5023 ac
785 4953 864 5026 Rex
898 4960 1063 5050 omnium,
1098 4979 1172 5030 cum
1207 4961 1379 5053 unigenito
1412 4958 1497 5031 Filio
1532 4967 1608 5050 tuo,
1642 4967 1675 5028 et
1707 4955 1833 5053 Spiritu
1866 4963 1983 5028 sancto
2014 4962 2089 5044 tuo,
