4814 6060
571 501 621 576 lh*
647 499 912 576 LITURGIhhl
938 499 1131 623 Jdlhttls
1157 499 1403 579 hGOEllllTl.
1598 503 1676 578 487

304 687 355 766 qui
376 685 508 748 Joannes
531 683 658 766 Magnus
683 681 851 764 appellatus
874 691 932 762 est,
957 700 974 743 a
996 700 1056 764 quo
1080 684 1219 746 ordinata
1241 684 1444 768 luithiturgia
1462 687 1539 750 dicta
1552 686 1675 759 Docto-

303 803 369 846 rum
384 781 572 848 Sanctorum.
602 783 689 846 Alius
708 782 840 844 occurrit
853 781 998 862 loannes,
1011 784 1062 863 qui
1073 784 1148 845 vixit
1159 793 1230 864 post
1242 802 1350 846 annum
1361 786 1389 851 J.
1397 785 1431 848 C.
1443 780 1673 850 dccxxxvii.

306 884 344 944 ad
367 901 454 963 quem
479 880 678 946 ChailXLVl.
702 879 925 942 Alexandrinus
950 881 1119 943 Patriarcha
1142 890 1212 964 post
1234 883 1453 946 ordinationem
1473 883 1577 947 literas
1591 883 1701 998 Syn-¹⁹

303 983 405 1044 odicas
436 982 534 1044 nullas
564 983 661 1058 misit,
693 997 761 1040 cum
789 981 915 1040 maxima
939 989 1021 1041 esset
1043 981 1189 1044 Joannem
1212 983 1301 1044 istum
1324 983 1418 1061 inter,
1450 991 1480 1044 et
1501 983 1672 1064 Episcopus

302 1099 376 1144 suos
406 1079 575 1158 discordia,
605 1097 643 1142 eo
673 1077 753 1159 quod
783 1080 809 1140 is
838 1078 997 1140 autoritate
1029 1078 1142 1150 Sullani
1172 1081 1276 1144 sedem
1307 1089 1504 1162 occupasset,
1539 1083 1675 1162 quamvis

302 1179 474 1260 Episcopus
497 1177 593 1257 soret,
625 1178 706 1259 quod
729 1185 834 1238 contra
858 1177 1040 1239 Canonicam
1063 1177 1249 1259 disciplinam
1271 1187 1346 1244 crat.
1391 1180 1525 1244 Alterius
1548 1181 1674 1244 loannis

303 1279 445 1342 memoria
468 1283 516 1340 est
538 1278 619 1339 circa
642 1295 750 1340 aunum
771 1276 798 1339 J.
823 1276 857 1340 C.
880 1274 1035 1341 DCCCLl.
1058 1279 1114 1340 suh
1138 1278 1247 1342 Cosma
1270 1279 1443 1342 Patriarcha
1465 1279 1674 1342 Alexandrino

302 1375 378 1442 LlV.
400 1377 606 1458 redintegrata
625 1379 687 1459 jam
710 1394 777 1438 cum
800 1375 1010 1455 Antiocheuis,
1033 1375 1308 1442 Alexandrinorum
1331 1378 1505 1442 concordia.
1528 1377 1675 1440 Diversus

220 1535 227 1545 ,
303 1477 341 1538 ah
364 1476 422 1538 illis
446 1477 583 1539 omnibus
607 1475 661 1538 fuit
682 1476 815 1539 Joaunes
839 1475 863 1537 is
888 1475 939 1555 qui
961 1493 1040 1538 anno
1062 1475 1090 1538 J.
1114 1476 1148 1539 C.
1171 1475 1406 1542 DCCCCLVlll.
1429 1495 1496 1539 cum
1518 1478 1555 1539 ah
1574 1475 1675 1556 lmpe-

303 1581 405 1636 ratore
418 1575 749 1656 Constantinopolitano
772 1575 800 1635 in
824 1573 930 1636 urbem
953 1576 1118 1637 accersitus
1134 1575 1242 1638 luisset
1257 1592 1360 1638 coram
1372 1577 1489 1638 Graeco
1502 1573 1675 1638 Patriarcha

305 1675 430 1755 ejusque
454 1673 564 1751 Clero,
587 1673 767 1754 lmperiique
790 1673 974 1752 primatibus,
997 1673 1086 1737 fidem
1107 1673 1301 1738 Jacohiticam
1325 1676 1538 1756 propugnavit,
1561 1681 1594 1736 ut
1609 1674 1675 1754 ipse

1739 843 1802 898 uae.
1827 843 1899 897 rm.
1923 819 1998 899 Ata.

1703 965 1710 979 .
1728 929 1791 980 217.

304 1773 426 1852 scripsit
454 1774 484 1833 in
507 1770 586 1834 hene
609 1773 701 1854 longa
724 1772 761 1834 ad
784 1772 921 1835 hlonuam
943 1771 1180 1836 Alexandrinum
1202 1772 1279 1838 Lxl.
1302 1773 1454 1854 Epistola,
1483 1791 1570 1854 quam
1593 1774 1677 1836 iute-

305 1889 389 1954 gram
412 1872 652 1950 repraesentavit
675 1880 764 1934 autor
787 1871 946 1934 Tractatus
970 1872 1008 1934 de
1029 1872 1104 1936 Fide
1127 1873 1256 1953 Patrum,
1281 1873 1310 1935 in
1334 1872 1447 1937 Codice
1465 1872 1675 1955 Seguieriauo.

304 1969 391 2032 Alius
420 1959 491 2032 item
522 1967 576 2030 luit
598 1971 731 2032 Joannes
755 1979 957 2051 cognomento
981 1970 1057 2032 lilius
1087 1971 1233 2046 Abdum,
1261 1971 1434 2036 Patriarcha
1455 1970 1674 2048 Antiochenus,

305 2068 343 2129 dc
367 2085 426 2148 quo
450 2068 582 2131 llistoria
605 2067 810 2132 Alexandrina
834 2068 863 2129 in
880 2070 941 2131 vita
957 2069 1119 2132 Zachariae
1131 2070 1322 2134 Patriarchae
1336 2071 1440 2133 LXlV.
1454 2069 1561 2133 similia
1575 2086 1673 2150 prope

304 2176 417 2231 narrat.
457 2165 503 2228 Ad
527 2187 617 2248 quem
640 2187 679 2230 err
701 2167 759 2229 illis
782 2167 917 2252 Liturgia
941 2167 1016 2230 haec
1035 2168 1196 2234 referenda
1212 2171 1260 2249 sit,
1283 2189 1322 2233 ue
1338 2168 1537 2252 conjectando
1554 2167 1675 2250 quidem

304 2267 426 2346 assequi
448 2283 619 2346 possumus,
945 2253 950 2264 ¹

392 2365 502 2425 Scriba
531 2373 657 2426 vocatus
687 2373 752 2442 est,
779 2363 806 2427 is
836 2363 874 2427 de
903 2383 963 2445 quo
993 2365 1163 2445 quaeritur:
1195 2385 1254 2446 qua
1276 2384 1354 2430 voce
1377 2365 1505 2450 intelligi
1527 2367 1617 2430 dehet
1639 2367 1676 2443 ia,

307 2481 393 2544 quem
417 2463 523 2526 eadem
545 2463 765 2546 significatione
790 2463 952 2528 Christiani
974 2464 1105 2528 Arabica
1128 2465 1315 2544 scribentes,
1337 2473 1449 2529 vocant
1471 2479 1564 2535 alth>
1585 2467 1676 2528 Kotib

306 2580 323 2624 a
344 2580 432 2623 manu
455 2569 485 2624 et
508 2581 525 2623 a
547 2563 676 2625 secretis
698 2562 953 2626 Patriarcharum:
999 2563 1107 2627 Graeci
1135 2565 1229 2647 vulgo
1257 2565 1411 2648 syncellos
1433 2565 1660 2646 appellaverunt
1667 2585 1676 2641 ;

305 2661 384 2724 unde
407 2662 548 2740 discitur,
576 2662 728 2724 loannem
746 2670 815 2723 aute
837 2679 925 2742 quam
948 2662 1182 2726 Patriarchalem
1204 2664 1380 2746 dignitatem
1403 2662 1571 2743 obtineret,
1595 2664 1678 2745 Syn-

306 2759 372 2822 oelli
397 2761 476 2839 apud
497 2759 693 2822 decessorem
715 2778 802 2822 suum
825 2778 930 2823 munus
954 2763 1142 2826 exercuisse.

391 2857 538 2920 Ahoomio
561 2871 690 2926 mutan:
713 2877 775 2921 vox
799 2858 922 2941 Syriaca
945 2879 1006 2922 uon
1030 2868 1092 2922 est:
1116 2878 1215 2941 neque
1239 2862 1277 2922 ad
1300 2859 1446 2924 Graecam
1469 2863 1529 2924 ulla
1551 2862 1678 2943 propius

306 2957 437 3035 accedit,
452 2959 554 3036 'quam
590 2957 626 3020 ad
649 2946 822 3042 οἷκοίμητος
845 2977 904 3039 qua
925 2978 1004 3022 voce
1026 2961 1271 3041 significabantur
1292 2961 1433 3024 hlonachi
1460 2962 1579 3024 illorum
1607 2965 1678 3026 lllo-

304 3057 519 3135 uasteriorum,
547 3058 577 3120 in
600 3056 708 3137 quibus
729 3065 967 3138 perpetua-crat
990 3059 1148 3123 chororum
1172 3059 1228 3121 sibi
1251 3059 1477 3122 succedentium
1500 3061 1676 3142 psalmodia,

304 3155 474 3236 dequibus
498 3157 630 3230 enidite,
653 3165 686 3218 ut
707 3175 842 3237 semper,
867 3158 957 3219 multa
980 3157 1104 3241 collegit
1128 3159 1181 3220 Vir
1203 3157 1393 3221 Clarissimus
1417 3160 1544 3224 Carolus
1568 3161 1677 3224 Fraxi-

304 3271 380 3315 neus
404 3253 536 3338 Congius
568 3257 597 3316 iu
627 3263 757 3337 utruque
780 3257 952 3334 Glossario,
983 3265 1013 3319 ct
1044 3259 1074 3319 in
1097 3257 1358 3338 Constantinopoli
1380 3257 1557 3322 Christiana.
1602 3259 1677 3322 Cum

304 3367 380 3412 voro
403 3353 494 3414 multa
518 3353 588 3416 olim
611 3353 724 3416 fuerint
744 3355 847 3416 similis
871 3355 996 3417 instituti
1017 3355 1216 3434 hlouasteria,
1247 3356 1284 3418 ah
1307 3374 1368 3419 uuo
1391 3357 1492 3439 aliquo
1515 3359 1556 3421 ita
1578 3358 1677 3422 deno-

305 3451 445 3513 minatum
468 3450 562 3513 luisse
584 3451 730 3515 loannem
753 3453 835 3515 illum
856 3453 1019 3516 verisimile
1043 3463 1098 3518 est.

394 3549 481 3622 Quod
504 3558 602 3613 autem
627 3552 665 3613 de
687 3553 837 3616 nonnullis
865 3553 944 3632 aliis,
974 3552 1053 3614 idem
1082 3553 1120 3614 de
1150 3551 1208 3616 hac
1235 3553 1371 3638 Liturgia
1397 3554 1590 3637 judicandum
1620 3567 1676 3636 est,
1719 3613 1733 3626 „

304 3647 383 3709 illam
406 3667 477 3711 esse
499 3649 617 3712 scilicet
638 3653 788 3731 sequioris
812 3653 890 3727 aevi,
913 3651 992 3733 quod
1017 3652 1103 3714 stilus
1126 3651 1318 3734 redundans,
1339 3661 1371 3716 et
1392 3655 1555 3717 verborum
1577 3655 1676 3735 copia,
1729 3655 1731 3662 ‘

306 3765 323 3808 a
346 3748 535 3828 simplicitate
566 3749 755 3832 degenerans
783 3751 966 3814 sullicicnter
996 3751 1190 3813 demonstrat.
1235 3751 1300 3814 Nec
1322 3752 1435 3815 ideirco
1458 3754 1677 3817 contemnenda

306 3853 352 3908 est
381 3847 456 3909 haec
485 3847 635 3930 Liturgia,
670 3857 700 3911 et
722 3851 802 3930 quod
825 3869 891 3913 eam
914 3868 1018 3914 omues
1042 3851 1166 3931 alicujus
1189 3852 1371 3932 antiquitatis
1395 3851 1524 3916 Codices
1548 3846 1678 3934 reprae-

306 3953 442 4008 sentant:
472 3954 503 4008 et
535 3947 614 4026 quod
645 3949 711 4011 aliis
741 3950 951 4029 vetustissimis
982 3951 1196 4032 cujuscumque
1227 3951 1348 4033 linguae
1379 3952 1542 4016 conformis
1572 3961 1619 4017 est
1649 3956 1679 4016 in

306 4045 479 4125 praecipuis
508 4045 602 4108 Officii
631 4046 831 4111 Eucharistici
859 4049 1010 4130 partibus3
1041 4056 1101 4111 tum
1131 4049 1212 4131 quod
1239 4051 1350 4132 ubique
1379 4069 1482 4114 sanam
1505 4051 1543 4114 de
1567 4051 1680 4114 Sacra-

307 4145 413 4205 menlis
443 4144 608 4206 doctrinam
637 4149 778 4210 continet.
831 4148 963 4212 Tandem
987 4143 1019 4210 'si
1045 4149 1239 4230 eloquentiae
1275 4149 1417 4232 Syriacae
1446 4152 1562 4232 peritus
1592 4159 1680 4213 autor

309 4240 377 4318 luit,
407 4249 440 4304 ut
467 4260 541 4306 saue
573 4243 642 4307 luit:
672 4263 733 4309 non
762 4247 929 4328 imperitum
960 4248 1041 4310 illum
1063 4266 1164 4310 rerum
1188 4248 1440 4332 Theologicarnm
1464 4248 1574 4327 luisse,
1606 4252 1678 4312 satis

309 4343 494 4421 agnoscitur.

619 4605 654 4675 2.
695 4606 830 4678 Coelum
862 4611 965 4678 etiam
991 4611 1027 4678 in
1054 4609 1162 4681 tridua
1183 4609 1366 4704 Ecclesiis.

401 4775 579 4869 Venusinus
609 4817 656 4870 est
685 4817 819 4872 autorem
848 4809 885 4872 de
916 4811 1012 4872 tribus
1036 4811 1146 4892 coelis,
1179 4830 1257 4893 quae
1292 4812 1495 4892 metaphorice
1523 4811 1676 4875 Ecclesiae

310 4915 408 4986 vocat,
433 4909 502 4989 quia
525 4908 565 4970 ibi
587 4919 736 4991 perpetuo
759 4912 896 4974 laudatur
915 4911 1009 4991 Deus,
1032 4932 1102 4977 esse
1125 4914 1361 4998 intelligendum.
1406 4915 1491 4988 Quae
1513 4924 1679 4998 sequuntur

310 5003 347 5067 de
370 5006 531 5086 Spirituum
555 5009 733 5072 coelestium
745 5009 917 5092 Ordinibus,
940 5021 1010 5075 sunt
1033 5030 1181 5092 expressa
1204 5033 1243 5076 ex
1265 5013 1349 5077 libris
1362 5015 1400 5078 de
1413 5017 1679 5080 coelestiHierar-
