4784 6040
599 683 603 701 =
717 649 794 722 390
883 645 1116 725 ossshtvltto
1143 647 1196 722 ab
1223 645 1430 722 ttruaoutt
1456 642 1612 722 ΤΗΟΜΑΕ
1638 645 1926 724 holochausta

805 831 838 894 ln
861 832 918 894 hac
941 831 1076 913 Liturgia
1098 830 1171 892 nihil
1194 831 1343 909 occurrit,
1372 829 1452 910 quod
1480 828 1550 891 alibi
1580 827 1762 910 explicatum
1791 847 1852 895 nou
1881 829 1981 892 hierit.
2026 829 2092 892 Nisi

716 929 868 994 :helesium
897 949 985 1011 quem
1006 914 1045 991 'in
1073 921 1181 1011 'paucis
1211 929 1276 992 aliis
1300 930 1382 990 circa
1404 927 1499 990 verba
1522 926 1633 990 Christi
1656 929 1871 1006 observamus;
1895 938 1926 992 at
1949 929 2030 1010 quod
2053 929 2092 993 de

715 1029 780 1091 aliis
810 1029 919 1092 dictum
948 1038 1010 1106 est,
1042 1028 1080 1091 de
1108 1029 1165 1091 ista
1189 1047 1310 1109 quoque
1334 1026 1492 1089 dicendum
1514 1026 1650 1112 videtur:
1680 1046 1790 1110 nempe
1813 1029 1900 1112 sequi
1923 1028 2093 1091 debuerunt

715 1127 810 1189 verba
842 1127 969 1190 Christi:
1013 1126 1151 1206 Accrpite
1180 1135 1211 1188 et
1230 1128 1428 1189 manducate:
1472 1124 1538 1188 lloc
1560 1134 1606 1188 est
1628 1124 1745 1206 Carpus
1766 1147 1880 1203 mmm,
1903 1134 1935 1189 et
1956 1128 2095 1190 simliter

715 1235 745 1288 et
766 1227 902 1290 calicem,

804 1323 836 1387 Si
856 1324 958 1405 plures
972 1325 1051 1387 illius
1066 1323 1220 1404 liturgiae
1235 1321 1363 1386 Codices
1387 1321 1604 1398 habuissemus,
1627 1323 1759 1387 fortasse
1781 1323 1839 1387 alia
1860 1323 1950 1387 lectio
1974 1324 2005 1386 in
2027 1324 2093 1388 aliis

714 1433 836 1505 reperta
860 1423 976 1502 suisset,
1000 1442 1068 1486 eum
1090 1422 1279 1485 librariorum
1302 1421 1389 1503 culpa
1414 1423 1525 1485 omissa
1551 1423 1652 1504 potius
1680 1423 1841 1486 videantur
1863 1425 1959 1486 verba
1982 1422 2094 1486 Christi

716 1523 956 1601 sacramentalia,
981 1541 1069 1604 quam
1091 1539 1187 1604 pravo
1210 1520 1349 1598 consilio,
1373 1539 1413 1582 ex
1434 1520 1511 1583 falsa
1534 1522 1743 1603 suppositione
1766 1523 1916 1603 opinionis
1939 1522 1977 1585 de
2000 1521 2093 1584 lnvo·

715 1623 837 1686 catione
861 1621 990 1703 Spiritus
1013 1623 1129 1698 sancti,
1161 1619 1199 1682 da
1221 1637 1281 1700 qua
1304 1618 1372 1700 Syri
1394 1627 1445 1682 aut
1466 1621 1575 1701 reliqui
1598 1620 1768 1686 orientales
1791 1639 1950 1702 numquam
1973 1622 2094 1704 cogita-

715 1728 835 1783 varunt.
881 1719 1018 1782 Videnda
1053 1735 1130 1799 quae
1162 1719 1200 1780 de
1229 1717 1289 1782 hoa
1318 1728 1496 1800 argumento
1526 1719 1605 1783 diota
1636 1727 1705 1781 sunt
1735 1719 1772 1781 ad
1807 1718 1973 1803 liturgiam
2001 1719 2091 1799 Petri,

716 1820 854 1900 Dionysii
876 1817 1024 1882 harsalibi
1048 1827 1079 1880 et
1100 1836 1213 1899 paucas
1236 1817 1318 1880 alias.
2103 1811 2106 1820 '

804 1917 889 1991 Quae
913 1925 1092 1998 sequuntur,
1114 1918 1314 1999 paraphrasin
1337 1919 1493 1980 continent
1514 1917 1692 1981 verborum:
1737 1916 1803 1978 lloc
1822 1915 1918 1994 [acite
1939 1919 1973 1978 in
1992 1937 2090 1980 meam

614 2007 616 2012 ’
718 2019 1050 2080 commemorationem:
1073 2016 1221 2097 simulque
1242 2017 1397 2080 continent
1417 2017 1639 2097 professionem
1657 2015 1726 2078 tidei
1749 2013 1787 2077 de
1802 2016 1929 2078 veritate
1952 2019 2092 2098 eorporis

717 2124 749 2177 et
772 2117 929 2199 sanguinis
953 2113 1064 2178 Christi
1087 2117 1117 2178 in
1140 2114 1337 2180 Eucharistia.
1361 2116 1408 2178 De
1430 2115 1587 2198 disciplina
1609 2131 1702 2197 porro
1718 2112 1864 2196 Syrorum
1878 2115 2090 2188 lacobitarum

718 2221 854 2277 statuere
878 2222 1009 2294 oportet,
1033 2231 1093 2277 nan
1117 2234 1156 2277 ex
1179 2213 1294 2276 duabus
1318 2214 1367 2276 vel
1390 2213 1485 2277 tribus
1507 2214 1652 2296 liturgiis
1675 2230 1801 2294 quarum
1822 2231 1895 2276 usus
1917 2212 2092 2294 infrequens

613 2313 620 2327 ‘
717 2320 783 2388 est,
807 2313 863 2375 sed
885 2331 924 2374 ex
948 2313 1096 2376 communi
1119 2314 1248 2375 omnium
1271 2312 1384 2391 forma,
1408 2314 1459 2394 qui
1482 2314 1513 2375 in
1535 2313 1671 2395 liturgia
1693 2313 1798 2375 lacabi
1821 2314 2001 2376 continetur.
2045 2311 2090 2373 lie

717 2411 913 2474 invocatione
936 2409 1064 2493 Spiritus
1087 2413 1199 2491 sanati,
1227 2429 1305 2494 quae
1326 2412 1534 2494 subjungitur,
1558 2412 1704 2475 adversus
1727 2428 1913 2474 communem
1936 2411 2016 2474 illam
2038 2429 2093 2474 re-

717 2509 821 2592 gulam
843 2509 953 2572 deduci
975 2509 1048 2572 nihil
1070 2516 1190 2591 potest,
1213 2529 1281 2573 cum
1303 2511 1408 2574 iisdem
1431 2511 1534 2575 verbis
1558 2518 1642 2574 extet
1664 2507 1754 2574 etiam
1776 2511 1806 2572 in
1830 2510 1887 2573 illis
1910 2528 1989 2592 quae
2012 2511 2092 2572 inte-
2154 2567 2157 2570 ,

718 2625 805 2690 gram
828 2607 941 2671 habent
962 2610 1125 2672 verborum
1148 2608 1416 2674 christiformem.

1156 2914 1608 2962 ψ-

1094 3260 1707 3516 lituram

840 3625 1988 3780 uos1s¹·ala·ourhlu

1205 3966 1328 4037 Oratio
1356 3973 1436 4038 ante
1460 3967 1600 4038 Pacem.

789 4155 949 4260 Danae
976 4183 1070 4257 Deus
1095 4187 1207 4259 lumen
1234 4198 1405 4263 aeternum
1432 4201 1466 4261 et
1492 4210 1627 4262 verum:
1660 4209 1783 4284 parens
1809 4188 1941 4261 luminis
1968 4193 2094 4264 aeterni

720 4309 755 4371 at
779 4300 874 4386 vcri3
906 4296 983 4370 fons
1018 4304 1110 4372 vitae
1146 4312 1180 4373 et
1210 4327 1313 4377 causa
1340 4304 1518 4390 honorum,
1546 4307 1742 4400 principium
1775 4304 2033 4400 tranquillitatis,
2061 4317 2093 4376 et

719 4416 818 4506 origo
850 4417 958 4509 pacis:
998 4426 1133 4511 praesta
1169 4417 1266 4491 nohis
1300 4432 1337 4493 ut
1368 4443 1443 4493 eum
1483 4419 1717 4515 tranquillitate
1753 4432 1786 4492 et
1818 4442 1904 4517 pace
1938 4443 2093 4492 ornemur

660 4557 663 4568 κ
720 4528 953 4603 misericordia
981 4531 1155 4626 spirituali,
1184 4545 1217 4606 et
1243 4545 1369 4608 rectam
1396 4535 1438 4608 de
1465 4547 1498 4608 te
1525 4535 1623 4608 fidem
1641 4535 1842 4609 habeamus:
1869 4545 1978 4630 utque,
1996 4535 2091 4609 liberi

721 4641 763 4714 ab
791 4648 881 4717 omni
907 4649 1066 4742 passione
1093 4647 1358 4744 reprehensihih
1384 4655 1418 4723 in
1445 4655 1584 4725 caritate
1611 4673 1706 4739 vara,
1734 4651 1849 4724 demus
1876 4673 1995 4746 pacem
2023 4674 2090 4724 no·

721 4757 772 4829 bis
798 4761 955 4848 invicem,
982 4764 1016 4831 in
1042 4763 1160 4836 osculo
1187 4775 1304 4838 sancto
1326 4776 1360 4838 et
1386 4766 1511 4857 divino,
1539 4775 1573 4838 et
1592 4766 1777 4839 referemus
1794 4765 1850 4838 tihi
1866 4763 2009 4855 laudem,
2031 4776 2091 4838 etc.

824 4873 985 4967 Populus.
1040 4878 1159 4950 Amen.

718 5017 720 5022 ·
824 4988 1013 5062 Diaconos.
1066 4993 1134 5065 Dat
1159 5000 1385 5091 unusquisque
1411 5021 1540 5093 pacem.

824 5102 1010 5180 Sacerdos.
1065 5109 1116 5179 Te
1144 5114 1232 5182 enim
1259 5111 1365 5184 solum
1393 5117 1565 5206 novimus,
1601 5112 1726 5187 fontem
1758 5113 2027 5186 benedictionum
2062 5121 2094 5182 et
