4814 6060
623 585 802 666 lGNATll
832 587 1158 716 ΡΑΤΒῙΑΒΟΗΑΕΧ
1186 589 1483 668 inuiderunt.
1657 591 1731 666 533

467 774 630 868 Populus.
683 774 791 870 llyrie
817 776 956 850 eleison.
1718 854 1727 861 ,

465 889 643 963 Sacerdos
674 891 811 964 cloccas
840 913 966 964 nocero.
1006 891 1140 965 Dlamm
1167 893 1394 966 columnarum
1420 902 1585 966 rectarum
1612 905 1647 967 et
1672 898 1731 967 in-

363 1027 619 1097 concessorum,
647 1030 732 1103 qnae
760 1031 843 1081 onus
873 1006 1045 1082 formosae
1076 1007 1162 1080 illius
1199 1033 1296 1105 qnam
1330 1007 1382 1110 sol
1417 1007 1625 1082 decoloravit
1653 1010 1733 1084 lae·

362 1133 470 1197 tenter
497 1126 735 1198 sustinuerunt:
763 1148 849 1221 quae
876 1124 964 1198 illam
990 1127 1097 1222 ipsam
1113 1124 1222 1238 ¹liliam
1242 1125 1419 1222 Syrorum,
1445 1123 1631 1198 Ecclesiam
1647 1150 1732 1200 san-

363 1248 449 1312 ctam
474 1248 629 1335 potenter
654 1239 869 1314 fulciverunt:
897 1243 952 1337 qui
979 1241 1225 1316 tnbemaculum
1252 1243 1325 1332 ejus
1342 1263 1442 1338 supra
1461 1238 1548 1314 coeli
1573 1245 1733 1335 regiones

361 1366 556 1451 posuerunt,
582 1366 616 1428 et
641 1355 738 1430 funes
765 1360 837 1450 ejus
863 1380 926 1454 per
952 1368 1092 1453 quatuor
1118 1367 1230 1430 terrae
1254 1367 1368 1452 portes
1396 1357 1626 1431 extenderunt.
1667 1360 1733 1448 om

362 1474 481 1544 iterum
513 1495 554 1544 ac
586 1475 684 1545 tertio
719 1495 836 1565 agrum
871 1477 943 1567 ejus
978 1475 1153 1563 incultum,
1185 1472 1363 1546 Ecclesiae
1390 1495 1436 1546 ex
1463 1475 1617 1566 gentibus
1643 1497 1732 1548 con·
1771 1461 1773 1472 ¹

362 1597 537 1680 gregatae,
565 1611 584 1660 a
612 1589 711 1684 sylva
737 1591 951 1680 zizaniorum,
978 1603 1012 1664 et
1037 1594 1154 1686 spinis,
1180 1587 1408 1687 vepribusque
1435 1591 1468 1660 in
1495 1612 1536 1661 ea
1563 1594 1732 1666 seminatis

362 1715 609 1800 purgaverunt:
636 1705 869 1800 plantaverunt
895 1708 992 1779 etiam
1023 1709 1056 1778 in
1084 1729 1125 1780 ea
1160 1705 1290 1803 plantas
1312 1704 1515 1779 benedictas
1551 1710 1732 1782 animorum

360 1819 516 1910 fidelium,
544 1844 630 1916 quae
657 1825 742 1894 siout
768 1823 860 1895 cedri
884 1820 1005 1896 Liboni
1032 1833 1198 1911 crescunt,
1225 1832 1260 1896 et
1286 1823 1477 1898 ascendunt.
1529 1823 1663 1896 Illorum
1677 1827 1733 1920 qui

362 1959 408 2008 ex
432 1935 526 2009 lonte
551 1935 676 2010 Edonis
704 1959 765 2009 seu
790 1937 942 2011 Paradisi
969 1950 1110 2034 quatuor
1136 1942 1295 2034 cupitum,
1320 1939 1439 2012 hausta
1471 1961 1558 2035 aqua
1590 1963 1650 2014 eas
1676 1945 1731 2014 ri-

362 2061 531 2144 gaverunt
555 2050 818 2146 Evangeliornm
845 2052 954 2160 lluviis
981 2063 1138 2150 quacior:
1170 2057 1225 2150 qui
1260 2057 1459 2128 stmctiones
1484 2053 1663 2144 lateritias,
1696 2067 1732 2132 et

360 2167 479 2255 luteas,
506 2166 782 2264 fundamentoque
810 2167 1025 2259 Chalonitica‚
1052 2191 1242 2244 sermonum
1258 2171 1436 2261 subtilium,
1462 2172 1730 2246 contrariorum·

361 2307 425 2379 que
445 2287 597 2374 veritati,
626 2285 799 2360 aedificata
835 2293 869 2358 et
902 2285 1053 2376 elevata,
1093 2287 1282 2377 diruemnt,
1315 2295 1349 2359 et
1383 2285 1457 2360 solo
1490 2297 1731 2382 aequaverunt,

360 2422 422 2495 per
446 2401 570 2473 imbres
597 2399 739 2497 Spiritus
766 2403 885 2491 sancti,
912 2410 1074 2475 ettotam
1101 2401 1241 2474 aedilicii
1259 2423 1459 2500 compagem
1485 2401 1729 2494 dissolverunt5

361 2520 416 2611 qui
442 2515 662 2588 fundamentis
689 2517 755 2590 alte
783 2518 883 2608 jactis
920 2517 1180 2590 aedificaverunt
1214 2517 1331 2592 domos
1364 2519 1440 2592 lidei
1472 2540 1595 2610 verae,
1627 2541 1730 2616 super

360 2642 486 2726 petram
514 2635 758 2722 inconcussam,
785 2641 819 2704 et
846 2630 1104 2721 aedificaverunt
1119 2655 1234 2706 muros
1261 2631 1466 2722 securitatis,
1493 2658 1514 2706 a
1544 2634 1727 2709 latronibus

361 2747 580 2843 spoliantibus
607 2753 746 2838 animus,
772 2758 861 2821 tutos
895 2769 1100 2845 securosque
1130 2757 1351 2846 praestantes.
1404 2751 1530 2824 Horum
1557 2752 1729 2848 supplica-

360 2865 503 2938 tionibus
531 2873 565 2936 et
592 2863 878 2961 deprecationibus
904 2864 1064 2954 Domine,
1098 2865 1257 2938 confirma
1291 2887 1354 2940 nos
1380 2871 1414 2938 in
1441 2865 1620 2964 disciplinis
1646 2868 1728 2944 illo-

359 3003 448 3053 rum:
474 2981 587 3053 smmos
613 2991 748 3076 praesta
774 3001 853 3052 esse
879 3001 942 3053 nos
969 2983 1003 3052 in
1030 2980 1179 3055 doctrina
1196 2979 1238 3053 ab
1265 2981 1328 3055 illis
1356 2981 1595 3073 demonstrata,
1623 2993 1657 3057 et
1683 2985 1726 3058 da

361 3101 458 3170 etiam
486 3096 583 3170 nobis
610 3108 646 3170 ut
670 3098 833 3170 imitemur
867 3107 900 3168 et
935 3095 1155 3171 observemus
1188 3097 1288 3191 digne
1321 3119 1432 3172 mores
1459 3120 1594 3188 eorum,
1620 3121 1726 3196 usque

360 3214 404 3286 ad
429 3216 674 3308 separationem
701 3214 882 3288 animarum
908 3235 928 3284 n
955 3211 1164 3309 corporibus,
1190 3213 1371 3286 secundnm
1397 3214 1494 3288 finem
1528 3213 1593 3288 illis
1618 3239 1726 3312 prae-

360 3333 516 3420 stitutum,
543 3340 578 3401 ut
604 3353 677 3402 cnm
704 3329 769 3400 illis
795 3339 829 3401 et
853 3333 940 3402 inter
965 3330 1040 3403 illos
1066 3329 1251 3402 reseramus
1279 3329 1337 3403 tibi
1362 3328 1516 3423 gloriam,
1544 3340 1608 3403 etc.
1720 3403 1722 3410 ,

308 3537 311 3544 ¹
445 3445 625 3540 'Populus
676 3446 796 3518 Amen.

463 3561 639 3633 Sacerdos
663 3561 855 3634 inclinatur.
908 3561 1029 3634 lterum
1057 3563 1156 3634 etiam
1180 3563 1360 3657 praecipue
1384 3564 1418 3634 in
1443 3565 1638 3637 memoriam
1662 3585 1726 3636 re-

359 3700 447 3752 voca
474 3679 629 3767 Domine,
657 3699 772 3750 omnes
801 3676 974 3751 deiunctos
1006 3677 1121 3750 fideles
1154 3681 1208 3774 qui
1235 3681 1562 3752 communicaverunt
1594 3684 1727 3777 corpori

288 3861 290 3872 ,
361 3805 395 3867 et
420 3797 573 3888 sangnini
598 3795 756 3887 unigeniti
781 3793 857 3865 Filii
883 3797 946 3884 tui,
980 3806 1013 3868 et
1039 3796 1218 3890 participes
1243 3792 1324 3865 lacti
1355 3805 1432 3868 sunt
1456 3795 1611 3891 baptismi
1637 3796 1727 3871 ado-

358 3913 479 4006 ptionis
505 3909 665 3998 liliorum3
693 3919 793 4005 atque
820 3931 866 3980 ex
891 3909 954 3981 bac
979 3907 1151 3983 laboriosa
1184 3911 1255 3982 vita
1281 3913 1378 3982 vario
1404 3935 1531 4007 genere
1558 3935 1631 3984 cum
1665 3935 1727 4010 spe

358 4029 392 4098 in
419 4029 775 4118 commigraverunt:
803 4027 857 4120 qni
884 4035 1066 4121 expectant
1099 4047 1194 4122 spem
1219 4024 1370 4117 beatam,
1410 4037 1444 4100 et
1474 4029 1728 4123 promissionem

358 4142 444 4215 illins
471 4165 647 4215 veracem:
674 4141 815 4214 liliorum
840 4141 1016 4216 Ecclesiae
1042 4152 1191 4233 sanctae,
1219 4145 1273 4238 qui
1299 4141 1357 4214 tibi
1385 4141 1449 4216 soli
1470 4145 1576 4234 Dens,
1601 4167 1724 4218 nnme-

359 4263 423 4331 rati
450 4270 481 4331 et
510 4261 635 4352 cogniti
662 4269 746 4334 sunt.
779 4258 849 4332 Fac
877 4281 938 4332 eos
956 4258 1099 4332 Domine
1127 4263 1302 4356 quiescere
1328 4261 1361 4330 in
1387 4258 1642 4337 habitationibus
1667 4260 1726 4334 lu-

357 4375 460 4465 cidis,
494 4386 529 4448 et
560 4379 647 4447 inter
677 4377 834 4450 convivia
865 4375 922 4450 illa
949 4375 1125 4468 delicioso3
1150 4377 1321 4450 remittens
1344 4379 1630 4470 transgressiones
1644 4377 1727 4452 illo-

358 4513 431 4563 rnm
457 4500 491 4563 et
515 4501 660 4565 nostras.

463 4608 627 4702 Populos.
678 4608 786 4705 llyrie
812 4606 950 4682 eleison.
1403 4671 1412 4681 „

465 4723 642 4798 Sacerdos
681 4725 819 4796 clerano
854 4747 981 4798 coceio.
1039 4721 1111 4796 llos
1151 4745 1291 4819 quornm
1332 4727 1558 4819 menriuimns,
1597 4745 1725 4821 eosque

361 4861 497 4935 quorum
525 4861 590 4912 uon
618 4843 838 4927 meminimus,
876 4842 930 4936 qui
965 4861 1047 4912 mox
1073 4840 1256 4942 ingressuri
1283 4849 1359 4914 sunt
1383 4851 1512 4936 portam
1539 4839 1627 4912 illam
1653 4863 1726 4935 ge-

359 4954 519 5046 neralem,
546 4978 610 5052 qna
637 4957 791 5029 transivit
814 4955 927 5028 Adam
950 4964 1046 5054 pater
1071 4965 1203 5047 noster,
1229 4959 1423 5054 primusque
1449 4959 1626 5030 creationis
1653 4979 1723 5030 no-

359 5081 465 5145 strae:
492 5094 554 5147 eos
581 5076 636 5168 qui
662 5075 759 5146 vario
785 5074 899 5147 mortis
926 5095 1054 5166 genere
1080 5097 1126 5146 ex
1153 5071 1217 5148 hoc
1244 5071 1365 5146 mundo
1399 5072 1562 5148 materiali
1593 5072 1725 5166 egressi

1446 5191 1521 5266 ἴθ’
