4730 6038
650 571 724 646 302
1154 573 1510 652 LITURGIA

746 760 930 835 Sacerdos.
966 760 1038 833 Nos
1059 763 1159 854 igitur
1181 771 1390 857 peccatores,
1410 761 1633 836 observantes
1651 760 1806 835 mandata
1821 772 1877 835 tna
1894 771 2012 838 sancta

643 885 677 947 ct
702 877 850 965 vivifica,
876 880 1068 950 memoriam
1096 880 1224 969 agimus
1252 875 1505 974 dispensationis
1532 888 1623 952 tuae:
1652 881 1833 951 nativitatis
1859 887 1937 950 tuae
1963 902 2011 953 ex

642 995 799 1090 Virgine:
837 998 989 1094 baptismi
1017 999 1070 1084 'tui
1106 1020 1126 1069 a
1158 995 1305 1069 loanne:
1345 997 1536 1090 passionum
1569 1005 1698 1068 tuanrm
1729 996 2011 1071 voluntariarum:

644 1111 834 1208 sepulturae
861 1123 937 1186 tuae
970 1111 1144 1186 salutaris:
1176 1113 1432 1185 resurrectionis
1466 1118 1542 1182 tuae
1573 1109 1765 1203 gloriosae,
1800 1115 2009 1184 ascensionis

643 1237 720 1300 tuae
747 1231 780 1298 in
807 1230 955 1318 coetum,
982 1238 1016 1300 et
1042 1231 1202 1301 sessionis
1230 1236 1306 1300 urae
1333 1225 1375 1299 ad
1408 1225 1581 1299 dexteram
1613 1226 1679 1298 Dei
1709 1226 1835 1299 Patris:
1869 1223 2011 1302 laudes-

644 1367 709 1439 que
735 1354 769 1416 et
794 1346 1015 1420 exaltationes
1041 1347 1165 1417 nomini
1192 1355 1248 1417 nro
1277 1340 1449 1416 adorando
1476 1341 1662 1416 offerimus:
1689 1363 1805 1414 rursus
1824 1344 1922 1414 etiam
1941 1345 2009 1416 ad-

642 1471 763 1532 ventus
790 1464 835 1533 tui
862 1459 1014 1549 secundi,
1046 1463 1172 1554 inquo
1200 1463 1310 1532 omnia
1343 1469 1461 1555 operta
1496 1462 1530 1530 in
1565 1467 1715 1553 apertum
1748 1479 1911 1554 expones.
1964 1460 2008 1534 Et

642 1587 779 1672 propter
805 1576 889 1649 banc
916 1576 1194 1672 dispensationem
1221 1586 1310 1648 nram
1337 1575 1535 1661 salutarem,
1569 1573 1767 1646 sacrificium
1799 1573 1863 1647 boc
1889 1575 2008 1649 oileri-

640 1715 713 1763 mus
747 1693 829 1780 tibi;
863 1693 1072 1787 vocibusque
1106 1691 1315 1786 gementibus
1348 1702 1382 1763 et
1417 1694 1567 1787 suspiriis
1604 1690 1837 1786 deprecamur,
1873 1701 1909 1763 nt
1940 1716 2008 1768 non
2090 1755 2093 1763 ,

641 1807 746 1880 iacias
773 1831 835 1880 nos
862 1818 989 1905 partem
1015 1811 1102 1900 ignis
1129 1807 1214 1880 illius
1242 1807 1398 1890 ardentis
1427 1811 1502 1902 quia
1524 1805 1676 1880 Chrisma
1700 1799 1714 1840 ³
1741 1816 1830 1878 tuum
1857 1820 2007 1882 sanctum

641 1927 805 2016 signatum
832 1927 866 1995 in
892 1925 989 1997 nobis
1017 1935 1082 1996 est:
1108 1945 1217 2019 neque
1244 1923 1441 1997 cruciandos
1467 1946 1530 1996 nos
1557 1923 1689 2007 tradaS,
1722 1925 1757 1994 in
1789 1919 1918 1995 flamma
1951 1924 2007 1998 illa

640 2037 914 2132 flagrantissima,
946 2044 1021 2136 quia
1058 2039 1169 2133 sigillo
1205 2044 1313 2113 crucis
1347 2049 1423 2112 tuae
1457 2039 1657 2112 massanus
1690 2038 1857 2130 obsignati
1884 2061 2005 2114 sumus.

640 2155 760 2250 Neque
786 2157 969 2230 dominetur
994 2161 1119 2230 vermis
1153 2157 1295 2230 stridens
1328 2155 1479 2230 dentibus
1511 2159 1545 2227 in
1578 2155 1725 2230 membra
1757 2165 1894 2244 nostra,
1930 2161 2005 2252 qnia

640 2294 763 2367 corpus
789 2283 879 2345 tuum
905 2283 1053 2346 sanctum
1081 2273 1246 2346 conditum
1274 2277 1306 2344 in
1333 2273 1429 2345 nobis
1457 2283 1517 2344 est.
1553 2273 1629 2345 Non
1656 2273 1745 2346 illam
1763 2294 1886 2346 vocem
1901 2276 2005 2344 terri-

639 2387 739 2460 bilem
765 2388 862 2463 nobis
888 2393 1101 2486 pronuncies,
1127 2388 1298 2460 Discedite
1325 2412 1345 2460 a
1371 2411 1426 2461 me
1441 2388 1618 2476 malebat,
1644 2411 1712 2462 non
1727 2390 1809 2462 novi
1825 2409 1903 2476 vos,
1930 2392 2005 2484 quia

640 2503 763 2577 iratres
799 2517 873 2577 tuos
906 2509 1037 2578 vocasti
1071 2513 1105 2577 et
1137 2503 1311 2600 appellasti
1346 2525 1428 2591 nos,
1464 2526 1510 2576 ex
1542 2527 1627 2599 aqua
1662 2506 1826 2600 baptismi.
1880 2505 2016 2584 Verum¹

637 2628 775 2717 propter
800 2621 1061 2693 misericordiam
1088 2631 1197 2707 mam,
1233 2618 1363 2693 colloca
1393 2641 1456 2691 nos
1488 2623 1521 2691 in
1553 2641 1659 2713 regno
1693 2632 1750 2693 tuo
1777 2622 1935 2709 coelesti,
1970 2633 2006 2696 et

638 2735 781 2809 laetifica
813 2758 876 2810 nos
909 2759 982 2808 cnm
1018 2739 1142 2809 sanctis
1178 2738 1242 2807 tuis
1277 2734 1400 2828 gaudio
1434 2734 1640 2808 indeficienti.
1701 2736 1748 2810 Et
1776 2748 1914 2834 propter
1940 2741 2004 2812 ista

639 2855 831 2949 praecipue,
858 2854 1033 2948 poenitens
1056 2851 1209 2924 Ecclesia
1236 2862 1302 2938 tua,
1330 2860 1364 2922 et
1390 2873 1479 2943 grex
1505 2863 1578 2925 tuus
1605 2851 1802 2947 deprecatur
1819 2865 1864 2947 te,
1891 2865 1925 2928 el
1942 2878 2004 2952 per

639 2978 682 3055 te,
711 2979 819 3042 tecum
846 2967 967 3040 clamat
992 2967 1035 3040 ad
1060 2969 1193 3040 Patrem
1219 2978 1321 3057 tuum,
1348 2966 1471 3040 dicens.

742 3083 901 3176 Populos.
953 3083 1117 3156 Miserere
1143 3087 1258 3156 nostri.

741 3199 925 3271 Sacerdos.
982 3200 1054 3274 Nos
1081 3221 1213 3297 quoque
1238 3199 1392 3274 Domine.

741 3314 900 3408 Populus.
953 3316 1004 3388 Te
1030 3316 1211 3389 laudamus.

739 3431 927 3503 moeonas.
981 3433 1086 3520 Quam
1114 3432 1257 3505 timenda
1284 3442 1336 3504 est
1360 3430 1444 3503 baec
1469 3430 1562 3504 bora.

741 3546 915 3619 Sacerdos
940 3549 1123 3620 inclinatas
1149 3550 1234 3619 dieii
1260 3547 1513 3618 laoocatiooem
1539 3547 1691 3641 Spiritus
1716 3556 1837 3624 eoacti.
2020 3621 2024 3629 .

739 3664 838 3736 Dona
864 3663 1062 3759 paracletico
1089 3665 1232 3761 Spiritus
1258 3667 1304 3737 tui
1330 3666 1455 3752 sancti,
1488 3673 1522 3736 et
1553 3665 1770 3757 vivificantis,
1800 3671 1892 3742 mitte
1925 3669 2003 3744 milti

636 3799 723 3852 nunc
749 3780 905 3866 Domine:
940 3779 1081 3876 Spiritus
1114 3781 1199 3856 illius
1233 3783 1288 3878 qui
1317 3801 1425 3874 neque
1460 3789 1631 3876 temporo,
1667 3805 1775 3879 neque
1809 3790 2001 3881 quantitate,

636 3915 744 3988 neque
772 3895 926 3988 qualitate
953 3895 1176 3968 circumscribi
1200 3905 1320 3994 potest
1374 3896 1438 3983 Qui
1463 3918 1565 3993 super
1590 3897 1769 3972 lordanem
1800 3899 1934 3974 fluvium
1966 3907 2001 3976 in

636 4007 809 4082 columbae
844 4014 959 4107 specie
991 4015 1162 4108 apparuit.
1205 4016 1259 4109 qui
1294 4034 1395 4107 super
1426 4012 1612 4106 Apostolos
1650 4027 1786 4091 sanctos
1824 4022 1999 4114 requievit,

634 4127 668 4195 in
696 4125 902 4200 similitudine
928 4128 1113 4220 linguamm
1139 4131 1237 4222 ignis.
1290 4129 1366 4224 lpse
1393 4129 1575 4202 sanctificet
1601 4138 1761 4227 mysteria
1791 4132 1895 4224 baa,
1920 4123 1999 4207 me-'

638 4263 704 4336 que
730 4252 943 4337 peccatorem
970 4245 1122 4336 mundet,
1149 4246 1279 4335 abluat,
1306 4255 1340 4318 et
1365 4244 1516 4340 purificet
1543 4268 1563 4317 a
1588 4249 1797 4342 passionibus
1823 4255 1961 4348 peccati.

738 4355 922 4432 Sacerdos.
974 4359 1106 4434 Exaudi
1131 4384 1201 4449 me,
1228 4361 1379 4435 Domine.

740 4471 899 4569 Populus.
951 4477 1057 4574 llyrie
1083 4476 1229 4566 eleison,
1255 4478 1361 4573 llyrie
1388 4477 1533 4568 eleison,
1558 4480 1662 4576 llyrie
1688 4481 1824 4556 eleison.

742 4589 924 4664 Sacerdos.
977 4593 1022 4666 Ut
1045 4616 1107 4689 per
1132 4593 1284 4692 illapsum
1310 4615 1422 4684 suum,
1447 4595 1595 4689 perficiat
1626 4619 1745 4693 panem
1772 4602 1885 4692 istum,
1912 4621 1996 4672 cor-

637 4727 700 4801 pus
727 4705 848 4780 Christi
875 4709 939 4782 Dei
964 4713 1079 4783 nostri.

739 4823 900 4917 Populus.
949 4817 1070 4901 limen.

635 5054 666 5128 1)
740 4938 924 5013 Sacerdos.
976 4942 1020 5015 Et
1046 4947 1176 5017 mistum
1190 4943 1278 5039 quod
1304 4947 1338 5017 in
1362 4944 1427 5020 boa
1453 4943 1558 5018 naboe
1574 4955 1638 5037 est,
1664 4950 1859 5040 sanguinem
1873 4947 1997 5022 Christi

668 5056 700 5126 ei
725 5059 839 5128 nostri.
1822 5073 1826 5079 '
