4804 6026
594 1103 682 1280 m
730 1099 1132 1282 comum
1183 1101 1568 1286 orrrcnm
1625 1049 1631 1064 ’

1449 1294 1456 1304 ο

393 1435 1045 1557 LITURGIARUM
1143 1437 1762 1556 SYRldCARllll

814 1676 976 1753 RITUS
1019 1673 1338 1754 JdGOBITlGl

881 1887 1272 1982 uusuutlndnns

509 2125 545 2204 ln
581 2137 724 2214 maxima,
762 2153 850 2218 quam
884 2135 974 2218 periti
1006 2153 1108 2198 rerum
1145 2133 1339 2200 Orientalium
1374 2135 1651 2202 Ecclesiasticarum
1690 2145 1762 2206 satis
1825 2173 1945 2227 v„„„,„
1963 2172 2085 2227 popm

396 2241 508 2321 sciunt,
539 2237 682 2302 Codicum
705 2242 892 2298 vetustorum
914 2235 1055 2312 raritate,
1079 2237 1185 2298 mirum
1208 2255 1278 2299 esse
1301 2255 1362 2299 non
1385 2235 1476 2300 debet
1498 2237 1524 2299 si
1553 2238 1592 2300 ad
1612 2239 1963 2330 Euchari-Liturgicomm
1983 2263 2084 2314 raritas.

397 2343 487 2404 sticos
517 2340 591 2403 ritus
622 2333 836 2418 explicandos,
873 2333 963 2396 multa
999 2334 1087 2397 nobis
1115 2335 1224 2398 deesse
1261 2337 1392 2420 ingenue
1415 2335 1573 2400 fateamur.
1619 2339 1762 2404 vastatae

396 2440 482 2504 bellis
506 2437 654 2502 continuis
676 2434 867 2517 provinciae,
891 2441 1051 2516 antequam
1073 2435 1104 2496 in
1118 2435 1252 2498 Arabum
1273 2443 1454 2517 potestatem
1472 2437 1623 2500 venirent:
1647 2441 1764 2521 spolia-

397 2548 445 2603 tae
473 2538 625 2601 multoties
655 2536 692 2598 ab
721 2534 780 2597 illis
802 2533 978 2612 Ecclesiae,
1008 2531 1185 2597 Christianis
1215 2537 1266 2617 qui
1295 2553 1312 2596 a
1341 2535 1420 2600 mille
1454 2543 1484 2599 et
1516 2536 1641 2618 amplius
1677 2542 1763 2604 annis

396 2639 581 2702 durissimam
603 2634 659 2700 sub
681 2633 850 2697 infidelibus
874 2632 998 2695 dominis
1021 2634 1199 2696 servitutem
1217 2635 1362 2714 serviunt,
1386 2636 1438 2697 vix
1452 2636 1611 2718 quidquam
1626 2636 1765 2700 relictum

397 2747 459 2818 est,
482 2736 561 2802 unde
584 2735 677 2798 decor
699 2733 805 2796 domus
827 2731 883 2796 Dei
906 2735 1067 2796 sustentari
1089 2740 1203 2816 posset.
1246 2734 1350 2815 ltaque
1372 2753 1439 2798 cum
1461 2733 1606 2818 Episcopi
1628 2745 1659 2799 et
1681 2734 1763 2802 Ordo

396 2840 491 2901 omnis
513 2835 746 2900 Ecclesiasticus
770 2831 959 2895 facultatibus
982 2832 1045 2896 suis
1076 2832 1197 2914 spoliati
1226 2851 1287 2895 non
1316 2833 1450 2912 aliunde,
1481 2853 1569 2916 quam
1598 2855 1638 2898 ex
1667 2837 1765 2918 plebis

397 2927 617 3018 eleemosynis,
651 2934 741 2996 vitam
770 2932 903 2995 tolerare
932 2939 962 2994 et
991 2951 1068 3014 quac
1091 2932 1130 2996 ad
1151 2932 1356 2998 sacerdotales
1390 2934 1558 2998 functiones
1589 2939 1765 3001 necessaria

397 3044 484 3100 erant
506 3034 620 3098 habere
647 3040 789 3115 possent,
821 3033 850 3094 in
874 3033 1016 3096 extremis
1040 3032 1185 3115 angustiis
1207 3031 1302 3096 ferme
1325 3051 1446 3116 semper
1468 3036 1638 3114 constituti,
1671 3054 1766 3099 orna-

395 3143 512 3214 menta,
535 3141 566 3196 et
587 3133 766 3216 praesertim
788 3150 895 3196 sacros
917 3131 1027 3212 libros,
1058 3149 1235 3214 comparare
1265 3132 1374 3196 dudum
1405 3149 1500 3216 aegre
1522 3143 1658 3216 possunt.
1702 3137 1766 3198 lta-

396 3254 457 3316 que,
478 3233 578 3298 nullae
601 3240 670 3296 sunt
693 3251 711 3294 a
733 3231 832 3294 multis
854 3232 984 3294 saeculis
1008 3231 1212 3296 Ecclesiarum
1233 3231 1451 3296 Bibliothecae:
1482 3235 1593 3297 vetusti
1625 3232 1765 3315 Codices,

396 3335 446 3416 qui
469 3329 541 3397 olim
563 3332 695 3412 fuerant,
718 3349 776 3394 usu
798 3332 970 3413 quotidiano
994 3331 1095 3395 detriti
1117 3338 1148 3392 et
1170 3332 1319 3395 consumti
1340 3340 1425 3412 sunt,
1449 3333 1614 3414 pluresque
1636 3334 1765 3398 sortasse

397 3434 472 3497 tales
495 3434 525 3496 in
549 3430 730 3506 Occidente,
760 3431 811 3513 qni
838 3451 880 3493 ex
908 3431 1054 3493 communi
1081 3430 1239 3515 naufragio
1262 3441 1441 3510 evaserunt,
1465 3451 1552 3514 quarn
1574 3431 1605 3494 in
1628 3430 1763 3512 Oriente,

397 3533 614 3616 reperirentur.
660 3531 759 3593 Aucta
782 3538 828 3593 cst
850 3531 994 3612 maj0rem
1015 3533 1046 3592 in
1068 3529 1188 3593 modum
1210 3530 1260 3592 illa
1283 3529 1434 3594 calamitas
1456 3550 1514 3614 per
1528 3531 1765 3595 Ecclesiastico-

396 3651 463 3694 rum
499 3630 694 3694 Orientalium
730 3631 945 3713 ignorantiam,
980 3631 1030 3710 qui
1058 3638 1180 3694 veteres
1210 3628 1339 3694 Codices
1374 3630 1593 3713 neglexerunt,
1623 3631 1764 3714 optimum

396 3733 469 3810 rati,
493 3731 518 3794 si
541 3746 638 3792 novos
661 3730 776 3811 potius,
801 3747 889 3810 quam
911 3729 1050 3810 antiquos
1072 3728 1234 3808 haberent,
1258 3748 1382 3811 quorum
1406 3747 1498 3811 saepe
1520 3729 1687 3813 fragmenta
1709 3749 1764 3794 se-

397 3831 555 3908 milacera,
579 3831 698 3892 noviter
720 3830 841 3910 scriptis
864 3828 1037 3892 amiciendis
1051 3830 1208 3908 destinata,
1231 3830 1395 3936 perierunp
1431 3830 1571 3894 Accessit
1586 3829 1680 3910 zeluS,
1703 3848 1764 3893 non

397 3930 516 4011 quidem
539 3928 703 3991 secundum
726 3929 880 3992 scientiam
907 3927 1164 3992 llissionariorum
1197 3930 1408 4009 quorumdam,
1440 3931 1490 4010 qui
1511 3929 1690 4012 praesertim
1713 3928 1764 3991 ubi

396 4027 554 4111 plurimum
576 4036 731 4109 poterant,
754 4037 786 4090 ut
815 4028 845 4089 in
871 4027 986 4091 Libano
1016 4028 1094 4110 apu'd
1122 4029 1302 4108 Maronitas,
1333 4035 1363 4090 et
1384 4029 1415 4090 in
1437 4028 1623 4092 Melabaricis
1652 4029 1764 4092 Eccle-

398 4129 467 4206 siis,
491 4136 614 4191 veteres
636 4127 871 4191 sacramentales
892 4127 988 4190 libros
1004 4128 1303 4191 llammisabolendos
1317 4129 1418 4210 potius
1430 4129 1651 4211 judicaverunt,
1676 4147 1763 4210 quam

395 4227 426 4290 in
448 4227 601 4310 Europam
623 4226 878 4292 transmittendos.
924 4227 1010 4290 Unde
1023 4230 1052 4290 in
1069 4227 1209 4292 Romanis
1223 4227 1368 4311 Collegiis
1383 4229 1613 4306 Maronitarum,
1632 4227 1763 4308 Sapien-

396 4328 475 4406 tiae,
498 4337 529 4391 et
551 4328 588 4391 de
611 4327 811 4411 Propaganda
834 4325 907 4406 side,
930 4328 989 4392 imo
1013 4335 1043 4392 et
1065 4329 1096 4390 in
1118 4328 1184 4409 ipsa
1206 4330 1350 4392 Vaticana
1367 4327 1567 4408 Bibliotheca,
1589 4327 1763 4409 paucissimi

396 4428 589 4511 reperiuntur
611 4428 686 4490 tales
710 4425 902 4491 Orientalium
925 4428 1009 4506 libri,
1032 4445 1098 4490 cunr
1128 4429 1237 4512 ingens
1267 4427 1384 4490 illorum
1408 4430 1495 4510 copia
1522 4428 1689 4509 comparari
1712 4426 1761 4488 l-

397 4527 454 4590 cile
476 4528 643 4608 potuisset,
667 4535 698 4590 et
720 4527 833 4590 Romae
856 4529 983 4592 maxime
1005 4527 1176 4606 debuisset,
1201 4528 1250 4590 ubi
1274 4528 1363 4590 toties
1378 4526 1417 4589 de
1439 4527 1633 4590 Orientalium
1649 4526 1708 4589 fide
1731 4535 1762 4590 et
1792 4575 1801 4590 .

396 4629 501 4694 ritibus
519 4628 683 4709 judicatum
706 4634 762 4690 est.

483 4725 558 4790 Cum
580 4745 654 4790 vero
676 4727 751 4790 haec
773 4733 911 4788 veterum
933 4724 1071 4788 codicum
1092 4728 1199 4788 raritas
1223 4724 1260 4787 ad
1283 4725 1381 4787 omnia
1411 4723 1639 4788 sacramentalia
1667 4724 1761 4788 officia
1809 4741 1916 4795 traxime
1933 4757 2021 4796 eorum
2036 4743 2081 4810 qui

395 4827 561 4908 pertineat,
583 4826 726 4889 habemus
749 4833 847 4887 tamen
870 4827 941 4887 satis
965 4825 1121 4906 antiquos,
1144 4825 1195 4905 qui
1216 4823 1396 4905 Anaphoras
1417 4824 1542 4905 proprie
1558 4823 1652 4887 dictas
1667 4842 1761 4887 accu-
1796 4825 1913 4880 Officium
1958 4828 2081 4900 generate

394 4934 461 4990 rate
484 4934 715 5008 repraesentent
737 4925 903 5006 praecipue
925 4923 1116 4988 lacebiticas.
1162 4925 1237 4989 Sunt
1259 4929 1358 4986 autern
1380 4921 1574 5005 Anaphorae,
1596 4923 1760 5006 praecipua
1793 4917 1929 4970 conruent.
1989 4943 1992 4951 ·

394 5024 445 5088 illa
467 5042 539 5107 pars
562 5026 656 5088 Olticii
678 5025 893 5101 Eucharistici,
916 5043 993 5106 quae
1016 5025 1053 5088 ab
1076 5025 1212 5088 oratione
1234 5022 1330 5086 osculi
1351 5023 1434 5104 pacis
1460 5023 1580 5104 incipit,
1607 5030 1639 5086 et
1664 5039 1761 5103 usque

1502 5138 1556 5214 9„
