4804 6026
631 556 683 630 as
907 553 1048 632 oaoo
1089 552 1378 634 conuuurs
1414 555 1725 636 irruemus.

730 742 914 814 incensam
966 744 1007 815 ln
1040 742 1176 816 oderem
1209 745 1383 817 suavitatis
1414 746 1458 816 sit
1492 747 1602 817 servis
1641 746 1705 816 tuis
1741 752 1776 818 et
1813 747 1995 822 ancillahus

626 862 690 933 tuis
717 860 914 966 sacrificium
940 859 1030 954 quod
1056 857 1232 931 obtulimus
1258 880 1321 954 pro
1347 857 1412 932 illis
1437 857 1554 932 hodie:
1581 858 1774 954 adquiescat
1798 864 1833 933 in
1859 886 1901 937 eo
1916 866 1996 937 Do-

625 979 714 1048 mine
740 977 894 1049 voluntas
921 985 997 1066 tue,
1024 985 1058 1046 et
1086 978 1229 1070 quietem
1255 974 1319 1050 illis
1345 985 1480 1072 praesta
1506 996 1568 1071 per
1598 976 1861 1050 misericordiam
1894 988 1996 1071 mam,

625 1115 730 1184 nunc,
757 1101 819 1164 etc.

728 1207 903 1280 Sacerdos
928 1207 1037 1278 induit
1062 1211 1173 1280 vestes
1198 1207 1396 1278 ordinariae
1420 1229 1519 1295 eoae,
1546 1213 1581 1279 et
1594 1207 1679 1278 dicit
1694 1210 1892 1280 Orationem
1906 1215 1995 1304 ficis.

728 1323 766 1398 Si
792 1323 933 1420 Moyses
959 1325 1062 1396 uitam
1088 1321 1178 1394 dedit
1202 1322 1391 1410 Israelitae,
1420 1324 1475 1418 qui
1501 1333 1723 1418 peccaverat,
1755 1345 1817 1418 per
1850 1329 1993 1419 sangui-

623 1461 701 1512 nem
726 1439 927 1514 animalium:
955 1447 1075 1533 quanto
1101 1441 1209 1530 magis
1242 1440 1374 1512 veniam
1408 1448 1654 1534 consequentur
1687 1439 1833 1512 defuncti
1864 1440 1993 1533 fideles,

619 1578 686 1652 per
720 1553 915 1628 sacrificium
949 1558 1065 1627 vivum
1101 1553 1190 1650 quod
1222 1576 1285 1650 pro
1318 1553 1382 1626 iilis
1416 1551 1563 1627 oblatum
1597 1565 1657 1630 est
1717 1554 1824 1652 Kyrie
1855 1558 1993 1634 eleison.

624 1673 766 1744 Domine
792 1675 954 1745 miserere
979 1673 1097 1744 nostri.
1149 1671 1251 1743 Peter
1275 1680 1400 1743 noster.

730 1787 928 1880 Obeipootio
955 1809 1017 1862 seu
1042 1787 1246 1858 benedictio.
1271 1787 1306 1858 A
1330 1787 1419 1858 vivis
1447 1807 1531 1884 quos
1564 1807 1768 1877 conservas,
1804 1810 1825 1859 e
1855 1793 1993 1864 mortuis

621 1925 709 1999 ¹quos
734 1905 933 1994 resuscitas,
961 1913 995 1976 et
1021 1902 1063 1976 ab
1092 1903 1181 1974 omni
1207 1911 1378 1991 creatura,
1406 1923 1503 1997 quam
1530 1904 1659 1974 creavit
1686 1913 1742 1974 eut
1768 1915 1861 1977 creat
1880 1908 1993 1999 maje-

624 2032 694 2094 stas
720 2029 793 2112 tua,
828 2018 901 2092 iaus
935 2017 1111 2091 referatur-
1128 2039 1304 2114 supremae
1330 2020 1488 2113 potestati
1513 2027 1606 2091 tuae:
1632 2018 1751 2110 Pater,
1777 2019 1841 2092 Fili
1852 2033 1886 2094 ct
1907 2023 1992 2119 Spi-

619 2140 705 2212 ritus
733 2145 873 2224 sancte‚
899 2157 1005 2225 nunc,
1032 2143 1095 2206 etc.

726 2253 922 2324 Prosteroit
947 2273 984 2322 ec
1010 2271 1128 2320 emoto
1153 2247 1260 2320 attari
1285 2255 1355 2337 ter,
1383 2255 1418 2319 et
1443 2249 1535 2320 dicit.
1784 2323 1788 2330 ,

726 2367 765 2440 In
798 2367 929 2440 domum
962 2374 1076 2457 tuam,
1113 2366 1227 2453 Deus,
1258 2366 1412 2454 introivi,
1444 2374 1478 2435 et
1512 2385 1626 2437 coram
1653 2367 1739 2440 solio
1767 2375 1824 2440 tuo
1851 2367 1992 2444 adoraui

575 2533 579 2540 -
625 2482 704 2556 Rex
731 2481 905 2557 coelestis:
931 2504 1035 2579 parce
1060 2480 1137 2554 mihi
1163 2503 1249 2577 quae
1275 2486 1424 2577 peccavi
1443 2480 1511 2552 tibi.

728 2599 909 2672 osculatur
934 2621 1082 2670 mensam
1107 2601 1217 2685 citae,
1244 2598 1393 2692 dicitque
1418 2596 1683 2692 suspirabuodus
1709 2605 1744 2669 et
1768 2623 1843 2671 cum
1857 2607 1993 2698 affectu.

723 2715 885 2787 Manain
911 2737 996 2810 pace
1023 2715 1128 2786 altare
1154 2723 1316 2804 sanctum,
1344 2722 1377 2785 et
1402 2712 1547 2784 divinum
1570 2712 1719 2786 Domini:
1746 2721 1863 2789 nescio
1882 2728 1990 2790 utrum

622 2841 776 2904 revertar
794 2830 846 2938 Ιαᾱ
870 2839 915 2919 te,
942 2851 1058 2902 necne.
1085 2829 1239 2902 Praestet
1265 2829 1426 2900 Dominus
1453 2827 1547 2917 mihi,
1575 2838 1611 2901 ut
1636 2837 1670 2900 te
1695 2827 1829 2903 videam
1855 2835 1889 2904 in
1915 2833 1989 2906 Ec-

509 2963 511 2969 ·
623 2947 727 3020 clesia
757 2950 1052 3045 primogenitorum
1086 2946 1240 3032 coelesti,
1277 2954 1311 3016 et
1345 2967 1446 3041 super
1480 2942 1545 3017 hoc
1577 2955 1806 3019 testamentum
1839 2948 1991 3022 fiduciam

616 3061 739 3136 haheo.
773 3064 874 3135 Mene
912 3065 945 3134 in
975 3085 1060 3159 pecc
1093 3060 1198 3134 altare
1231 3071 1381 3133 sanctum
1413 3070 1447 3132 et
1479 3063 1758 3156 propitiatorium,
1803 3086 1991 3162 corpusque

616 3189 772 3252 sanctum
800 3189 834 3251 et
859 3183 997 3272 sanguis
1023 3180 1270 3276 propitiatorius
1304 3199 1390 3273 quae
1422 3199 1469 3249 cx
1496 3186 1529 3249 te
1554 3181 1705 3274 suscepi,
1739 3183 1808 3252 sint
1838 3180 1914 3252 mihi
1949 3183 1992 3253 ad

618 3297 845 3390 ,expiationem
875 3295 1068 3367 delictorum
1101 3303 1136 3366 et
1165 3297 1396 3366 remissionem
1426 3302 1660 3388 peecatorum,
1694 3305 1728 3367 et
1763 3296 1806 3368 ed
1839 3296 1992 3370 fiduciam

623 3433 738 3484 coram
764 3408 882 3484 throno
909 3408 1048 3483 terribili
1073 3408 1209 3483 Domini
1235 3418 1270 3480 et
1294 3408 1360 3480 Dei
1385 3412 1490 3481 nostri
1515 3409 1708 3482 insaecula.
1730 3411 1831 3484 Mane
1857 3417 1890 3485 in
1907 3435 1992 3509 pace

624 3526 727 3600 altare
754 3539 903 3600 sanctum
929 3536 963 3600 et
988 3548 1104 3600 mensa
1135 3530 1238 3614 vitae,
1266 3533 1300 3598 et
1332 3525 1516 3619 deprecare
1549 3547 1611 3620 pro
1644 3547 1698 3596 me
1731 3530 1991 3602 misericordiam

624 3642 814 3716 aDomino
841 3652 957 3717 nostro
992 3643 1075 3716 Jcsu
1104 3639 1253 3730 Christo,
1286 3651 1322 3713 ut
1355 3662 1520 3735 nunquam
1555 3663 1687 3714 cessem
1719 3649 1913 3718 memoriam
1945 3647 1993 3717 tui

619 3781 772 3848 servare,
801 3782 847 3832 ex
873 3759 938 3833 hoc
964 3781 1051 3832 nunc
1077 3769 1112 3832 et
1137 3781 1243 3854 usquc
1268 3761 1302 3828 in
1328 3756 1463 3830 saeculo
1490 3758 1709 3832 saeculorum.
1735 3762 1854 3836 Amen.

1027 4111 1577 4164 -W
