4814 6060
831 565 862 642 S.
895 561 1110 641 nttstnitl
1141 561 1372 656 tristiter,
1400 576 1451 638 bc.
1743 563 1820 638 493

446 748 672 840 celebrabitis,
699 750 825 823 credite
853 762 887 822 et
913 753 995 822 certi
1022 760 1142 838 estote,
1170 748 1257 844 quod
1285 771 1332 820 ex
1359 770 1505 844 corpore
1525 751 1822 825 meomanducatis
1867 791 1874 804 ι
1977 729 1982 746 “

447 877 480 942 et
506 871 635 940 vivitis:
663 876 696 937 et
723 889 769 940 ex
796 868 959 959 sanguine
986 887 1061 937 meo
1094 864 1216 953 bibitis,
1244 863 1286 935 ad
1313 869 1539 960 expiationem
1568 865 1762 940 delictorum
1789 877 1824 939 et

446 986 678 1056 remissionem
705 991 928 1078 peccatorum.
982 979 1026 1052 Et
1057 980 1139 1051 haec
1171 983 1280 1051 omnia
1307 979 1518 1075 perficientes
1553 993 1755 1055 mementote
1790 993 1823 1053 et

348 1092 350 1103 '
446 1101 796 1172 commemorationem
828 1097 929 1170 facite
962 1099 1096 1184 martie,
1131 1095 1322 1192 sepulturae
1355 1106 1389 1168 et
1422 1103 1678 1173 resurrectionis
1713 1121 1822 1188 meae,

446 1216 554 1288 donec
580 1214 724 1285 veniam.

550 1328 712 1420 Populus.
766 1328 884 1401 blortis
912 1339 988 1400 tuac
1014 1327 1158 1399 Domine
1184 1327 1380 1396 memoriam
1408 1329 1548 1418 agimus.
1640 1364 1643 1368 ‡

551 1444 727 1516 Sacerdos
754 1445 891 1516 elevans
916 1465 1043 1514 uocem.
1102 1439 1174 1512 Nos
1202 1451 1312 1512 autem
1339 1453 1538 1536 peccatores
1565 1453 1599 1514 et
1625 1445 1820 1540 insipientes

448 1564 539 1634 servi
567 1563 625 1649 tui,
649 1563 745 1652 juxta
774 1560 929 1632 mandata
957 1570 1010 1630 tna
1037 1569 1166 1646 sancta,
1193 1559 1545 1630 commemorationem
1563 1559 1820 1654 dispensationis

448 1687 525 1748 tuae
552 1697 654 1771 super
681 1674 810 1749 tabulas
838 1678 957 1747 meniis
984 1684 1121 1749 nostrae
1142 1676 1352 1767 suscipimus,
1380 1681 1413 1745 et
1439 1678 1549 1744 omnia
1575 1673 1697 1747 ibidem
1724 1688 1821 1768 gesta

449 1795 559 1863 animo
586 1791 815 1882 revolventes,
841 1802 996 1884 tanquam
1031 1789 1270 1862 medicamenta
1305 1792 1453 1885 peccatis
1488 1790 1722 1882 extinguendis
1757 1815 1821 1866 sa-

446 1908 578 1997 lutaria,
605 1907 800 1980 vulneribus
822 1910 947 1979 nostris
965 1909 1180 2002 imponimus:
1208 1909 1461 2001 conceptionem
1474 1915 1561 1977 tuam
1582 1906 1820 1996 admirabilem,

401 2089 409 2101 ,
448 2033 481 2094 et
508 2045 595 2116 quae
620 2021 735 2094 verbis
762 2026 929 2096 enunciari
956 2044 1024 2093 non
1058 2033 1184 2117 potest:
1219 2043 1434 2116 praecursum
1462 2021 1596 2112 Angeli,
1625 2033 1659 2095 et
1686 2045 1820 2097 annun-

447 2143 615 2210 tiationem
642 2142 825 2212 nativitatis
858 2150 950 2210 tuae:
986 2138 1216 2210 formationem
1253 2149 1341 2208 tuam
1374 2136 1577 2226 mirabilem,
1613 2143 1820 2221 nativitatem

448 2277 534 2349 quae
561 2264 730 2349 stuporem
758 2255 847 2326 dedit
873 2251 1099 2347 superioribus
1127 2263 1162 2324 et
1187 2251 1413 2340 inferioribus,
1440 2274 1548 2348 neque
1575 2258 1819 2349 aperitissimis

448 2369 708 2465 quibuscumque
736 2369 900 2465 explicari
926 2371 1053 2465 potnit3
1085 2373 1224 2464 propter
1250 2389 1346 2464 quam
1373 2368 1496 2460 Angeb
1524 2392 1598 2443 cum
1623 2372 1819 2445 Pastoribus

446 2484 619 2558 laudantes
647 2485 895 2559 exultaverunt:
929 2484 1023 2578 Magi
1055 2484 1258 2557 adorationis
1286 2495 1320 2556 et
1346 2506 1517 2557 munerum
1546 2486 1652 2559 officia
1681 2487 1819 2560 obtule-

446 2612 539 2690 runt;
565 2601 706 2675 insanies
734 2601 862 2697 absque
889 2600 1017 2674 macula
1041 2605 1235 2693 sanguinem
1253 2623 1347 2673 snum
1374 2622 1504 2698 purum,
1533 2612 1687 2698 tanquam
1716 2603 1819 2677 obla-

447 2722 571 2792 tionem
605 2717 862 2814 acceptabilem,
905 2720 938 2789 in
973 2741 1014 2789 ea
1050 2717 1250 2789 effuderunt:
1290 2715 1447 2809 legalium
1482 2719 1581 2788 etiam
1616 2717 1819 2793 oblationum

446 2833 643 2907 illationem:
672 2838 895 2924 gestationem
923 2853 1026 2928 snper
1042 2855 1167 2904 manus
1195 2835 1286 2904 senis
1314 2834 1436 2927 antiqui
1464 2832 1600 2922 dierum,
1629 2845 1662 2906 et
1688 2837 1819 2909 confir-

449 2953 627 3023 mationem
655 2972 769 3021 eorum
799 2952 942 3022 omnium
971 2971 1057 3043 quae
1090 2948 1132 3019 de
1167 2957 1202 3019 te
1228 2971 1248 3018 a
1274 2947 1450 3043 Prophetis
1487 2947 1574 3022 dicta
1606 2949 1753 3038 fuerant,
1786 2963 1820 3026 ct

447 3077 569 3138 eventu
597 3065 826 3160 comprobata,
854 3076 952 3160 atque
979 3062 1146 3158 completa
1163 3072 1254 3136 sunt:
1280 3061 1478 3158 baptismum
1505 3075 1594 3136 tuum
1623 3066 1818 3140 inlortlane

447 3191 596 3256 sanctum
623 3190 657 3252 et
683 3181 941 3256 sanctificantem
968 3183 1077 3251 omnia
1093 3182 1354 3276 mysteriaquae
1379 3201 1442 3273 per
1467 3177 1557 3249 illum
1584 3178 1682 3253 nobis
1709 3204 1818 3256 reve-

367 3304 371 3310 '
446 3297 511 3369 lata
539 3305 629 3368 sunt:
660 3300 821 3390 jejunium
854 3308 942 3368 tuum
976 3295 1142 3382 divinum,
1175 3296 1418 3392 victoriamque
1454 3293 1496 3364 de
1532 3293 1667 3368 diabolo
1700 3298 1819 3371 rebelli

448 3423 556 3507 tuam3
593 3411 824 3485 miraculorum
851 3424 981 3484 tuorum
1009 3411 1195 3482 divinorum
1223 3413 1464 3504 operationem,
1493 3434 1578 3505 quae
1603 3410 1720 3484 verbis
1747 3437 1817 3485 cx-

447 3527 564 3623 plicari
592 3539 772 3622 nequeunt:
808 3529 990 3600 Hosannae
1017 3536 1144 3614 cantus,
1177 3525 1360 3619 laudesque
1386 3521 1460 3596 tuas
1488 3547 1533 3596 ex
1560 3549 1621 3597 ore
1647 3527 1818 3602 infantium

445 3665 604 3739 purorum
631 3643 823 3718 decantatas
851 3655 900 3716 ter
927 3667 1001 3715 cum
1037 3641 1195 3730 clamore,
1222 3663 1401 3736 puerorum
1428 3639 1610 3731 infantium,
1638 3651 1672 3712 ct
1698 3667 1818 3716 recens

445 3769 607 3847 natorum,
634 3760 794 3834 Hosanna
820 3763 855 3832 in
891 3759 1054 3847 excelsis,
1088 3755 1248 3848 Hosanna
1274 3757 1340 3830 lilio
1367 3758 1494 3845 David,
1512 3758 1726 3830 ohcnettctns
1762 3763 1818 3853 qui

445 3879 596 3946 venitin
623 3876 929 3966 nominc‚D0mini,
957 3875 1116 3948 Hosanna
1147 3877 1178 3944 in
1206 3873 1362 3947 excelsis.
1398 3872 1611 3948 Postmodum
1639 3885 1747 3946 antem
1776 3874 1818 3946 ad

446 3995 638 4086 passionem
665 3992 824 4066 adductus
852 4014 901 4079 es,
928 4013 991 4086 per
1017 4013 1113 4085 quam
1135 3992 1288 4078 Domine,
1316 3995 1490 4086 passiones
1517 4001 1651 4062 nostras
1679 3989 1817 4062 destru-

446 4110 547 4180 xisti:
574 4111 756 4180 sustinuisti
783 4131 916 4180 crucem
942 4131 1004 4203 pro
1032 4106 1138 4178 salute
1164 4117 1299 4178 nostra:
1328 4105 1529 4180 descendisti
1556 4109 1589 4177 in
1616 4105 1817 4200 sepulcrum,

447 4233 481 4296 ut
508 4223 659 4318 sepultos
684 4222 929 4312 consolareris,
963 4221 1161 4317 solvistique
1189 4226 1332 4318 eosqui
1358 4225 1460 4294 vincti
1489 4231 1584 4291 erant
1612 4245 1631 4292 a
1659 4221 1816 4294 sacculo:

447 4340 622 4411 surrexisti
649 4344 745 4412 tertia
773 4339 838 4431 die,
865 4338 1045 4435 discipulos
1065 4335 1278 4427 confirmasti,
1306 4338 1483 4409 ascendisti
1501 4340 1533 4408 in
1551 4337 1699 4409 coelum:
1728 4335 1816 4409 dona
1861 4431 1863 4438 y

447 4455 600 4544 divisisti,
628 4455 752 4551 Spiritu
779 4466 895 4528 sancto
923 4455 1108 4552 Apostolos
1134 4445 1218 4528 'tuos
1246 4454 1442 4551 implevisti,
1479 4465 1512 4525 et
1544 4456 1662 4525 iterum
1691 4457 1722 4523 in
1750 4455 1815 4526 line

445 4579 605 4643 venturus
633 4595 671 4645 es
698 4572 739 4643 nd
765 4575 945 4644 universae
965 4574 1073 4644 carnis
1094 4593 1239 4643 examen
1256 4571 1502 4660 instituendum,
1529 4581 1563 4641 et
1589 4568 1630 4642 ad
1653 4569 1814 4661 judican-

445 4685 521 4758 dum
548 4685 664 4759 orbem
693 4689 726 4757 in
754 4690 930 4781 aequitate.
971 4685 1182 4758 Convertere
1209 4687 1351 4758 Domine
1379 4685 1421 4757 ad
1447 4685 1603 4781 populum
1631 4697 1732 4776 tuum,
1760 4689 1815 4782 qui

443 4804 543 4896 impie
571 4807 641 4894 egit
667 4825 781 4874 corum
809 4812 853 4890 te,
881 4811 914 4873 et
940 4805 1155 4874 reminiscere
1190 4805 1448 4895 promissionum
1475 4813 1604 4875 tuarum
1631 4804 1815 4892 veracium,

445 4939 507 5014 pro
535 4915 634 4989 vobis
661 4939 751 5012 pono
780 4922 921 4990 animam
948 4941 1066 4990 meam.
1127 4917 1197 4988 Nos
1224 4919 1247 4988 ii
1273 4940 1386 4989 sumus
1412 4919 1576 5006 Domine,
1612 4921 1668 5013 qui
1694 4940 1816 4989 nomen

445 5043 535 5104 tuum
563 5043 713 5132 sanctum
739 5055 806 5105 non
834 5033 1095 5127 abnegavimus:
1123 5037 1178 5129 qni
1206 5033 1378 5127 signaculo
1405 5042 1460 5106 tuo
1479 5037 1628 5128 pretioso
1649 5033 1816 5126 obsignati

1530 5153 1614 5224 65*
