4730 6038
735 665 812 740 354
1302 667 1533 746 hortu

733 857 855 932 ptorum
876 849 1033 931 imperitia,
1056 856 1089 912 ut
1111 867 1328 932 quemcumque
1342 849 1484 915 Codicem
1506 851 1729 932 nanciscantur,
1752 870 1820 915 eum
1843 851 2026 933 describant,
2045 854 2099 936 ju-

734 951 814 1013 dicio
836 948 929 1029 nullo,
952 947 1107 1032 diligentia
1128 949 1284 1013 mediocri.

1056 1225 1098 1334 C.
1139 1225 1292 1320 Spiritus
1318 1230 1376 1322 qui
1402 1252 1425 1297 ο
1451 1232 1485 1297 lc
1506 1227 1678 1320 procedit,
1706 1234 1769 1298 etc.

831 1416 1017 1495 Occuanuur
1050 1427 1156 1491 eadem
1186 1428 1281 1491 verba
1310 1430 1340 1491 in
1363 1408 1481 1511 aliquot
1499 1431 1566 1493 aliis
1589 1431 1733 1512 Syrorum
1751 1429 1896 1512 Liturgiis
1919 1407 2100 1512 sumpta‘ex

731 1531 839 1596 Jacohi
860 1531 1018 1613 primaria:
1040 1531 1121 1593 unde
1144 1532 1270 1615 agnosci
1294 1540 1397 1613 potest
1419 1551 1474 1596 ecs
1496 1533 1590 1596 verba
1612 1535 1679 1616 ipsa
1694 1551 1823 1614 quaeex
1839 1533 1994 1614 Scriptura
2013 1551 2101 1596 sacra

732 1630 909 1713 deprompta
937 1638 1021 1710 sunt,
1051 1629 1164 1692 rectius
1193 1639 1224 1694 et
1247 1630 1285 1693 ad
1307 1632 1474 1695 doctrinam
1495 1633 1647 1696 Romanae
1669 1632 1827 1696 Ecclesiae
1850 1632 2100 1696 accommodatius

732 1732 931 1806 intellexisse,
954 1748 1042 1811 quam
1054 1729 1187 1792 Graecos
1209 1733 1408 1811 recentiores,
1431 1733 1609 1814 praesertim
1632 1749 1758 1813 quorum
1780 1730 1943 1794 certamina
1965 1730 2004 1793 de
2026 1749 2101 1813 pro-

733 1831 872 1896 cessione
896 1831 1024 1910 Spiritus
1047 1830 1142 1891 saneti
1166 1829 1334 1893 Orientales
1357 1849 1418 1894 non
1440 1831 1528 1894 aliter
1550 1831 1727 1910 didiceramt,
1751 1849 1839 1912 quam
1859 1830 2100 1895 allissionariis:

734 1932 784 2011 qui
815 1930 895 2013 quod
925 1928 1093 2010 symbolum
1116 1930 1181 1991 sine
1211 1929 1361 1994 additione
1383 1931 1516 2013 Filioque
1537 1931 1660 1993 recitari
1682 1929 1836 2007 audirent,
1867 1947 1921 1992 eos
1944 1931 1974 1993 in
1997 1929 2102 1995 eadem

732 2047 802 2091 esse
833 2047 868 2090 ao
899 2026 1033 2091 Graecos
1064 2025 1276 2091 Schismaticos
1313 2030 1471 2110 opinione,
1507 2029 1763 2095 existimaverunt.
1808 2029 1940 2109 Spiritroe
1968 2038 2101 2107 sumtus,

732 2129 827 2210 inquit
850 2126 997 2206 Christus,
1021 2129 1073 2208 qui
1093 2145 1114 2189 a
1136 2125 1230 2189 Putre
1247 2129 1396 2206 procedit,
1419 2129 1457 2190 de
1478 2147 1544 2190 meo
1566 2130 1706 2208 occipiat.
1752 2126 1860 2191 Graeci
1883 2128 1984 2191 ultima
2006 2128 2101 2192 verba

732 2229 778 2290 sic
800 2226 980 2310 intelligunt,
1003 2233 1036 2288 ut
1058 2225 1136 2289 dona
1160 2226 1287 2306 Spiritus
1310 2228 1405 2289 saneti
1428 2246 1505 2309 quae
1529 2227 1639 2290 Christi
1663 2233 1761 2291 morte
1783 2235 1870 2309 parta
1892 2235 1978 2304 sunt,
2001 2228 2039 2291 ab
2062 2247 2100 2291 eo

732 2334 874 2407 accepta,
904 2324 1071 2388 hominihus
1100 2325 1308 2388 communicet.
1352 2325 1393 2387 At
1423 2326 1502 2407 quod
1530 2345 1566 2389 ea
1596 2345 1674 2408 quae
1703 2313 1852 2410 οιῖσιώδη
1875 2333 1961 2403 suut,
1986 2345 2003 2388 a
2025 2326 2100 2389 Filio

733 2424 862 2507 Spiritus
884 2433 1006 2488 sanctus
1030 2425 1175 2505 accipiat,
1204 2441 1264 2486 non
1293 2433 1476 2508 agnoscunt,
1506 2434 1539 2488 ut
1568 2445 1643 2508 prae
1673 2426 1802 2488 caeteris
1832 2425 1924 2507 longa
1948 2433 1978 2488 et
2000 2424 2102 2488 suhtili

732 2523 934 2605 disputatione
956 2525 986 2586 in
1000 2522 1135 2586 Concilio
1153 2522 1325 2586 Florentino
1342 2523 1473 2606 probare
1496 2527 1579 2589 nisus
1602 2532 1649 2588 est
1669 2525 1790 2587 Marcus
1812 2524 1973 2606 Ephesius,
1997 2530 2028 2586 et
2050 2523 2102 2604 qui

733 2623 793 2686 odii
816 2631 846 2686 et
868 2622 940 2686 belli
962 2623 1108 2686 adversus
1132 2621 1253 2686 Latinos
1276 2622 1384 2687 haeres
1407 2624 1471 2704 fuit,
1495 2623 1666 2688 Gennadius
1688 2622 1861 2687 Patriarcha
1884 2623 2101 2686 Constantino·
2134 2629 2137 2638 “

735 2720 900 2804 politanus,
923 2721 960 2784 ab
983 2720 1059 2785 urbe
1082 2728 1168 2803 capta
1192 2723 1315 2804 primas.
1360 2722 1419 2796 Qui
1440 2725 1532 2808 igitur
1553 2722 1648 2787 verba
1668 2722 1778 2787 Christi
1800 2723 1838 2787 de
1862 2723 1975 2804 Spiritu
1996 2729 2100 2786 sancto

733 2828 839 2884 contra
862 2819 1047 2884 Graecorum
1069 2829 1199 2884 menmm
1221 2821 1348 2903 puhlicis
1371 2825 1547 2887 testimoniis
1570 2822 1767 2903 declaratam,
1789 2823 1943 2904 variisque
1966 2820 2100 2884 Theolo-

732 2937 841 3005 gomm
863 2920 984 3002 scriptis
1008 2920 1209 2984 confirmatam
1230 2921 1483 3003 interpretantur,
1507 2923 1681 2986 eorumdem
1703 2923 1799 2985 errori
1822 2922 1923 2985 alllnes
1946 2937 2100 2984 essenon

730 3026 867 3102 possunt.
911 3018 1047 3082 Ducendi
1069 3020 1161 3103 igitur
1182 3028 1252 3084 sunt
1274 3019 1460 3101 Orientales,
1484 3038 1545 3084 nou
1566 3021 1748 3100 insectandi,
1773 3022 1809 3085 ab
1832 3021 1890 3084 illis
1912 3020 2100 3102 praesertim,

731 3122 783 3202 qui
805 3127 896 3183 totam
918 3119 997 3182 illam
1019 3121 1188 3200 maten'am,
1219 3138 1280 3183 non
1303 3121 1498 3202 exprobetis
1523 3121 1692 3200 autoribus,
1721 3139 1797 3203 quos
1820 3119 2014 3204 ignorabant,
2045 3117 2100 3182 sed

731 3239 772 3282 ex
794 3218 997 3283 Collectaneis
1020 3218 1205 3299 didiceramt,
1228 3228 1279 3283 aut
1302 3239 1341 3282 ex
1361 3219 1528 3302 aliquorum
1551 3221 1701 3283 hominum
1723 3219 1937 3299 relationibus,
1967 3219 2019 3300 qui
2042 3217 2101 3280 do-

732 3338 811 3381 mum
834 3337 874 3380 ex
897 3317 1022 3381 Oriente
1044 3318 1184 3399 reduces,
1208 3319 1246 3382 de
1271 3319 1456 3401 triumphatis
1469 3319 1670 3383 Schismaticis
1693 3328 1744 3383 aut
1757 3319 1923 3384 Haereticis
1942 3317 2100 3399 sihiplau-

733 3419 807 3480 dunt
828 3417 964 3480 inaniter.

1110 3680 1145 3749 7.
1185 3680 1317 3750 Panem
1342 3683 1440 3751 ιἰἰιιοι
1462 3682 1636 3772 perficiat,
1665 3685 1728 3750 etc.

824 3869 916 3962 Quas
940 3879 977 3942 ad
999 3880 1083 3943 istius
1097 3879 1513 3963 lociintellectumpertinent
1535 3882 1604 3946 alibi
1626 3882 1721 3946 fusius
1745 3882 1897 3964 explicata
1919 3891 2004 3947 sunt:
2028 3884 2100 3948 illud

733 3991 846 4049 tantum
872 3982 1007 4046 breviter
1040 3985 1238 4065 repetendum
1268 3993 1323 4048 est.
1368 3983 1414 4047 Ex
1441 3985 1500 4049 illis
1527 3985 1630 4049 verbis
1660 3986 1768 4067 quihus
1791 3984 1861 4068 Syri
1882 3987 1925 4048 uti
1947 3987 2048 4051 solent
2069 3991 2099 4050 in

734 4084 914 4167 exponenda
928 4083 1122 4146 invocatione
1143 4085 1275 4165 &iriam
1296 4088 1405 4164 suncti
1428 4103 1489 4149 non
1512 4084 1687 4168 captandam
1710 4103 1780 4148 esse
1794 4087 1986 4149 occasionem
1998 4091 2099 4151 varias

733 4185 807 4266 apsis
829 4181 1066 4266 significationes
1088 4183 1280 4261 attribuendi,
1300 4183 1362 4264 jam
1385 4184 1522 4247 diximus.
1557 4184 1685 4247 Utuntur
1708 4183 1816 4248 Graeci
1838 4186 1867 4247 in
1889 4187 2099 4251 vetustissimis

733 4283 874 4364 Litargiis
889 4281 1014 4345 vocibus
1036 4283 1152 4358 ποιεῖν,
1179 4271 1355 4361 ἀναδεῖξαι,
1377 4269 1526 4366 ἁγιάσαι,
1547 4279 1701 4362 τελειοῦν,
1724 4301 1802 4364 quae
1825 4301 1929 4346 omnes
1952 4285 2032 4348 idem
2054 4288 2100 4349 si-

733 4383 884 4464 gnificant.
914 4379 1085 4444 Orientales
1101 4382 1298 4463 quiejusdem
1312 4383 1431 4446 omnino
1454 4382 1611 4464 potestatis
1634 4399 1726 4445 voees
1749 4399 1810 4445 non
1833 4380 1954 4462 hahent,
1977 4390 2100 4446 utunhu

732 4480 790 4543 illis
813 4499 901 4561 quae,
924 4480 950 4544 si
972 4498 1033 4542 non
1055 4480 1092 4544 ad
1114 4481 1210 4561 ipsam
1232 4482 1417 4564 singularem
1440 4481 1688 4564 significationem
1710 4481 1876 4560 accedunt,
1899 4489 1930 4544 at
1951 4483 2100 4566 originem

734 4581 914 4661 exprimunt.
959 4578 1148 4642 hlanilestum
1172 4589 1218 4643 est
1240 4598 1350 4663 porro,
1380 4588 1440 4645 tam
1471 4600 1511 4644 ex
1539 4581 1738 4644 invocationis
1766 4582 1858 4644 variis
1882 4580 2016 4646 lormulis
2038 4590 2099 4645 tum

732 4697 772 4742 ex
785 4678 1009 4763 Theologorum
1023 4680 1212 4757 testimoniis,
1234 4684 1426 4763 praecipuam
1448 4690 1478 4744 et
1501 4680 1539 4744 ad
1561 4699 1648 4761 quam
1662 4680 1797 4762 reliquae
1812 4699 1916 4744 omnes
1928 4681 2101 4745 reseruntur

732 4796 803 4841 esse
830 4766 869 4842 ad
897 4776 1018 4854 ποιεῖν,
1052 4777 1174 4857 soom,
1198 4777 1335 4860 efficere,
1365 4782 1413 4843 eui
1434 4770 1631 4858 iconismos
1652 4788 1699 4843 est
1720 4768 1891 4859 ἀναδεῖξαι
1912 4789 1944 4844 ut
1967 4781 2004 4844 ab
2026 4783 2099 4864 ipsis

667 4907 671 4916 ·
731 4876 979 4954 Protestantihus,
1003 4875 1176 4940 doctissimo
1190 4880 1369 4959 praesertim
1391 4881 1421 4942 ia
1445 4878 1568 4944 Graecis
1591 4881 1687 4943 literis
1711 4879 1891 4943 Casauhono
1913 4883 2098 4963 agnoscam.

733 4974 803 5056 Syri
825 4973 863 5037 ad
884 4976 1033 5056 originem
1054 4977 1225 5057 primariam
1246 4980 1366 5059 attenti,
1389 4986 1546 5042 verterunt
1568 4979 1725 5060 aliquando
1748 4998 1805 5061 per
1826 4992 1898 5058 mitt,
1920 4979 2002 5062 quod
2022 4998 2097 5062 pro-

733 5074 889 5138 ximiorem
911 5091 1018 5137 vocem
1040 5091 1101 5138 non
1123 5077 1311 5157 reperirent,
1339 5085 1373 5142 ut
1400 5077 1519 5142 Arabes
1548 5077 1702 5163 Liturgiae
1730 5077 1874 5160 Coptieae
1901 5080 2096 5161 interpretes,

731 5191 791 5254 per
811 5173 947 5237 similem.
990 5172 1037 5238 De
1059 5173 1138 5237 illius
1153 5176 1402 5260 interpretatione
1416 5179 1578 5243 secundum
1600 5178 1689 5244 uerbi
1709 5179 1818 5244 ποιεῖν
1838 5179 2096 5265 significationem,
