4784 6040
705 1029 1305 1209 nirunom
1409 1237 1412 1242 ,

473 1359 787 1480 tunnis
840 1366 863 1432 ¹·
918 1357 1548 1478 HERACLEENSIS.

725 1684 877 1757 Primum
903 1687 1017 1756 oratio
1045 1689 1126 1754 acte
1152 1683 1290 1755 Pacem.

398 1881 609 1998 Erremus,
644 1917 797 1994 aeterne,
831 1905 1043 1997 abscondite,
1075 1908 1131 2000 qui
1162 1908 1195 1976 in
1228 1916 1282 1976 tua
1316 1907 1520 2000 propriaque
1545 1910 1689 1980 essentia

279 2075 287 2085 -
329 2048 522 2125 permanes:
549 2028 604 2119 qui
631 2024 672 2097 ab
700 2021 851 2094 omnibus
878 2025 1037 2094 creaturis
1065 2032 1098 2094 at
1124 2023 1234 2095 servis
1253 2019 1404 2096 adoraris
1420 2029 1453 2092 et
1475 2021 1691 2114 glorificaris3

330 2148 414 2216 sicut
439 2139 529 2231 olim‚
556 2144 601 2212 ita
628 2142 726 2224 etiarn
753 2160 840 2211 nunc
867 2137 1034 2211 sanctifica
1061 2141 1197 2224 animos,
1225 2148 1259 2209 ct
1284 2159 1428 2234 corpora
1454 2141 1596 2211 omnium
1620 2160 1690 2211 no-

331 2268 443 2346 stum,
469 2260 563 2330 utin
588 2278 653 2328 una
680 2254 858 2329 concordia
887 2257 1046 2344 caritatis,
1072 2263 1139 2325 tom
1165 2253 1207 2326 ad
1233 2264 1285 2343 te,
1314 2277 1413 2348 quam
1440 2253 1482 2326 ad
1508 2275 1571 2327 nos
1598 2256 1692 2325 invi-

332 2397 405 2446 cem
428 2384 578 2462 mutuae,
609 2393 796 2444 mereamur
826 2371 963 2443 laudare
988 2379 1021 2441 te
1047 2381 1081 2441 et
1114 2372 1317 2463 unigenitum
1343 2371 1461 2442 Filium
1488 2379 1598 2461 tuum,
1630 2393 1693 2466 par

332 2511 427 2584 quem
454 2498 586 2561 etcum
614 2511 679 2582 quo
705 2498 740 2559 te
766 2486 863 2559 decet
888 2485 1015 2578 gloria‚
1050 2486 1157 2560 honor
1183 2495 1218 2559 et
1241 2489 1433 2582 imperium,
1468 2509 1543 2560 cum
1568 2485 1692 2583 Spiritu

238 2643 242 2650 ·
330 2616 386 2677 tuo
413 2607 633 2678 sanctissimo.

434 2720 595 2814 Populus.
647 2719 766 2790 Amen.

433 2837 618 2909 Sacerdos.
670 2837 755 2908 Pax.

434 2952 595 3047 Populus.
647 2951 790 3024 Etcum
817 2953 933 3048 spiritu
959 2962 1025 3023 tuo.

434 3069 621 3143 Diaconos.
674 3066 741 3139 Det
765 3068 988 3163 unusquisque
1013 3086 1152 3161 pacem,
1177 3073 1240 3136 etc.

433 3185 593 3278 Populus.
647 3183 781 3258 Omnes.

433 3302 620 3373 Diaconos.
672 3299 764 3372 Post.

362 3437 363 3442 ’
434 3417 593 3510 Populus.
648 3414 772 3489 Coram
798 3425 842 3487 te.

435 3533 618 3606 Sacerdos.
653 3533 721 3604 Per
745 3531 979 3604 multitudinem
1006 3529 1255 3603 misericordiae
1280 3526 1525 3615 tuaeDomine,
1552 3525 1692 3598 benedic

335 3671 454 3723 servos
480 3659 555 3722 tuos
583 3659 617 3721 et
647 3649 842 3722 adoratores
875 3659 950 3722 tuos
981 3648 1084 3734 istos,
1117 3649 1173 3740 qui
1203 3666 1290 3716 nune
1322 3665 1437 3715 coram
1472 3654 1506 3715 ta
1538 3643 1693 3729 meinati,

333 3775 512 3862 expectant
537 3766 659 3838 donum
686 3775 774 3838 tuum
800 3763 964 3839 coeleste:
989 3785 1052 3859 per
1076 3764 1229 3855 gratiam,
1255 3758 1517 3833 misericordiam
1539 3770 1574 3832 et
1591 3780 1694 3831 amo-

332 3905 403 3954 rem
429 3904 512 3974 erga
538 3881 688 3954 homines
715 3883 873 3975 unigeniti
898 3880 970 3952 Filii
996 3882 1058 3951 tui:
1084 3900 1146 3974 per
1172 3899 1269 3973 quiem
1296 3889 1331 3950 et
1357 3898 1430 3948 cum
1458 3897 1523 3971 quo
1546 3886 1579 3947 te
1597 3874 1696 3947 dccet

335 3998 441 4091 gloria
468 3997 645 4088 athmon,
671 4007 734 4069 ete.

436 4115 596 4207 Populus.
648 4114 767 4185 Amen.

436 4230 619 4302 Sacerdos.
672 4229 826 4302 Perfecto
853 4231 983 4325 applica
1009 4237 1152 4302 mentem
1177 4237 1325 4299 nostram
1357 4225 1399 4297 ad
1430 4225 1539 4297 lumen
1572 4222 1693 4321 perie-

335 4349 513 4421 ctissimum
530 4343 747 4438 Theologiaa
774 4368 860 4441 quae
886 4344 1125 4441 contemplatur
1151 4363 1294 4416 summas
1320 4340 1436 4415 laudes
1462 4350 1535 4414 tuas
1562 4339 1693 4429 beatas,

335 4462 495 4552 Domine3
523 4471 557 4533 et
581 4471 714 4556 praesta
740 4459 848 4551 nobis,
874 4472 910 4534 ut
934 4484 1017 4558 pure
1044 4469 1142 4557 atqua
1168 4468 1282 4532 sancte
1299 4456 1466 4554 perficiam
1482 4457 1695 4528 ministerium

333 4578 399 4652 hoc
424 4600 543 4675 purum
569 4585 666 4672 atque
691 4580 885 4673 mysticum
912 4580 1139 4674 pergratiam
1165 4585 1200 4648 ct
1224 4573 1503 4661 miscricordiam,
1535 4581 1569 4644 et
1595 4593 1695 4643 amo-

335 4705 407 4765 rem
434 4715 517 4786 erga
543 4693 693 4766 homines
719 4695 878 4786 unigeniti
903 4692 977 4765 Filii
1002 4696 1059 4782 tui,
1085 4714 1146 4789 per
1173 4713 1270 4788 quam
1296 4701 1330 4763 et
1356 4711 1431 4763 cum
1457 4709 1522 4785 quo
1549 4698 1584 4761 te
1599 4686 1698 4759 decet

336 4808 464 4902 gloria,
491 4819 553 4882 etc.

440 4925 600 5019 Papulae.
652 4925 771 4997 Amen.

303 5111 310 5138 x
440 5042 627 5114 Diceoma.
679 5041 811 5116 Stemus
838 5041 1004 5115 decenter.
