4728 6028
751 531 825 608 152
1254 533 1610 610 LITURGIA

851 717 1035 792 Sacerdos.
1086 721 1179 792 Deus
1204 717 1350 813 benigne
1374 742 1419 792 ne
1450 719 1589 794 inducas
1615 743 1678 796 nos
1711 722 1745 793 in
1778 723 1992 794 tentationem
2024 741 2112 815 pro-

746 833 905 927 bationis,
937 859 1037 932 mam
1062 839 1227 910 sustinere
1257 857 1327 908 non
1357 839 1540 932 possimus:
1575 836 1637 910 sed
1669 835 1848 910 secundum
1878 839 2111 908 miserationes

747 960 823 1023 tuas
849 953 967 1024 multas
995 951 1116 1044 adjuva
1141 972 1218 1040 nos,
1245 951 1327 1025 dans
1352 953 1451 1026 nohis
1478 957 1602 1027 exitum
1620 953 1840 1048 tranquillum,
1868 957 1922 1048 qui
1947 973 2010 1024 nos
2037 954 2111 1023 eri-

747 1070 819 1163 piat
849 1077 884 1140 et
913 1043 1036 1140 ¹liberet
1070 1065 1112 1139 ab
1148 1068 1300 1140 omnihus
1331 1069 1441 1164 plagis
1472 1068 1612 1157 furoris,
1652 1081 1686 1142 et
1716 1094 1737 1142 a
1768 1069 1901 1142 foetore
1935 1066 2111 1156 diabolico,

748 1187 824 1278 quia
851 1194 939 1256 tuum
966 1195 1020 1256 est
1045 1187 1238 1280 imperium,
1273 1194 1308 1256 et
1332 1194 1482 1279 potestas
1516 1207 1722 1281 regnumque
1753 1196 1842 1258 tuum
1874 1195 2048 1280 permanet
2078 1186 2112 1254 in

747 1300 881 1372 succida
907 1299 1128 1390 saeculorum,
1155 1308 1189 1371 et
1214 1299 1273 1372 tibi
1298 1299 1417 1392 gloria.
1570 1301 1731 1398 Popotas.
1787 1302 1906 1374 Amen.

849 1415 1035 1488 Sacerdos.
1088 1417 1172 1488 Pax.

851 1532 1012 1626 Popotos.
1066 1531 1210 1604 Etcum
1237 1535 1352 1629 spiritu
1379 1543 1445 1606 tuo.

850 1647 1037 1719 Diaconos.
1089 1649 1189 1721 Ante.

851 1763 1012 1857 Popotas.
1066 1764 1189 1836 Coram
1214 1772 1258 1837 te.

850 1879 1035 1952 Sacerdos.
1087 1880 1254 1971 Benedic‚
1297 1881 1440 1952 Domine
1471 1882 1581 1970 Deus,
1616 1885 1727 1956 serris
1758 1884 1821 1955 tais
1852 1886 1941 1971 istis,
1973 1903 2111 1977 quomm

747 1995 835 2069 colla
861 2007 929 2069 tam
951 2001 1131 2092 animarum
1158 2020 1256 2091 mam
1283 2019 1459 2093 corporum
1485 1996 1640 2071 inednata
1664 2008 1750 2086 sunt,
1777 2003 1897 2094 quique
1923 2007 1957 2070 tc
1983 1999 2110 2094 deprc-

746 2123 870 2184 cantur.
923 2112 994 2186 Fac
1019 2136 1082 2186 nos
1109 2113 1244 2208 etillos
1257 2115 1411 2204 Domine,
1437 2113 1555 2206 dignos
1569 2113 1852 2189 benedictionibus
1878 2117 2110 2210 mysteriomm

745 2240 878 2301 tuorum
903 2240 1094 2302 sanctorum
1120 2238 1154 2301 et
1179 2228 1472 2318 immaculatorum,
1500 2239 1533 2300 et
1559 2235 1659 2303 venia
1673 2242 1886 2326 peccatomm
1912 2240 2111 2318 nostrorum,

748 2344 955 2418 stillarum:
991 2354 1026 2416 ut
1056 2367 1140 2442 pure
1174 2357 1208 2417 et
1239 2355 1354 2419 sancte
1394 2352 1674 2420 communicemus
1710 2331 1846 2444 corpori
1885 2359 1919 2420 et
1958 2347 2110 2439 sanguini

746 2464 906 2553 unigeniti
931 2460 1006 2532 Filii
1032 2465 1086 2532 tui.
1138 2459 1233 2533 Educ
1260 2483 1305 2534 ex
1330 2463 1427 2536 nobis
1453 2460 1591 2535 odorem
1614 2485 1753 2558 operum
1778 2464 1962 2554 honorum,
1988 2472 2023 2536 et
2047 2483 2109 2533 re-

746 2575 892 2650 feremus
919 2578 978 2650 tibi
1004 2576 1156 2670 gloriam,
1184 2589 1248 2650 etc.
1402 2577 1564 2673 Popotos.
1615 2579 1734 2655 Amen.

851 2691 1036 2765 Sacerdos.
1087 2692 1170 2766 Pax.
1459 2703 1468 2714 “

850 2808 1011 2902 Popatas.
1063 2807 1108 2880 Et
1134 2833 1209 2882 cum
1235 2811 1351 2906 spiritu
1376 2820 1443 2882 tuo.

850 2924 1035 2998 Sacerdos.
1089 2924 1140 2998 Sit
1166 2929 1288 3018 gratia,
1315 2934 1378 2999 etc.

849 3041 1038 3112 Diaconos.
1092 3041 1225 3115 Stemus
1252 3041 1417 3113 decenter.

850 3157 1012 3252 Popatos.
1063 3157 1262 3230 Laudamus.

970 3481 1145 3555 Sacerdos
1171 3484 1257 3554 dicit
1284 3482 1479 3554 Orationem
1505 3483 1704 3555 Gratiarum
1730 3486 1886 3554 actionis.
1955 3583 1960 3590 Ι

852 3689 992 3763 Omnem
1024 3711 1143 3761 veram
1174 3691 1355 3781 gratiarum
1387 3692 1569 3779 actionem,
1601 3699 1635 3761 et
1673 3692 1818 3761 maxime
1851 3692 2015 3763 sinceram
2051 3689 2110 3762 tibi

696 3879 700 3886 ,
747 3807 915 3880 offerimus
941 3807 1099 3894 Domine,
1126 3817 1264 3901 propter
1290 3806 1412 3878 donum
1436 3803 1515 3877 illud
1541 3803 1630 3901 quod
1655 3803 1751 3878 nobis
1784 3810 1936 3902 quentvis
1968 3805 2109 3899 indignis

748 3922 875 3996 dedisti.
929 3921 981 3995 Nc
1008 3931 1134 3995 statuas
1161 3944 1236 4011 nos,
1262 3923 1415 4010 Domine,
1442 3944 1516 3992 eum
1542 3920 1670 4018 pudore
1685 3933 1899 4017 peccatorum
1912 3932 2109 4010 nostrorum,

747 4061 855 4134 neque
881 4049 1007 4110 reanum
1034 4041 1240 4110 incurramus
1266 4038 1314 4120 ob,
1338 4041 1582 4135 susceptionem
1616 4041 1848 4135 mysteriorum
1880 4037 1997 4110 horum
2024 4059 2109 4110 san-

748 4162 892 4244 ctorum,
925 4153 985 4226 sed
1011 4152 1176 4246 retugium
1203 4163 1237 4226 et
1270 4153 1400 4247 adjutor
1435 4151 1649 4245 escariotis,
1676 4164 1710 4226 ct
1736 4177 1756 4225 a
1780 4153 1946 4250 spiritibus
1973 4157 2110 4226 inimicis

748 4274 803 4366 qui
828 4269 992 4342 luctantur
1017 4269 1189 4344 nobiscum
1215 4268 1321 4352 libera
1347 4293 1430 4360 nos,
1456 4293 1518 4367 per
1544 4293 1659 4344 eorum
1685 4273 1964 4360 commistionem,
1998 4281 2032 4342 et
2057 4273 2110 4344 si-

747 4386 814 4458 mul
840 4385 1026 4460 referemus
1053 4386 1109 4460 tibi
1136 4387 1278 4479 gloriam
1296 4397 1329 4460 et
1345 4386 1487 4459 laudem.

850 4502 1010 4597 Popatas.
1062 4503 1182 4575 Amen.
1355 4516 1357 4522 ’

848 4617 1034 4691 Sacerdos.
1086 4619 1171 4691 Pax.

850 4734 1012 4827 Popotas.
1062 4734 1206 4808 Etcum
1233 4737 1350 4830 spiritu
1376 4745 1442 4807 tro.

849 4851 1037 4924 Diaconos.
1089 4850 1171 4924 Post
1185 4854 1451 4948 susceptionem,
1478 4859 1541 4922 etc.

847 4967 1008 5062 Popatas.
1063 4965 1185 5042 Coram
1211 4977 1247 5040 te
1271 4965 1425 5041 Domine.
