4782 6068
724 578 801 653 608
1293 575 1525 654 tto-tlt

702 762 835 832 ,utenda
862 761 1036 844 relinquere
1062 760 1267 843 periculosum
1296 763 1393 825 visum
1422 760 1493 843 luit,
1527 767 1559 825 at
1587 761 1704 826 servari
1735 761 1834 844 aliqua
1864 764 2026 845 oportebat
2058 764 2097 828 ad

725 862 916 925 traditionem
940 859 1133 923 Orientalium
1156 861 1409 943 perspiciendam.

839 1155 901 1227 20.
940 1155 1087 1248 Cumque
1113 1159 1207 1226 venit
1231 1155 1410 1228 Diaconos
1436 1156 1483 1226 od
1503 1157 1711 1250 portandum
1737 1157 1892 1247 culicem,
1920 1164 1985 1229 etc.

818 1362 941 1444 Ounno
969 1375 1172 1456 praecedens:
1206 1375 1288 1439 Unus
1308 1375 1404 1438 Pater
1424 1385 1566 1454 sanctae,
1588 1385 1645 1444 etc.
1675 1377 1785 1442 dicitur
1813 1396 1851 1441 eo
1880 1379 1948 1459 ipso
1974 1379 2044 1442 loco
2067 1381 2101 1443 in

726 1481 863 1543 omnibus
887 1477 1088 1542 Orientalibus
1110 1477 1266 1560 Liturgiis,
1289 1479 1375 1560 quasi
1396 1486 1515 1544 tessera
1538 1479 1726 1542 Christianae
1749 1478 1819 1542 lidei
1841 1480 1923 1541 circa
1944 1479 2100 1546 Trinitatis

725 1579 910 1661 mysterium.
941 1576 1096 1642 Canuntur
1111 1575 1456 1658 intereallesponsoria,
1480 1597 1558 1660 quae
1580 1578 1619 1641 ad
1642 1578 1731 1641 tidem
1753 1578 1792 1641 de
1808 1577 1997 1642 Eucharistia
2019 1598 2101 1644 con-

724 1677 892 1740 testandum
914 1677 1082 1758 pertinent,
1111 1684 1279 1758 praeeunte
1302 1677 1446 1740 Diacono.
1491 1677 1533 1740 At
1560 1677 1762 1760 singularem,
1790 1685 1824 1739 ut
1852 1678 1932 1759 'apud
1962 1679 2100 1760 Coptitas

726 1779 808 1840 circa
829 1775 903 1840 illud
925 1777 1100 1858 mysterium
1123 1775 1346 1840 confessionem
1368 1775 1444 1855 lieri,
1465 1775 1548 1839 nulla
1569 1776 1703 1860 legitima
1726 1779 1884 1841 autoritate
1908 1786 2036 1856 constat,
2059 1797 2101 1842 ex

725 1875 869 1938 librorum
897 1874 1037 1952 delectu,
1067 1893 1167 1954 neque
1194 1875 1327 1956 reliquas
1357 1877 1563 1939 caeremonias
1592 1894 1671 1956 quae
1693 1874 1730 1936 ad
1753 1875 1971 1940 Eucharistiam
1994 1877 2102 1942 distri-

724 1973 875 2038 buendam
898 1974 1034 2038 adbiberi
1056 1973 1167 2037 debent
1182 1975 1303 2038 scimus.
1345 1973 1410 2036 lloc
1432 1973 1502 2037 loco
1524 1974 1622 2038 solum
1644 1973 1674 2037 id
1697 1973 1851 2051 babemus,
1874 1975 1955 2056 quod
1978 1997 2018 2040 ex
2041 1997 2101 2040 ve-

644 2055 650 2081 '
724 2075 785 2137 teri
807 2074 964 2157 disciplina
986 2073 1066 2137 calix
1087 2073 1222 2138 Diacono
1245 2072 1447 2150 committitur,
1469 2081 1530 2136 tum
1551 2082 1585 2137 ut
1598 2073 1813 2138 Sacerdotibus
1837 2082 1867 2138 et
1889 2075 1966 2154 aliis,
1990 2078 2100 2160 quibus

724 2174 874 2238 bibendus
905 2174 993 2238 datur
1021 2191 1089 2236 eum
1119 2173 1320 2236 administret:
1349 2179 1411 2235 tum
1439 2179 1472 2234 ut
1494 2174 1593 2237 Laicis
1620 2181 1652 2236 et
1673 2174 1848 2236 mulieribus
1872 2177 1923 2257 qui
1944 2175 2101 2238 intinctam

724 2273 902 2353 particulam
924 2273 1075 2336 cochleari
1096 2273 1235 2354 praebito
1258 2273 1419 2353 accipiunt,
1442 2275 1678 2338 communionem
1702 2273 1870 2337 distribuat.
1903 2272 1977 2337 Cum
2000 2283 2101 2338 autem

724 2372 777 2435 illa
800 2373 987 2436 consuetudo
1009 2373 1040 2434 in
1063 2372 1201 2434 Ecclesia
1225 2370 1341 2434 Graeca
1364 2379 1461 2435 ortum
1482 2372 1636 2451 babuerit,
1669 2380 1700 2434 et
1728 2372 1766 2435 ad
1795 2372 1966 2436 Orientales
1995 2391 2119 2436 omues·

725 2474 917 2553 pervenerit,
945 2470 1132 2534 Nestor-lanis
1163 2489 1285 2552 quoque
1313 2470 1488 2534 familiarem
1509 2471 1604 2536 luisse
1625 2473 1786 2536 verisimile
1810 2473 1930 2536 omnino
1953 2482 2009 2535 est
2053 2472 2102 2535 De

726 2571 934 2633 communione
961 2570 1017 2634 sub
1045 2577 1173 2651 utraque
1202 2571 1307 2650 specie
1330 2570 1468 2634 dubitare
1490 2589 1551 2634 non
1574 2573 1675 2634 sinunt
1696 2588 1752 2634 nos
1776 2571 1973 2652 quorumdam
1995 2571 2101 2634 l'heo-

723 2669 867 2751 logorum
888 2687 906 2730 a
927 2669 1120 2732 Missionibus
1143 2670 1328 2746 testimonia,
1358 2671 1410 2751 qui
1431 2686 1499 2733 eam
1521 2670 1721 2752 disciplinam,
1750 2671 1835 2732 velut
1864 2689 2000 2734 errorem
2023 2691 2101 2754 gra-

725 2770 880 2833 vissimum
907 2768 966 2832 illis
995 2767 1154 2850 objiciunt,
1185 2770 1319 2851 quamm
1350 2787 1411 2833 non
1441 2771 1603 2852 antiquitus
1631 2770 1720 2832 modo
1753 2771 1917 2832 communis
1947 2788 2019 2834 usus
2047 2771 2101 2834 ille

725 2867 818 2931 luerit
846 2867 925 2949 apud
957 2886 1062 2931 omnes
1091 2868 1263 2948 Ecclesiae,
1293 2887 1399 2932 verum
1429 2870 1517 2932 etiam
1540 2861 1746 2951 quaecumque
1771 2869 1808 2931 ad
1831 2870 1972 2932 unitatem
1995 2871 2102 2934 redic-

725 2974 811 3048 runt,
842 2967 957 3047 libere,
987 2985 1087 3048 neque
1117 2968 1348 3032 reclamantibus
1382 2967 1592 3048 Pontificibus,
1626 2968 1707 3032 illum
1737 2969 1926 3031 retinuerint.
1971 2967 2102 3042 Ouoda

726 3067 877 3130 nonnullis
908 3075 1022 3131 temere
1053 3066 1164 3130 dictum
1192 3076 1255 3147 est,
1284 3075 1318 3130 ut
1346 3085 1364 3130 a
1391 3067 1508 3132 Joanne
1537 3069 1692 3152 Ragusino
1719 3069 1749 3130 in
1774 3068 1910 3132 Concilio
1932 3066 2102 3131 basileensi

724 3166 922 3231 Nestorianos
951 3167 1006 3230 sub
1034 3176 1162 3249 utraque
1191 3167 1296 3248 specie
1323 3167 1562 3232 communionem
1592 3169 1665 3232 dare
1695 3168 1765 3231 olim
1799 3169 1984 3244 instituisse,
2017 3167 2100 3248 quod

725 3266 782 3329 sub
805 3267 890 3347 panis
913 3267 1018 3348 specie
1040 3266 1137 3329 solum
1161 3283 1273 3348 corpus
1297 3264 1408 3328 Christi
1430 3285 1499 3330 esso
1523 3269 1703 3346 crederent,
1730 3269 1786 3331 sub
1816 3269 1877 3330 vini
1904 3268 2002 3331 solum
2025 3285 2103 3330 san-

725 3367 861 3450 guinem,
883 3365 992 3429 dudum
1015 3384 1033 3427 a
1056 3366 1219 3448 Theologis
1243 3365 1400 3446 explosum
1422 3374 1479 3446 cst,
1503 3369 1638 3448 quamvis
1662 3367 1880 3431 aCeusoribus
1897 3367 2102 3449 Diamperen-

725 3464 810 3530 sibus
832 3465 910 3529 idem
933 3485 1055 3548 quoque
1077 3465 1170 3528 fuerit
1192 3465 1372 3528 alllrmatum.
1401 3465 1520 3529 Nullam
1541 3467 1652 3530 babent
1673 3467 1723 3529 vel
1746 3467 2101 3530 babueruntNestoriani

727 3563 913 3646 disciplinam
944 3564 1000 3629 hac
1028 3567 1060 3628 iu
1089 3573 1177 3646 parte
1204 3564 1406 3649 singularem,
1437 3564 1493 3627 sed
1523 3565 1658 3629 eamdem
1688 3584 1776 3646 quam
1803 3565 1912 3646 reliqui
1941 3584 2046 3628 omues
2070 3567 2099 3628 in

728 3663 851 3736 Oriente
874 3666 1064 3744 Christiani,
1080 3683 1158 3748 quae
1187 3685 1255 3729 cum
1277 3665 1347 3728 alibi
1369 3665 1435 3730 luse
1459 3683 1476 3728 a
1498 3665 1585 3728 nobis
1609 3665 1758 3746 explicata
1781 3667 1836 3744 sit,
1866 3667 2047 3746 praesertim
2070 3667 2101 3729 in

728 3762 957 3828 Commentariis
980 3767 1018 3828 ad
1041 3764 1194 3847 CopticaS,
1218 3765 1418 3846 Syriacasque
1441 3764 1644 3829 Jacobitarum
1666 3765 1834 3848 Liturgias,
1857 3766 1944 3847 plura
1967 3783 2027 3827 non
2051 3767 2102 3829 di-

728 3881 842 3930 cemus.

891 4144 954 4217 21.
994 4147 1143 4217 Fratres
1168 4147 1331 4238 suscipite
1358 4167 1484 4238 corpus
1510 4143 1597 4215 Filii
1622 4142 1748 4213 clamat
1773 4142 1944 4214 Ecclesia.

828 4370 1005 4450 (intricans
1026 4384 1096 4448 illae
1120 4402 1198 4467 quac
1220 4382 1368 4447 dicendae
1390 4389 1459 4446 sunt
1482 4400 1547 4445 cum
1571 4381 1758 4444 distribuitur
1771 4380 1970 4463 Eucharistia‚
1992 4382 2023 4443 in
2044 4401 2104 4446 usu

730 4496 816 4550 erant
838 4488 917 4570 apud
939 4489 1136 4552 Nestorianos
1163 4487 1350 4566 ldalabares,
1380 4494 1413 4550 ut
1441 4486 1521 4569 apud
1548 4487 1830 4567 Mesopotamenos,
1862 4485 1944 4565 quod
1975 4493 2105 4548 testatur

728 4589 821 4653 llissa
843 4607 860 4650 a
883 4589 1033 4651 Lusitanis
1055 4587 1162 4652 Latine
1184 4589 1272 4651 edita.
1318 4588 1429 4650 Verum
1451 4588 1483 4649 in
1505 4592 1702 4666 utrorumque
1725 4584 1879 4648 codicibus
1902 4601 2019 4664 paucae
2042 4605 2105 4649 ex-

729 4688 849 4767 tabant,
880 4697 910 4752 et
939 4690 1059 4770 aliquae
1088 4706 1148 4752 non
1173 4696 1260 4752 erant
1281 4689 1438 4770 integrae,
1467 4703 1535 4749 cum
1557 4687 1699 4766 proprius
1721 4684 1838 4747 illarum
1860 4682 1946 4746 locus
1967 4683 2050 4748 foret
2070 4686 2103 4746 in

729 4785 813 4851 libris
827 4806 952 4869 precum
972 4787 1221 4870 quotidianarum,
1243 4788 1324 4850 unde
1345 4787 1410 4868 peti
1432 4786 1578 4850 solebant.
1601 4782 1691 4847 'lales
1704 4785 1735 4847 in
1750 4783 1863 4865 aliquot
1878 4781 2104 4864 exemplaribus

730 4894 845 4967 extant,
868 4894 928 4951 tam
950 4889 1113 4969 perspicua
1136 4886 1174 4949 de
1196 4888 1325 4951 veritate
1348 4887 1485 4969 corporis
1509 4893 1540 4948 et
1561 4885 1718 4968 sanguinis
1732 4882 1841 4948 Christi
1859 4884 1890 4947 in
1912 4889 2104 4947 sacramento

730 4987 900 5052 testimonia
931 4988 1136 5069 continentes,
1166 4987 1239 5050 nihil
1266 4993 1300 5050 ut
1331 4970 1437 5068 possit
1457 5004 1527 5050 esse
1558 4985 1679 5050 clarius.
1724 4982 1800 5048 Nam
1822 4981 2021 5060 descensum,
2049 4997 2109 5043 seu
