<?xml version="1.0" encoding="UTF-8"?>
<!DOCTYPE html PUBLIC "-//W3C//DTD XHTML 1.0 Transitional//EN"
    "http://www.w3.org/TR/xhtml1/DTD/xhtml1-transitional.dtd">
<html xmlns="http://www.w3.org/1999/xhtml" xml:lang="en" lang="en">
 <head>
  <title>
</title>
<meta http-equiv="Content-Type" content="text/html;charset=utf-8" />
  <meta name='ocr-system' content='tesseract 3.04.00' />
  <meta name='ocr-capabilities' content='ocr_page ocr_carea ocr_par ocr_line ocrx_word'/>
</head>
<body>
  <div class='ocr_page' id='page_1' title='image "./liturgiarumorie04renagoog_0616.png"; bbox 0 0 4782 6068; ppageno 0'>
   <div class='ocr_carea' id='block_1_1' title="bbox 651 604 1746 732">
    <p class='ocr_par' dir='ltr' id='par_1_1' title="bbox 651 604 1746 732">
     <span class='ocr_line' id='line_1_1' title="bbox 651 604 1746 732; baseline 0 -46"><span class='ocrx_word' id='word_1_1' title='bbox 651 609 828 688; x_wconf 83' lang='lat' dir='ltr'><strong>LlTllllGld</strong></span> <span class='ocrx_word' id='word_1_2' title='bbox 854 606 1083 688; x_wconf 74' lang='lat' dir='ltr'><strong>sinerentur</strong></span> <span class='ocrx_word' id='word_1_3' title='bbox 1108 604 1385 732; x_wconf 75' lang='lat' dir='ltr'><strong>mosrotonou</strong></span> <span class='ocrx_word' id='word_1_4' title='bbox 1410 611 1470 681; x_wconf 79' lang='lat' dir='ltr'><strong>m·</strong></span> <span class='ocrx_word' id='word_1_5' title='bbox 1671 609 1746 687; x_wconf 74' lang='lat'><strong>579</strong></span> 
     </span>
    </p>
   </div>
   <div class='ocr_carea' id='block_1_2' title="bbox 376 796 1748 1358">
    <p class='ocr_par' dir='ltr' id='par_1_2' title="bbox 376 796 1748 1358">
     <span class='ocr_line' id='line_1_2' title="bbox 378 796 1745 889; baseline 0.004 -22"><span class='ocrx_word' id='word_1_6' title='bbox 378 797 525 870; x_wconf 86' lang='lat' dir='ltr'><strong>caritatis</strong></span> <span class='ocrx_word' id='word_1_7' title='bbox 552 805 645 870; x_wconf 87' lang='lat' dir='ltr'><strong>tuae:</strong></span> <span class='ocrx_word' id='word_1_8' title='bbox 671 796 871 870; x_wconf 71' lang='lat' dir='ltr'><strong>illuminatae</strong></span> <span class='ocrx_word' id='word_1_9' title='bbox 898 804 973 868; x_wconf 91' lang='lat' dir='ltr'><strong>sunt</strong></span> <span class='ocrx_word' id='word_1_10' title='bbox 998 797 1129 867; x_wconf 91' lang='lat' dir='ltr'><strong>animae</strong></span> <span class='ocrx_word' id='word_1_11' title='bbox 1161 803 1308 880; x_wconf 90' lang='lat' dir='ltr'><strong>nostrae,</strong></span> <span class='ocrx_word' id='word_1_12' title='bbox 1335 815 1397 888; x_wconf 91' lang='lat' dir='ltr'><strong>per</strong></span> <span class='ocrx_word' id='word_1_13' title='bbox 1424 798 1650 889; x_wconf 68' lang='lat' dir='ltr'>cognitionem</span> <span class='ocrx_word' id='word_1_14' title='bbox 1676 822 1745 872; x_wconf 89' lang='lat' dir='ltr'><strong>ve-</strong></span> 
     </span>
     <span class='ocr_line' id='line_1_3' title="bbox 377 908 1748 1007; baseline 0.006 -27"><span class='ocrx_word' id='word_1_15' title='bbox 377 912 485 982; x_wconf 90' lang='lat' dir='ltr'><strong>ritatis</strong></span> <span class='ocrx_word' id='word_1_16' title='bbox 512 921 605 984; x_wconf 86' lang='lat' dir='ltr'><strong>tuae:</strong></span> <span class='ocrx_word' id='word_1_17' title='bbox 633 911 724 1007; x_wconf 83' lang='lat' dir='ltr'><strong>digni</strong></span> <span class='ocrx_word' id='word_1_18' title='bbox 750 913 929 986; x_wconf 88' lang='lat' dir='ltr'><strong>efficiamur</strong></span> <span class='ocrx_word' id='word_1_19' title='bbox 943 910 1143 1006; x_wconf 91' lang='lat' dir='ltr'><strong>suscipiendi</strong></span> <span class='ocrx_word' id='word_1_20' title='bbox 1159 908 1457 984; x_wconf 77' lang='lat' dir='ltr'><strong>manifestationem</strong></span> <span class='ocrx_word' id='word_1_21' title='bbox 1484 912 1594 988; x_wconf 90' lang='lat' dir='ltr'><strong>dilecti</strong></span> <span class='ocrx_word' id='word_1_22' title='bbox 1620 919 1678 1006; x_wconf 90' lang='lat' dir='ltr'><strong>tui,</strong></span> <span class='ocrx_word' id='word_1_23' title='bbox 1706 916 1748 988; x_wconf 92' lang='lat' dir='ltr'><strong>de</strong></span> 
     </span>
     <span class='ocr_line' id='line_1_4' title="bbox 376 1025 1745 1122; baseline 0.006 -24"><span class='ocrx_word' id='word_1_24' title='bbox 376 1025 474 1099; x_wconf 89' lang='lat' dir='ltr'><strong>coelo</strong></span> <span class='ocrx_word' id='word_1_25' title='bbox 502 1039 619 1101; x_wconf 89' lang='lat' dir='ltr'><strong>sancto</strong></span> <span class='ocrx_word' id='word_1_26' title='bbox 648 1039 718 1101; x_wconf 92' lang='lat' dir='ltr'><strong>tuo:</strong></span> <span class='ocrx_word' id='word_1_27' title='bbox 754 1029 821 1101; x_wconf 92' lang='lat' dir='ltr'><strong>illic</strong></span> <span class='ocrx_word' id='word_1_28' title='bbox 847 1025 1074 1101; x_wconf 85' lang='lat' dir='ltr'><strong>confitebimur</strong></span> <span class='ocrx_word' id='word_1_29' title='bbox 1102 1027 1174 1113; x_wconf 90' lang='lat' dir='ltr'><strong>tihi,</strong></span> <span class='ocrx_word' id='word_1_30' title='bbox 1208 1036 1242 1098; x_wconf 91' lang='lat' dir='ltr'><strong>et</strong></span> <span class='ocrx_word' id='word_1_31' title='bbox 1273 1029 1451 1120; x_wconf 86' lang='lat' dir='ltr'><strong>(interea)</strong></span> <span class='ocrx_word' id='word_1_32' title='bbox 1487 1029 1745 1122; x_wconf 84' lang='lat' dir='ltr'><strong>glorificabimus</strong></span> 
     </span>
     <span class='ocr_line' id='line_1_5' title="bbox 376 1142 1746 1238; baseline 0.003 -22"><span class='ocrx_word' id='word_1_33' title='bbox 376 1151 410 1216; x_wconf 90' lang='lat' dir='ltr'><strong>te</strong></span> <span class='ocrx_word' id='word_1_34' title='bbox 436 1142 661 1217; x_wconf 81' lang='lat' dir='ltr'><strong>indesinenter</strong></span> <span class='ocrx_word' id='word_1_35' title='bbox 686 1150 720 1218; x_wconf 91' lang='lat' dir='ltr'><strong>iu</strong></span> <span class='ocrx_word' id='word_1_36' title='bbox 738 1143 894 1218; x_wconf 82' lang='lat' dir='ltr'><strong>Ecclesia</strong></span> <span class='ocrx_word' id='word_1_37' title='bbox 921 1154 976 1215; x_wconf 90' lang='lat' dir='ltr'><strong>tua</strong></span> <span class='ocrx_word' id='word_1_38' title='bbox 1001 1153 1162 1215; x_wconf 88' lang='lat' dir='ltr'><strong>coronata</strong></span> <span class='ocrx_word' id='word_1_39' title='bbox 1190 1153 1223 1214; x_wconf 92' lang='lat' dir='ltr'><strong>et</strong></span> <span class='ocrx_word' id='word_1_40' title='bbox 1249 1142 1348 1238; x_wconf 91' lang='lat' dir='ltr'><strong>plena</strong></span> <span class='ocrx_word' id='word_1_41' title='bbox 1376 1142 1527 1216; x_wconf 89' lang='lat' dir='ltr'><strong>omnibus</strong></span> <span class='ocrx_word' id='word_1_42' title='bbox 1554 1147 1686 1220; x_wconf 84' lang='lat' dir='ltr'><strong>auxiliis</strong></span> <span class='ocrx_word' id='word_1_43' title='bbox 1713 1158 1746 1220; x_wconf 90' lang='lat' dir='ltr'><strong>et</strong></span> 
     </span>
     <span class='ocr_line' id='line_1_6' title="bbox 377 1257 1609 1358; baseline 0.004 -29"><span class='ocrx_word' id='word_1_44' title='bbox 377 1257 530 1331; x_wconf 88' lang='lat' dir='ltr'><strong>omuibus</strong></span> <span class='ocrx_word' id='word_1_45' title='bbox 554 1260 666 1352; x_wconf 82' lang='lat' dir='ltr'><strong>honio,</strong></span> <span class='ocrx_word' id='word_1_46' title='bbox 693 1265 769 1358; x_wconf 91' lang='lat' dir='ltr'><strong>quia</strong></span> <span class='ocrx_word' id='word_1_47' title='bbox 796 1270 830 1334; x_wconf 90' lang='lat' dir='ltr'><strong>tu</strong></span> <span class='ocrx_word' id='word_1_48' title='bbox 857 1283 896 1334; x_wconf 91' lang='lat' dir='ltr'><strong>es</strong></span> <span class='ocrx_word' id='word_1_49' title='bbox 921 1258 1082 1330; x_wconf 87' lang='lat' dir='ltr'><strong>Dominus</strong></span> <span class='ocrx_word' id='word_1_50' title='bbox 1110 1268 1143 1330; x_wconf 90' lang='lat' dir='ltr'><strong>et</strong></span> <span class='ocrx_word' id='word_1_51' title='bbox 1170 1269 1303 1332; x_wconf 89' lang='lat' dir='ltr'><strong>creator</strong></span> <span class='ocrx_word' id='word_1_52' title='bbox 1330 1261 1474 1331; x_wconf 92' lang='lat' dir='ltr'><strong>omnium</strong></span> <span class='ocrx_word' id='word_1_53' title='bbox 1499 1260 1609 1334; x_wconf 89' lang='lat' dir='ltr'><strong>Pater.</strong></span> 
     </span>
    </p>
   </div>
   <div class='ocr_carea' id='block_1_3' title="bbox 374 1384 1746 1602">
    <p class='ocr_par' dir='ltr' id='par_1_3' title="bbox 374 1384 1746 1602">
     <span class='ocr_line' id='line_1_7' title="bbox 483 1384 1746 1484; baseline 0.002 -23"><span class='ocrx_word' id='word_1_54' title='bbox 483 1391 603 1463; x_wconf 84' lang='lat' dir='ltr'><strong>Oratio</strong></span> <span class='ocrx_word' id='word_1_55' title='bbox 637 1393 779 1463; x_wconf 80' lang='lat' dir='ltr'><strong>incensi.</strong></span> <span class='ocrx_word' id='word_1_56' title='bbox 838 1388 1036 1462; x_wconf 83' lang='lat' dir='ltr'><strong>Referemus</strong></span> <span class='ocrx_word' id='word_1_57' title='bbox 1072 1384 1229 1484; x_wconf 79' lang='lat' dir='ltr'><strong>hymnum</strong></span> <span class='ocrx_word' id='word_1_58' title='bbox 1264 1387 1416 1460; x_wconf 87' lang='lat' dir='ltr'><strong>Trinitati</strong></span> <span class='ocrx_word' id='word_1_59' title='bbox 1451 1397 1528 1460; x_wconf 88' lang='lat' dir='ltr'><strong>tuae</strong></span> <span class='ocrx_word' id='word_1_60' title='bbox 1562 1390 1746 1483; x_wconf 84' lang='lat' dir='ltr'><strong>gloriosae,</strong></span> 
     </span>
     <span class='ocr_line' id='line_1_8' title="bbox 374 1506 958 1602; baseline -0.015 -20"><span class='ocrx_word' id='word_1_61' title='bbox 374 1507 489 1596; x_wconf 89' lang='lat' dir='ltr'><strong>Pater,</strong></span> <span class='ocrx_word' id='word_1_62' title='bbox 515 1506 579 1581; x_wconf 82' lang='lat' dir='ltr'><strong>Fili</strong></span> <span class='ocrx_word' id='word_1_63' title='bbox 605 1517 639 1579; x_wconf 90' lang='lat' dir='ltr'><strong>et</strong></span> <span class='ocrx_word' id='word_1_64' title='bbox 664 1507 807 1602; x_wconf 87' lang='lat' dir='ltr'><strong>Spiritus</strong></span> <span class='ocrx_word' id='word_1_65' title='bbox 834 1514 958 1578; x_wconf 89' lang='lat' dir='ltr'><strong>sancte.</strong></span> 
     </span>
    </p>
   </div>
   <div class='ocr_carea' id='block_1_4' title="bbox 376 1635 1745 1986">
    <p class='ocr_par' dir='ltr' id='par_1_4' title="bbox 376 1635 1745 1986">
     <span class='ocr_line' id='line_1_9' title="bbox 478 1635 1031 1731; baseline -0.014 -21"><span class='ocrx_word' id='word_1_66' title='bbox 478 1635 612 1710; x_wconf 84' lang='lat' dir='ltr'><strong>Diebus</strong></span> <span class='ocrx_word' id='word_1_67' title='bbox 628 1639 763 1728; x_wconf 62' lang='lat' dir='ltr'><strong>jejunii.</strong></span> <span class='ocrx_word' id='word_1_68' title='bbox 816 1636 861 1707; x_wconf 88' lang='lat' dir='ltr'><strong>Et</strong></span> <span class='ocrx_word' id='word_1_69' title='bbox 885 1641 1031 1731; x_wconf 86' lang='lat' dir='ltr'><strong>propter.</strong></span> 
     </span>
     <span class='ocr_line' id='line_1_10' title="bbox 480 1767 1745 1860; baseline 0.006 -18"><span class='ocrx_word' id='word_1_70' title='bbox 480 1770 521 1842; x_wconf 85' lang='lat' dir='ltr'><strong>In</strong></span> <span class='ocrx_word' id='word_1_71' title='bbox 548 1773 865 1860; x_wconf 74' lang='lat' dir='ltr'><strong>conmemoratione</strong></span> <span class='ocrx_word' id='word_1_72' title='bbox 890 1767 1105 1838; x_wconf 59' lang='lat' dir='ltr'><strong>SanctM.</strong></span> <span class='ocrx_word' id='word_1_73' title='bbox 1159 1767 1211 1839; x_wconf 82' lang='lat' dir='ltr'><strong>Tu</strong></span> <span class='ocrx_word' id='word_1_74' title='bbox 1236 1768 1396 1856; x_wconf 88' lang='lat' dir='ltr'><strong>Domine,</strong></span> <span class='ocrx_word' id='word_1_75' title='bbox 1422 1792 1505 1843; x_wconf 91' lang='lat' dir='ltr'><strong>vere</strong></span> <span class='ocrx_word' id='word_1_76' title='bbox 1532 1795 1570 1846; x_wconf 92' lang='lat' dir='ltr'><strong>es</strong></span> <span class='ocrx_word' id='word_1_77' title='bbox 1596 1779 1745 1850; x_wconf 89' lang='lat' dir='ltr'><strong>suscita-</strong></span> 
     </span>
     <span class='ocr_line' id='line_1_11' title="bbox 376 1881 1745 1986; baseline 0.005 -27"><span class='ocrx_word' id='word_1_78' title='bbox 376 1893 432 1960; x_wconf 90' lang='lat' dir='ltr'><strong>tor</strong></span> <span class='ocrx_word' id='word_1_79' title='bbox 456 1909 634 1984; x_wconf 90' lang='lat' dir='ltr'><strong>corporum</strong></span> <span class='ocrx_word' id='word_1_80' title='bbox 661 1896 867 1959; x_wconf 88' lang='lat' dir='ltr'><strong>nostrorum:</strong></span> <span class='ocrx_word' id='word_1_81' title='bbox 894 1895 927 1956; x_wconf 90' lang='lat' dir='ltr'><strong>tu</strong></span> <span class='ocrx_word' id='word_1_82' title='bbox 955 1904 993 1955; x_wconf 93' lang='lat' dir='ltr'><strong>es</strong></span> <span class='ocrx_word' id='word_1_83' title='bbox 1020 1881 1181 1956; x_wconf 86' lang='lat' dir='ltr'><strong>Salvator</strong></span> <span class='ocrx_word' id='word_1_84' title='bbox 1205 1882 1314 1958; x_wconf 90' lang='lat' dir='ltr'><strong>honus</strong></span> <span class='ocrx_word' id='word_1_85' title='bbox 1341 1888 1522 1958; x_wconf 89' lang='lat' dir='ltr'><strong>animarum</strong></span> <span class='ocrx_word' id='word_1_86' title='bbox 1546 1901 1745 1986; x_wconf 89' lang='lat' dir='ltr'><strong>nostrarum,</strong></span> 
     </span>
    </p>
   </div>
   <div class='ocr_carea' id='block_1_5' title="bbox 375 2002 1745 2210">
    <p class='ocr_par' dir='ltr' id='par_1_5' title="bbox 375 2002 1745 2210">
     <span class='ocr_line' id='line_1_12' title="bbox 376 2002 1745 2105; baseline 0.006 -31"><span class='ocrx_word' id='word_1_87' title='bbox 376 2015 410 2076; x_wconf 88' lang='lat' dir='ltr'><strong>et</strong></span> <span class='ocrx_word' id='word_1_88' title='bbox 442 2012 668 2076; x_wconf 89' lang='lat' dir='ltr'><strong>conservator</strong></span> <span class='ocrx_word' id='word_1_89' title='bbox 702 2023 842 2074; x_wconf 89' lang='lat' dir='ltr'><strong>securus</strong></span> <span class='ocrx_word' id='word_1_90' title='bbox 874 2002 965 2072; x_wconf 90' lang='lat' dir='ltr'><strong>vitae</strong></span> <span class='ocrx_word' id='word_1_91' title='bbox 996 2008 1152 2072; x_wconf 90' lang='lat' dir='ltr'><strong>nostrae:</strong></span> <span class='ocrx_word' id='word_1_92' title='bbox 1189 2023 1319 2096; x_wconf 91' lang='lat' dir='ltr'><strong>nosque</strong></span> <span class='ocrx_word' id='word_1_93' title='bbox 1351 2014 1484 2097; x_wconf 84' lang='lat' dir='ltr'><strong>oportet</strong></span> <span class='ocrx_word' id='word_1_94' title='bbox 1518 2015 1553 2076; x_wconf 90' lang='lat' dir='ltr'><strong>te</strong></span> <span class='ocrx_word' id='word_1_95' title='bbox 1583 2019 1745 2105; x_wconf 89' lang='lat' dir='ltr'><strong>perpetuo</strong></span> 
     </span>
     <span class='ocr_line' id='line_1_13' title="bbox 375 2115 1471 2210; baseline -0.002 -20"><span class='ocrx_word' id='word_1_96' title='bbox 375 2118 536 2209; x_wconf 87' lang='lat' dir='ltr'><strong>confiteri,</strong></span> <span class='ocrx_word' id='word_1_97' title='bbox 565 2119 707 2190; x_wconf 91' lang='lat' dir='ltr'><strong>adorare</strong></span> <span class='ocrx_word' id='word_1_98' title='bbox 733 2127 767 2190; x_wconf 93' lang='lat' dir='ltr'><strong>et</strong></span> <span class='ocrx_word' id='word_1_99' title='bbox 793 2115 982 2210; x_wconf 88' lang='lat' dir='ltr'><strong>glorificare</strong></span> <span class='ocrx_word' id='word_1_100' title='bbox 1007 2118 1152 2189; x_wconf 90' lang='lat' dir='ltr'><strong>omnium</strong></span> <span class='ocrx_word' id='word_1_101' title='bbox 1178 2115 1330 2190; x_wconf 91' lang='lat' dir='ltr'><strong>Domine.</strong></span> <span class='ocrx_word' id='word_1_102' title='bbox 1469 2119 1471 2130; x_wconf 90' lang='lat'>&#39;</span> 
     </span>
    </p>
   </div>
   <div class='ocr_carea' id='block_1_6' title="bbox 373 2245 1837 3487">
    <p class='ocr_par' dir='ltr' id='par_1_6' title="bbox 374 2245 1759 2674">
     <span class='ocr_line' id='line_1_14' title="bbox 477 2245 1745 2354; baseline 0.005 -31"><span class='ocrx_word' id='word_1_103' title='bbox 477 2252 491 2287; x_wconf 85' lang='lat'>³</span> <span class='ocrx_word' id='word_1_104' title='bbox 516 2251 576 2323; x_wconf 87' lang='lat' dir='ltr'><strong>Ad</strong></span> <span class='ocrx_word' id='word_1_105' title='bbox 601 2251 792 2322; x_wconf 81' lang='lat' dir='ltr'><strong>Lectiones.</strong></span> <span class='ocrx_word' id='word_1_106' title='bbox 846 2250 1002 2338; x_wconf 85' lang='lat' dir='ltr'><strong>Sanctus,</strong></span> <span class='ocrx_word' id='word_1_107' title='bbox 1027 2249 1041 2284; x_wconf 84' lang='lat'>⁴</span> <span class='ocrx_word' id='word_1_108' title='bbox 1066 2245 1262 2338; x_wconf 89' lang='lat' dir='ltr'><strong>laudandus,</strong></span> <span class='ocrx_word' id='word_1_109' title='bbox 1289 2261 1422 2347; x_wconf 90' lang='lat' dir='ltr'><strong>potens,</strong></span> <span class='ocrx_word' id='word_1_110' title='bbox 1449 2253 1662 2345; x_wconf 89' lang='lat' dir='ltr'><strong>immortalis,</strong></span> <span class='ocrx_word' id='word_1_111' title='bbox 1688 2261 1745 2354; x_wconf 85' lang='lat' dir='ltr'><strong>qui</strong></span> 
     </span>
     <span class='ocr_line' id='line_1_15' title="bbox 374 2364 1759 2465; baseline 0.005 -27"><span class='ocrx_word' id='word_1_112' title='bbox 374 2368 406 2438; x_wconf 93' lang='lat' dir='ltr'><strong>in</strong></span> <span class='ocrx_word' id='word_1_113' title='bbox 434 2369 557 2440; x_wconf 86' lang='lat' dir='ltr'><strong>sanctis</strong></span> <span class='ocrx_word' id='word_1_114' title='bbox 584 2365 727 2456; x_wconf 89' lang='lat' dir='ltr'><strong>habitas,</strong></span> <span class='ocrx_word' id='word_1_115' title='bbox 755 2375 789 2438; x_wconf 87' lang='lat' dir='ltr'><strong>et</strong></span> <span class='ocrx_word' id='word_1_116' title='bbox 814 2367 996 2462; x_wconf 88' lang='lat' dir='ltr'><strong>requiescit</strong></span> <span class='ocrx_word' id='word_1_117' title='bbox 1023 2368 1056 2436; x_wconf 93' lang='lat' dir='ltr'><strong>in</strong></span> <span class='ocrx_word' id='word_1_118' title='bbox 1083 2368 1131 2438; x_wconf 90' lang='lat' dir='ltr'><strong>eis</strong></span> <span class='ocrx_word' id='word_1_119' title='bbox 1157 2364 1314 2438; x_wconf 89' lang='lat' dir='ltr'><strong>voluntas</strong></span> <span class='ocrx_word' id='word_1_120' title='bbox 1342 2375 1413 2439; x_wconf 92' lang='lat' dir='ltr'><strong>tua:</strong></span> <span class='ocrx_word' id='word_1_121' title='bbox 1439 2373 1570 2465; x_wconf 88' lang='lat' dir='ltr'><strong>respice</strong></span> <span class='ocrx_word' id='word_1_122' title='bbox 1589 2365 1759 2462; x_wconf 78' lang='lat' dir='ltr'><strong>Domine,</strong></span> 
     </span>
     <span class='ocr_line' id='line_1_16' title="bbox 374 2478 1742 2581; baseline 0.007 -27"><span class='ocrx_word' id='word_1_123' title='bbox 374 2487 535 2581; x_wconf 91' lang='lat' dir='ltr'><strong>propitius</strong></span> <span class='ocrx_word' id='word_1_124' title='bbox 570 2495 644 2556; x_wconf 92' lang='lat' dir='ltr'><strong>esto</strong></span> <span class='ocrx_word' id='word_1_125' title='bbox 679 2494 713 2555; x_wconf 92' lang='lat' dir='ltr'><strong>et</strong></span> <span class='ocrx_word' id='word_1_126' title='bbox 744 2486 904 2556; x_wconf 90' lang='lat' dir='ltr'><strong>miserere</strong></span> <span class='ocrx_word' id='word_1_127' title='bbox 935 2484 1062 2572; x_wconf 89' lang='lat' dir='ltr'><strong>nostri,</strong></span> <span class='ocrx_word' id='word_1_128' title='bbox 1097 2482 1191 2562; x_wconf 64' lang='lat' dir='ltr'><strong>,sieut</strong></span> <span class='ocrx_word' id='word_1_129' title='bbox 1226 2483 1259 2553; x_wconf 95' lang='lat' dir='ltr'><strong>in</strong></span> <span class='ocrx_word' id='word_1_130' title='bbox 1296 2478 1447 2556; x_wconf 90' lang='lat' dir='ltr'><strong>omnibus</strong></span> <span class='ocrx_word' id='word_1_131' title='bbox 1485 2487 1665 2564; x_wconf 86' lang='lat' dir='ltr'><strong>auxiliator</strong></span> <span class='ocrx_word' id='word_1_132' title='bbox 1704 2512 1742 2563; x_wconf 89' lang='lat' dir='ltr'><strong>es</strong></span> 
     </span>
     <span class='ocr_line' id='line_1_17' title="bbox 375 2601 697 2674; baseline -0.009 0"><span class='ocrx_word' id='word_1_133' title='bbox 375 2603 519 2674; x_wconf 91' lang='lat' dir='ltr'><strong>omnium</strong></span> <span class='ocrx_word' id='word_1_134' title='bbox 545 2601 697 2673; x_wconf 90' lang='lat' dir='ltr'><strong>Domine.</strong></span> 
     </span>
    </p>

    <p class='ocr_par' dir='ltr' id='par_1_7' title="bbox 373 2713 1837 3487">
     <span class='ocr_line' id='line_1_18' title="bbox 476 2713 1742 2810; baseline 0.003 -20"><span class='ocrx_word' id='word_1_135' title='bbox 476 2717 536 2790; x_wconf 83' lang='lat' dir='ltr'><strong>Ad</strong></span> <span class='ocrx_word' id='word_1_136' title='bbox 561 2716 770 2810; x_wconf 83' lang='lat' dir='ltr'><strong>Apostolum.</strong></span> <span class='ocrx_word' id='word_1_137' title='bbox 823 2713 971 2788; x_wconf 88' lang='lat' dir='ltr'><strong>Idumina</strong></span> <span class='ocrx_word' id='word_1_138' title='bbox 998 2713 1095 2788; x_wconf 92' lang='lat' dir='ltr'><strong>nobis</strong></span> <span class='ocrx_word' id='word_1_139' title='bbox 1121 2714 1263 2788; x_wconf 91' lang='lat' dir='ltr'><strong>Domine</strong></span> <span class='ocrx_word' id='word_1_140' title='bbox 1291 2726 1324 2788; x_wconf 89' lang='lat' dir='ltr'><strong>et</strong></span> <span class='ocrx_word' id='word_1_141' title='bbox 1349 2717 1442 2790; x_wconf 90' lang='lat' dir='ltr'><strong>Deus</strong></span> <span class='ocrx_word' id='word_1_142' title='bbox 1467 2728 1599 2808; x_wconf 90' lang='lat' dir='ltr'><strong>noster,</strong></span> <span class='ocrx_word' id='word_1_143' title='bbox 1633 2731 1742 2795; x_wconf 91' lang='lat' dir='ltr'><strong>motus</strong></span> 
     </span>
     <span class='ocr_line' id='line_1_19' title="bbox 375 2829 1739 2926; baseline 0.004 -21"><span class='ocrx_word' id='word_1_144' title='bbox 375 2837 612 2926; x_wconf 83' lang='lat' dir='ltr'><strong>cogitationum</strong></span> <span class='ocrx_word' id='word_1_145' title='bbox 643 2843 849 2920; x_wconf 84' lang='lat' dir='ltr'><strong>nostrarum,</strong></span> <span class='ocrx_word' id='word_1_146' title='bbox 889 2829 930 2901; x_wconf 86' lang='lat' dir='ltr'><strong>od</strong></span> <span class='ocrx_word' id='word_1_147' title='bbox 969 2829 1165 2903; x_wconf 91' lang='lat' dir='ltr'><strong>audiendum</strong></span> <span class='ocrx_word' id='word_1_148' title='bbox 1202 2842 1236 2903; x_wconf 90' lang='lat' dir='ltr'><strong>et</strong></span> <span class='ocrx_word' id='word_1_149' title='bbox 1273 2829 1520 2925; x_wconf 88' lang='lat' dir='ltr'><strong>intelligendum</strong></span> <span class='ocrx_word' id='word_1_150' title='bbox 1553 2834 1739 2910; x_wconf 88' lang='lat' dir='ltr'><strong>auditiones</strong></span> 
     </span>
     <span class='ocr_line' id='line_1_20' title="bbox 375 2946 1742 3026; baseline 0.002 -4"><span class='ocrx_word' id='word_1_151' title='bbox 375 2971 499 3024; x_wconf 88' lang='lat' dir='ltr'><strong>suaves</strong></span> <span class='ocrx_word' id='word_1_152' title='bbox 526 2948 754 3022; x_wconf 88' lang='lat' dir='ltr'><strong>mandatorum</strong></span> <span class='ocrx_word' id='word_1_153' title='bbox 787 2959 917 3020; x_wconf 92' lang='lat' dir='ltr'><strong>tuorum</strong></span> <span class='ocrx_word' id='word_1_154' title='bbox 952 2946 1188 3019; x_wconf 87' lang='lat' dir='ltr'><strong>vivificantium</strong></span> <span class='ocrx_word' id='word_1_155' title='bbox 1224 2957 1259 3018; x_wconf 91' lang='lat' dir='ltr'><strong>et</strong></span> <span class='ocrx_word' id='word_1_156' title='bbox 1291 2948 1497 3022; x_wconf 86' lang='lat' dir='ltr'><strong>divinorum:</strong></span> <span class='ocrx_word' id='word_1_157' title='bbox 1534 2960 1568 3022; x_wconf 90' lang='lat' dir='ltr'><strong>et</strong></span> <span class='ocrx_word' id='word_1_158' title='bbox 1594 2952 1742 3026; x_wconf 90' lang='lat' dir='ltr'><strong>concede</strong></span> 
     </span>
     <span class='ocr_line' id='line_1_21' title="bbox 376 3061 1837 3163; baseline 0.003 -28"><span class='ocrx_word' id='word_1_159' title='bbox 376 3064 474 3139; x_wconf 86' lang='lat' dir='ltr'><strong>nohis</strong></span> <span class='ocrx_word' id='word_1_160' title='bbox 500 3088 562 3163; x_wconf 92' lang='lat' dir='ltr'><strong>per</strong></span> <span class='ocrx_word' id='word_1_161' title='bbox 588 3068 730 3158; x_wconf 87' lang='lat' dir='ltr'><strong>gratiam</strong></span> <span class='ocrx_word' id='word_1_162' title='bbox 757 3073 791 3136; x_wconf 90' lang='lat' dir='ltr'><strong>et</strong></span> <span class='ocrx_word' id='word_1_163' title='bbox 816 3063 1076 3135; x_wconf 89' lang='lat' dir='ltr'><strong>misericordiam</strong></span> <span class='ocrx_word' id='word_1_164' title='bbox 1112 3072 1199 3135; x_wconf 90' lang='lat' dir='ltr'><strong>tuam</strong></span> <span class='ocrx_word' id='word_1_165' title='bbox 1232 3073 1268 3135; x_wconf 93' lang='lat' dir='ltr'><strong>ut</strong></span> <span class='ocrx_word' id='word_1_166' title='bbox 1294 3085 1340 3135; x_wconf 85' lang='lat' dir='ltr'><strong>ex</strong></span> <span class='ocrx_word' id='word_1_167' title='bbox 1365 3063 1430 3135; x_wconf 92' lang='lat' dir='ltr'><strong>illis</strong></span> <span class='ocrx_word' id='word_1_168' title='bbox 1456 3064 1652 3158; x_wconf 89' lang='lat' dir='ltr'><strong>colligamus</strong></span> <span class='ocrx_word' id='word_1_169' title='bbox 1680 3093 1742 3142; x_wconf 91' lang='lat' dir='ltr'><strong>ar·</strong></span> <span class='ocrx_word' id='word_1_170' title='bbox 1833 3061 1837 3068; x_wconf 73' lang='grc'><em>’</em></span> 
     </span>
     <span class='ocr_line' id='line_1_22' title="bbox 377 3177 1742 3277; baseline 0.003 -24"><span class='ocrx_word' id='word_1_171' title='bbox 377 3191 567 3274; x_wconf 91' lang='lat' dir='ltr'><strong>gumentum</strong></span> <span class='ocrx_word' id='word_1_172' title='bbox 595 3181 777 3254; x_wconf 88' lang='lat' dir='ltr'><strong>dilectionis</strong></span> <span class='ocrx_word' id='word_1_173' title='bbox 805 3188 839 3251; x_wconf 90' lang='lat' dir='ltr'><strong>et</strong></span> <span class='ocrx_word' id='word_1_174' title='bbox 864 3181 955 3275; x_wconf 83' lang='lat' dir='ltr'><strong>spei3</strong></span> <span class='ocrx_word' id='word_1_175' title='bbox 990 3177 1196 3273; x_wconf 88' lang='lat' dir='ltr'><strong>salutemque</strong></span> <span class='ocrx_word' id='word_1_176' title='bbox 1229 3180 1359 3251; x_wconf 90' lang='lat' dir='ltr'><strong>animae</strong></span> <span class='ocrx_word' id='word_1_177' title='bbox 1386 3189 1420 3251; x_wconf 93' lang='lat' dir='ltr'><strong>et</strong></span> <span class='ocrx_word' id='word_1_178' title='bbox 1445 3185 1581 3277; x_wconf 89' lang='lat' dir='ltr'><strong>corpori</strong></span> <span class='ocrx_word' id='word_1_179' title='bbox 1607 3205 1742 3257; x_wconf 87' lang='lat' dir='ltr'><strong>couve-</strong></span> 
     </span>
     <span class='ocr_line' id='line_1_23' title="bbox 373 3294 1741 3394; baseline 0.002 -25"><span class='ocrx_word' id='word_1_180' title='bbox 373 3299 533 3370; x_wconf 90' lang='lat' dir='ltr'><strong>nientem:</strong></span> <span class='ocrx_word' id='word_1_181' title='bbox 561 3319 785 3393; x_wconf 87' lang='lat' dir='ltr'><strong>canemusque</strong></span> <span class='ocrx_word' id='word_1_182' title='bbox 809 3295 868 3369; x_wconf 89' lang='lat' dir='ltr'><strong>tibi</strong></span> <span class='ocrx_word' id='word_1_183' title='bbox 894 3294 1035 3388; x_wconf 86' lang='lat' dir='ltr'><strong>gloriam</strong></span> <span class='ocrx_word' id='word_1_184' title='bbox 1061 3303 1256 3392; x_wconf 88' lang='lat' dir='ltr'><strong>perpetuam</strong></span> <span class='ocrx_word' id='word_1_185' title='bbox 1273 3294 1509 3389; x_wconf 83' lang='lat' dir='ltr'><strong>indesinenter,</strong></span> <span class='ocrx_word' id='word_1_186' title='bbox 1536 3308 1569 3369; x_wconf 88' lang='lat' dir='ltr'><strong>et</strong></span> <span class='ocrx_word' id='word_1_187' title='bbox 1595 3319 1741 3394; x_wconf 90' lang='lat' dir='ltr'><strong>semper,</strong></span> 
     </span>
     <span class='ocr_line' id='line_1_24' title="bbox 375 3413 697 3487; baseline -0.006 0"><span class='ocrx_word' id='word_1_188' title='bbox 375 3416 518 3487; x_wconf 92' lang='lat' dir='ltr'><strong>omnium</strong></span> <span class='ocrx_word' id='word_1_189' title='bbox 544 3413 697 3487; x_wconf 90' lang='lat' dir='ltr'><strong>Domine.</strong></span> 
     </span>
    </p>
   </div>
   <div class='ocr_carea' id='block_1_7' title="bbox 476 3541 1291 3643">
    <p class='ocr_par' dir='ltr' id='par_1_8' title="bbox 476 3541 1291 3643">
     <span class='ocr_line' id='line_1_25' title="bbox 476 3541 1291 3643; baseline 0.001 -25"><span class='ocrx_word' id='word_1_190' title='bbox 476 3545 609 3620; x_wconf 80' lang='lat' dir='ltr'><strong>Diebus</strong></span> <span class='ocrx_word' id='word_1_191' title='bbox 625 3551 761 3640; x_wconf 63' lang='lat' dir='ltr'><strong>jacuti.</strong></span> <span class='ocrx_word' id='word_1_192' title='bbox 813 3544 889 3619; x_wconf 84' lang='lat' dir='ltr'><strong>Tibi</strong></span> <span class='ocrx_word' id='word_1_193' title='bbox 915 3541 1122 3638; x_wconf 90' lang='lat' dir='ltr'><strong>gubernator</strong></span> <span class='ocrx_word' id='word_1_194' title='bbox 1147 3547 1291 3643; x_wconf 74' lang='lat' dir='ltr'><strong>sapiens,</strong></span> 
     </span>
    </p>
   </div>
   <div class='ocr_carea' id='block_1_8' title="bbox 373 3678 1743 4236">
    <p class='ocr_par' dir='ltr' id='par_1_9' title="bbox 373 3678 1743 4236">
     <span class='ocr_line' id='line_1_26' title="bbox 478 3678 1742 3776; baseline 0.002 -23"><span class='ocrx_word' id='word_1_195' title='bbox 478 3682 700 3754; x_wconf 81' lang='lat' dir='ltr'><strong>Descendens</strong></span> <span class='ocrx_word' id='word_1_196' title='bbox 725 3679 889 3753; x_wconf 79' lang='lat' dir='ltr'><strong>salutabit</strong></span> <span class='ocrx_word' id='word_1_197' title='bbox 915 3679 927 3714; x_wconf 84' lang='lat'>⁵</span> <span class='ocrx_word' id='word_1_198' title='bbox 953 3678 1184 3776; x_wconf 72' lang='lat' dir='ltr'><strong>Euangeliou,</strong></span> <span class='ocrx_word' id='word_1_199' title='bbox 1211 3679 1328 3751; x_wconf 81' lang='lat' dir='ltr'><strong>dicem</strong></span> <span class='ocrx_word' id='word_1_200' title='bbox 1353 3678 1443 3750; x_wconf 79' lang='lat' dir='ltr'><strong>lanc</strong></span> <span class='ocrx_word' id='word_1_201' title='bbox 1463 3685 1653 3755; x_wconf 85' lang='lat' dir='ltr'><strong>arationem</strong></span> <span class='ocrx_word' id='word_1_202' title='bbox 1675 3705 1742 3755; x_wconf 92' lang='lat' dir='ltr'><strong>co-</strong></span> 
     </span>
     <span class='ocr_line' id='line_1_27' title="bbox 373 3795 1742 3894; baseline 0.003 -27"><span class='ocrx_word' id='word_1_203' title='bbox 373 3820 450 3868; x_wconf 85' lang='lat' dir='ltr'><strong>ram</strong></span> <span class='ocrx_word' id='word_1_204' title='bbox 472 3797 588 3870; x_wconf 87' lang='lat' dir='ltr'><strong>altari.</strong></span> <span class='ocrx_word' id='word_1_205' title='bbox 641 3797 692 3870; x_wconf 85' lang='lat' dir='ltr'><strong>Te</strong></span> <span class='ocrx_word' id='word_1_206' title='bbox 707 3819 846 3891; x_wconf 88' lang='lat' dir='ltr'><strong>germen</strong></span> <span class='ocrx_word' id='word_1_207' title='bbox 872 3795 1080 3891; x_wconf 88' lang='lat' dir='ltr'><strong>praeclarum</strong></span> <span class='ocrx_word' id='word_1_208' title='bbox 1103 3795 1212 3867; x_wconf 92' lang='lat' dir='ltr'><strong>Patris</strong></span> <span class='ocrx_word' id='word_1_209' title='bbox 1238 3797 1296 3887; x_wconf 83' lang='lat' dir='ltr'><strong>tui,</strong></span> <span class='ocrx_word' id='word_1_210' title='bbox 1322 3807 1356 3868; x_wconf 92' lang='lat' dir='ltr'><strong>et</strong></span> <span class='ocrx_word' id='word_1_211' title='bbox 1370 3796 1548 3890; x_wconf 91' lang='lat' dir='ltr'><strong>imaginem</strong></span> <span class='ocrx_word' id='word_1_212' title='bbox 1573 3819 1742 3894; x_wconf 86' lang='lat' dir='ltr'><strong>personae</strong></span> 
     </span>
     <span class='ocr_line' id='line_1_28' title="bbox 374 3909 1743 4012; baseline 0.001 -28"><span class='ocrx_word' id='word_1_213' title='bbox 374 3915 537 4004; x_wconf 88' lang='lat' dir='ltr'><strong>genitoris</strong></span> <span class='ocrx_word' id='word_1_214' title='bbox 570 3917 633 4001; x_wconf 92' lang='lat' dir='ltr'><strong>tui,</strong></span> <span class='ocrx_word' id='word_1_215' title='bbox 667 3916 722 4012; x_wconf 90' lang='lat' dir='ltr'><strong>qui</strong></span> <span class='ocrx_word' id='word_1_216' title='bbox 754 3911 924 3985; x_wconf 89' lang='lat' dir='ltr'><strong>revelatus</strong></span> <span class='ocrx_word' id='word_1_217' title='bbox 964 3934 1002 3984; x_wconf 90' lang='lat' dir='ltr'><strong>es</strong></span> <span class='ocrx_word' id='word_1_218' title='bbox 1041 3915 1074 3983; x_wconf 92' lang='lat' dir='ltr'><strong>iu</strong></span> <span class='ocrx_word' id='word_1_219' title='bbox 1107 3932 1251 4007; x_wconf 90' lang='lat' dir='ltr'><strong>corpore</strong></span> <span class='ocrx_word' id='word_1_220' title='bbox 1283 3909 1490 3986; x_wconf 88' lang='lat' dir='ltr'><strong>humanitatis</strong></span> <span class='ocrx_word' id='word_1_221' title='bbox 1522 3923 1673 4006; x_wconf 88' lang='lat' dir='ltr'><strong>nostrae,</strong></span> <span class='ocrx_word' id='word_1_222' title='bbox 1708 3923 1743 3988; x_wconf 90' lang='lat' dir='ltr'><strong>et</strong></span> 
     </span>
     <span class='ocr_line' id='line_1_29' title="bbox 374 4029 1741 4121; baseline 0.003 -21"><span class='ocrx_word' id='word_1_223' title='bbox 374 4039 466 4101; x_wconf 91' lang='lat' dir='ltr'><strong>ortus</strong></span> <span class='ocrx_word' id='word_1_224' title='bbox 492 4051 531 4100; x_wconf 89' lang='lat' dir='ltr'><strong>es</strong></span> <span class='ocrx_word' id='word_1_225' title='bbox 557 4029 655 4104; x_wconf 90' lang='lat' dir='ltr'><strong>nobis</strong></span> <span class='ocrx_word' id='word_1_226' title='bbox 684 4034 718 4102; x_wconf 92' lang='lat' dir='ltr'><strong>iu</strong></span> <span class='ocrx_word' id='word_1_227' title='bbox 750 4029 873 4102; x_wconf 91' lang='lat' dir='ltr'><strong>lumine</strong></span> <span class='ocrx_word' id='word_1_228' title='bbox 907 4029 1159 4100; x_wconf 87' lang='lat' dir='ltr'><strong>annuntiationis</strong></span> <span class='ocrx_word' id='word_1_229' title='bbox 1192 4036 1287 4118; x_wconf 90' lang='lat' dir='ltr'><strong>tuae,</strong></span> <span class='ocrx_word' id='word_1_230' title='bbox 1312 4038 1347 4098; x_wconf 90' lang='lat' dir='ltr'><strong>te</strong></span> <span class='ocrx_word' id='word_1_231' title='bbox 1372 4029 1585 4121; x_wconf 86' lang='lat' dir='ltr'><strong>confitemur,</strong></span> <span class='ocrx_word' id='word_1_232' title='bbox 1612 4030 1741 4105; x_wconf 89' lang='lat' dir='ltr'><strong>adora-</strong></span> 
     </span>
     <span class='ocr_line' id='line_1_30' title="bbox 373 4156 558 4236; baseline -0.005 -18"><span class='ocrx_word' id='word_1_233' title='bbox 373 4167 468 4236; x_wconf 89' lang='lat' dir='ltr'><strong>mus,</strong></span> <span class='ocrx_word' id='word_1_234' title='bbox 495 4156 558 4219; x_wconf 91' lang='lat' dir='ltr'><strong>etc.</strong></span> 
     </span>
    </p>
   </div>
   <div class='ocr_carea' id='block_1_9' title="bbox 372 4271 1739 4945">
    <p class='ocr_par' dir='ltr' id='par_1_10' title="bbox 372 4271 1739 4945">
     <span class='ocr_line' id='line_1_31' title="bbox 475 4271 1738 4370; baseline -0.002 -22"><span class='ocrx_word' id='word_1_235' title='bbox 475 4275 523 4348; x_wconf 87' lang='lat' dir='ltr'><strong>Et</strong></span> <span class='ocrx_word' id='word_1_236' title='bbox 545 4280 626 4368; x_wconf 83' lang='lat' dir='ltr'><strong>post</strong></span> <span class='ocrx_word' id='word_1_237' title='bbox 649 4274 961 4370; x_wconf 82' lang='lat' dir='ltr'><strong>proclamationem.</strong></span> <span class='ocrx_word' id='word_1_238' title='bbox 1014 4271 1065 4344; x_wconf 79' lang='lat' dir='ltr'><strong>&#39;l&#39;e</strong></span> <span class='ocrx_word' id='word_1_239' title='bbox 1090 4272 1233 4344; x_wconf 91' lang='lat' dir='ltr'><strong>Domine</strong></span> <span class='ocrx_word' id='word_1_240' title='bbox 1251 4273 1346 4346; x_wconf 89' lang='lat' dir='ltr'><strong>Deus</strong></span> <span class='ocrx_word' id='word_1_241' title='bbox 1372 4282 1493 4370; x_wconf 90' lang='lat' dir='ltr'><strong>potens</strong></span> <span class='ocrx_word' id='word_1_242' title='bbox 1519 4273 1738 4369; x_wconf 89' lang='lat' dir='ltr'><strong>deprecamur</strong></span> 
     </span>
     <span class='ocr_line' id='line_1_32' title="bbox 374 4387 1738 4488; baseline 0.002 -26"><span class='ocrx_word' id='word_1_243' title='bbox 374 4398 408 4462; x_wconf 89' lang='lat' dir='ltr'><strong>et</strong></span> <span class='ocrx_word' id='word_1_244' title='bbox 433 4413 608 4484; x_wconf 89' lang='lat' dir='ltr'><strong>rogamus,</strong></span> <span class='ocrx_word' id='word_1_245' title='bbox 644 4390 769 4488; x_wconf 86' lang='lat' dir='ltr'><strong>pertice</strong></span> <span class='ocrx_word' id='word_1_246' title='bbox 802 4387 976 4463; x_wconf 89' lang='lat' dir='ltr'><strong>nobiscum</strong></span> <span class='ocrx_word' id='word_1_247' title='bbox 1006 4391 1149 4480; x_wconf 91' lang='lat' dir='ltr'><strong>gratiam</strong></span> <span class='ocrx_word' id='word_1_248' title='bbox 1181 4397 1269 4461; x_wconf 93' lang='lat' dir='ltr'><strong>tuam</strong></span> <span class='ocrx_word' id='word_1_249' title='bbox 1303 4398 1338 4461; x_wconf 88' lang='lat' dir='ltr'><strong>et</strong></span> <span class='ocrx_word' id='word_1_250' title='bbox 1370 4387 1499 4462; x_wconf 82' lang='lat' dir='ltr'><strong>effimde</strong></span> <span class='ocrx_word' id='word_1_251' title='bbox 1528 4411 1590 4486; x_wconf 91' lang='lat' dir='ltr'><strong>per</strong></span> <span class='ocrx_word' id='word_1_252' title='bbox 1621 4411 1738 4465; x_wconf 90' lang='lat' dir='ltr'><strong>manus</strong></span> 
     </span>
     <span class='ocr_line' id='line_1_33' title="bbox 373 4503 1739 4597; baseline -0.001 -19"><span class='ocrx_word' id='word_1_253' title='bbox 373 4515 506 4580; x_wconf 91' lang='lat' dir='ltr'><strong>nostras</strong></span> <span class='ocrx_word' id='word_1_254' title='bbox 532 4507 653 4580; x_wconf 91' lang='lat' dir='ltr'><strong>donum</strong></span> <span class='ocrx_word' id='word_1_255' title='bbox 679 4519 785 4597; x_wconf 90' lang='lat' dir='ltr'><strong>tuum,</strong></span> <span class='ocrx_word' id='word_1_256' title='bbox 812 4503 1091 4592; x_wconf 90' lang='lat' dir='ltr'><strong>misericordiam,</strong></span> <span class='ocrx_word' id='word_1_257' title='bbox 1118 4514 1153 4576; x_wconf 89' lang='lat' dir='ltr'><strong>et</strong></span> <span class='ocrx_word' id='word_1_258' title='bbox 1176 4506 1421 4578; x_wconf 88' lang='lat' dir='ltr'><strong>miserationem</strong></span> <span class='ocrx_word' id='word_1_259' title='bbox 1448 4505 1627 4579; x_wconf 88' lang='lat' dir='ltr'><strong>divinitatis</strong></span> <span class='ocrx_word' id='word_1_260' title='bbox 1652 4515 1739 4580; x_wconf 86' lang='lat' dir='ltr'><strong>tuae.</strong></span> 
     </span>
     <span class='ocr_line' id='line_1_34' title="bbox 374 4619 1739 4722; baseline 0.002 -29"><span class='ocrx_word' id='word_1_261' title='bbox 374 4621 448 4694; x_wconf 90' lang='lat' dir='ltr'><strong>Sint</strong></span> <span class='ocrx_word' id='word_1_262' title='bbox 472 4621 570 4696; x_wconf 89' lang='lat' dir='ltr'><strong>nobis</strong></span> <span class='ocrx_word' id='word_1_263' title='bbox 597 4623 639 4695; x_wconf 95' lang='lat' dir='ltr'><strong>ad</strong></span> <span class='ocrx_word' id='word_1_264' title='bbox 664 4625 931 4722; x_wconf 88' lang='lat' dir='ltr'><strong>propitiationem</strong></span> <span class='ocrx_word' id='word_1_265' title='bbox 952 4620 1144 4694; x_wconf 90' lang='lat' dir='ltr'><strong>delictorum</strong></span> <span class='ocrx_word' id='word_1_266' title='bbox 1170 4619 1284 4717; x_wconf 92' lang='lat' dir='ltr'><strong>populi</strong></span> <span class='ocrx_word' id='word_1_267' title='bbox 1309 4624 1368 4713; x_wconf 87' lang='lat' dir='ltr'><strong>tui,</strong></span> <span class='ocrx_word' id='word_1_268' title='bbox 1395 4630 1429 4694; x_wconf 89' lang='lat' dir='ltr'><strong>et</strong></span> <span class='ocrx_word' id='word_1_269' title='bbox 1448 4621 1491 4694; x_wconf 90' lang='lat' dir='ltr'><strong>ad</strong></span> <span class='ocrx_word' id='word_1_270' title='bbox 1508 4624 1739 4696; x_wconf 89' lang='lat' dir='ltr'><strong>remissionem</strong></span> 
     </span>
     <span class='ocr_line' id='line_1_35' title="bbox 372 4729 1738 4835; baseline -0.001 -24"><span class='ocrx_word' id='word_1_271' title='bbox 372 4749 588 4834; x_wconf 86' lang='lat' dir='ltr'><strong>peccatorum</strong></span> <span class='ocrx_word' id='word_1_272' title='bbox 613 4743 714 4814; x_wconf 88' lang='lat' dir='ltr'><strong>totius</strong></span> <span class='ocrx_word' id='word_1_273' title='bbox 746 4729 863 4834; x_wconf 79' lang='lat' dir='ltr'><strong>gre&#39;gis</strong></span> <span class='ocrx_word' id='word_1_274' title='bbox 895 4759 1043 4835; x_wconf 88' lang='lat' dir='ltr'><strong>pascuae</strong></span> <span class='ocrx_word' id='word_1_275' title='bbox 1077 4747 1174 4826; x_wconf 90' lang='lat' dir='ltr'><strong>tuae,</strong></span> <span class='ocrx_word' id='word_1_276' title='bbox 1199 4740 1430 4833; x_wconf 90' lang='lat' dir='ltr'><strong>pergratiam</strong></span> <span class='ocrx_word' id='word_1_277' title='bbox 1455 4735 1545 4812; x_wconf 84' lang='lat' dir='ltr'><strong>tuam</strong></span> <span class='ocrx_word' id='word_1_278' title='bbox 1571 4746 1605 4810; x_wconf 91' lang='lat' dir='ltr'><strong>et</strong></span> <span class='ocrx_word' id='word_1_279' title='bbox 1629 4740 1738 4811; x_wconf 91' lang='lat' dir='ltr'><strong>mise-</strong></span> 
     </span>
     <span class='ocr_line' id='line_1_36' title="bbox 372 4852 1518 4945; baseline 0 -19"><span class='ocrx_word' id='word_1_280' title='bbox 372 4859 520 4929; x_wconf 91' lang='lat' dir='ltr'><strong>rationes</strong></span> <span class='ocrx_word' id='word_1_281' title='bbox 546 4865 631 4945; x_wconf 89' lang='lat' dir='ltr'><strong>tuas,</strong></span> <span class='ocrx_word' id='word_1_282' title='bbox 657 4854 748 4929; x_wconf 90' lang='lat' dir='ltr'><strong>hono</strong></span> <span class='ocrx_word' id='word_1_283' title='bbox 774 4866 808 4929; x_wconf 90' lang='lat' dir='ltr'><strong>et</strong></span> <span class='ocrx_word' id='word_1_284' title='bbox 834 4863 964 4929; x_wconf 89' lang='lat' dir='ltr'><strong>amator</strong></span> <span class='ocrx_word' id='word_1_285' title='bbox 988 4852 1168 4944; x_wconf 93' lang='lat' dir='ltr'><strong>homiuum,</strong></span> <span class='ocrx_word' id='word_1_286' title='bbox 1194 4852 1338 4927; x_wconf 89' lang='lat' dir='ltr'><strong>Domine</strong></span> <span class='ocrx_word' id='word_1_287' title='bbox 1363 4855 1518 4927; x_wconf 91' lang='lat' dir='ltr'><strong>omnium.</strong></span> 
     </span>
    </p>
   </div>
   <div class='ocr_carea' id='block_1_10' title="bbox 411 4971 1531 5163">
    <p class='ocr_par' dir='ltr' id='par_1_11' title="bbox 411 4971 1531 5163">
     <span class='ocr_line' id='line_1_37' title="bbox 475 4971 1278 5069; baseline -0.005 -23"><span class='ocrx_word' id='word_1_288' title='bbox 475 4971 630 5046; x_wconf 86' lang='lat' dir='ltr'><strong>Diaconi</strong></span> <span class='ocrx_word' id='word_1_289' title='bbox 656 4974 781 5045; x_wconf 84' lang='lat' dir='ltr'><strong>dieunt.</strong></span> <span class='ocrx_word' id='word_1_290' title='bbox 832 4971 992 5046; x_wconf 88' lang='lat' dir='ltr'><strong>Inclinate</strong></span> <span class='ocrx_word' id='word_1_291' title='bbox 1018 4973 1127 5069; x_wconf 89' lang='lat' dir='ltr'><strong>capita</strong></span> <span class='ocrx_word' id='word_1_292' title='bbox 1153 4979 1278 5044; x_wconf 90' lang='lat' dir='ltr'><strong>vestra.</strong></span> 
     </span>
     <span class='ocr_line' id='line_1_38' title="bbox 411 5086 1531 5163; baseline 0.007 -10"><span class='ocrx_word' id='word_1_293' title='bbox 411 5109 534 5154; x_wconf 74' lang='lat' dir='ltr'><strong>romanu.</strong></span> <span class='ocrx_word' id='word_1_294' title='bbox 1482 5086 1531 5163; x_wconf 77' lang='grc'><strong>76</strong></span> 
     </span>
    </p>
   </div>
   <div class='ocr_carea' id='block_1_11' title="bbox 0 0 2396 6068">
    <p class='ocr_par' dir='ltr' id='par_1_12' title="bbox 0 0 2396 6068">
     <span class='ocr_line' id='line_1_39' title="bbox 0 0 2396 6068; baseline 0 2"><span class='ocrx_word' id='word_1_295' title='bbox 0 0 2396 6068; x_wconf 95' lang='lat' dir='ltr'><strong> </strong></span> 
     </span>
    </p>
   </div>
  </div>
 </body>
</html>
