4784 6040
556 625 1396 706 Jouuursssnsouuusrs
1578 625 1655 703 433

290 828 323 889 et
348 814 584 909 magnificem
611 811 800 888 muneribus
833 816 962 905 Deus,
980 813 1123 910 hymnos
1157 816 1338 907 gratiarum
1369 814 1509 886 actionis
1536 815 1656 888 otieri-
1765 851 1769 860 ·

290 951 373 1019 mue,
401 951 601 1026 oramusque
627 941 661 1002 te
686 941 722 1004 ut
752 952 819 1003 non
853 941 1031 1004 convertas
1064 929 1153 1003 festa
1179 939 1294 1003 nostra
1320 932 1354 1001 in
1379 929 1519 1020 luctum,
1545 953 1656 1026 nequo

289 1069 430 1143 pompas
455 1057 590 1120 nostras
616 1050 650 1118 in
665 1050 806 1119 cantica
832 1046 995 1134 luctuosa,
1022 1046 1154 1140 quondo
1185 1048 1330 1140 justitias
1355 1047 1447 1140 ipsas
1475 1053 1655 1122 examina-

289 1161 361 1253 bis,
393 1173 428 1234 et
460 1165 587 1236 zizania
620 1186 667 1234 ex
700 1161 798 1235 nobis
832 1162 988 1255 colliges,
1029 1174 1166 1259 propter
1203 1164 1447 1258 susceptionem
1486 1164 1656 1258 indignam

288 1281 532 1375 mysteriorum.
584 1277 654 1354 Sed
680 1278 931 1352 misericordem
956 1277 1084 1376 praebe
1111 1287 1144 1350 te
1171 1300 1254 1371 erga
1281 1298 1354 1365 nos,
1381 1300 1484 1373 parce
1510 1279 1654 1375 pusilla-

288 1397 425 1467 nimitati
450 1407 588 1468 naturae
614 1404 766 1469 nostrae:
801 1397 963 1491 propitius
989 1403 1062 1468 esto
1090 1404 1124 1468 et
1148 1396 1320 1484 miserere,
1345 1415 1412 1466 non
1438 1396 1473 1465 in
1495 1393 1653 1486 judicium

289 1521 344 1582 aut
368 1514 402 1582 in
429 1510 737 1586 condemnationem
763 1522 921 1608 reputans
947 1509 1044 1584 nobis
1072 1532 1208 1584 munera
1234 1521 1304 1584 tua:
1331 1508 1393 1585 sed
1419 1509 1461 1581 ad
1488 1516 1653 1584 sanctita-

288 1638 366 1718 tem,
393 1638 428 1699 et
453 1626 677 1721 vigilantiam,
703 1637 737 1699 et
762 1630 917 1700 viaticum
944 1627 1058 1702 salutis
1084 1638 1233 1719 nostrae,
1259 1650 1321 1724 per
1348 1624 1513 1699 Christum
1538 1627 1654 1701 Jesum

288 1739 464 1817 Dominum
490 1752 639 1818 nostrum
665 1766 741 1816 curn
768 1766 833 1840 quo
861 1753 894 1816 te
921 1742 1018 1816 decet
1043 1743 1165 1837 gloria,
1193 1752 1256 1816 etc.

391 1859 552 1954 Populos.
604 1859 724 1932 Amen.

390 1974 575 2049 Sacerdos.
627 1974 709 2047 Pax.

390 2089 552 2185 Populus.
604 2090 749 2164 Etcum
775 2093 889 2188 spiritu
915 2101 982 2163 tuo.

390 2208 577 2280 Diaconos.
630 2208 720 2296 Post,
756 2217 820 2280 etc.

392 2322 552 2418 Populos.
606 2322 728 2399 Coram
755 2334 799 2412 te,
826 2333 889 2395 etc.

391 2439 574 2514 Sacerdos.
626 2440 703 2514 Tibi
728 2438 997 2513 commendamus
1022 2439 1124 2509 vitam
1149 2446 1297 2510 nostram
1323 2435 1465 2509 Domine
1492 2441 1653 2535 omnipo-

288 2563 376 2629 tens:
411 2555 608 2652 ubioumque
638 2557 798 2630 fuerimus
834 2555 964 2629 custodi
994 2575 1057 2626 nos
1088 2555 1352 2650 inpoenitentia
1384 2575 1470 2648 quae
1495 2556 1530 2625 iu
1554 2555 1652 2631 nobis

290 2682 352 2761 cst,
377 2694 439 2768 per
465 2677 662 2763 orationem,
688 2679 874 2746 etcertum
899 2673 1153 2768 persuasionem
1186 2672 1278 2743 vitae
1302 2679 1395 2742 recte
1420 2671 1653 2763 instituendae,

289 2809 456 2861 conserva
481 2812 544 2864 nos
562 2794 723 2865 immunes
750 2798 784 2861 et
800 2787 951 2862 illaesos:
977 2795 1013 2859 ut
1037 2788 1071 2858 in
1094 2808 1301 2882 quocumque
1326 2795 1479 2882 tempore
1504 2794 1539 2858 et
1563 2785 1653 2876 loco,

288 2908 494 2997 majestatem
520 2915 608 2978 tuam
634 2910 817 2994 intuentes,
854 2914 888 2976 et
920 2925 961 2974 ea
997 2923 1083 2996 qnae
1115 2901 1175 2974 tibi
1207 2901 1329 3000 placita
1361 2909 1457 2990 sunt,
1490 2912 1525 2974 et
1556 2913 1653 2995 grata

289 3031 478 3115 operantes,
504 3043 571 3094 non
597 3021 836 3093 confundamur
853 3022 903 3091 *in
930 3017 984 3091 die
1006 3017 1140 3111 judicii,
1170 3021 1205 3090 in
1240 3041 1305 3114 quo
1339 3019 1563 3114 unusquisque
1588 3041 1652 3091 re-

288 3135 497 3209 tributionem
524 3140 678 3234 accipiet,
704 3159 778 3209 eum
792 3134 917 3229 Angeli
943 3129 1075 3208 stabunt
1102 3143 1136 3205 et
1161 3145 1195 3208 tu
1218 3130 1402 3228 judicabis:
1430 3138 1484 3205 cui
1498 3134 1650 3227 gloriam,

288 3249 429 3341 landem,
455 3251 616 3326 honorem
644 3264 678 3326 et
704 3253 931 3326 adorationem
958 3247 1134 3338 oderimus,
1161 3272 1236 3322 oum
1262 3248 1362 3321 Patre
1386 3258 1444 3322 tuo
1472 3260 1506 3322 et
1526 3249 1651 3347 Spiritu

288 3377 343 3442 tuo
371 3379 496 3442 sancto.

390 3483 552 3578 Populos.
605 3487 724 3559 Amen.

389 3601 577 3674 Diaconos.
629 3601 776 3674 Bencdic
801 3601 954 3675 Domine.

386 3717 565 3791 'Sacerdos
592 3718 771 3791 benedicit.

627 4016 1265 4068 ψ

316 4423 380 4514 ΙΝ
428 4421 811 4516 tlruuertu
865 4421 1151 4519 torruit
1202 4420 1617 4518 ausonensis

880 4633 1053 4718 dd'ddd.

379 4927 408 4994 1.
452 4916 505 4994 Dr
526 4927 643 4992 Joanne
658 4927 820 4994 Basorensi
842 4939 948 4996 autore
970 4931 1036 5014 ejus
1050 4929 1203 5012 Liturqiae
1224 4929 1356 4994 nondum
1378 4930 1537 5012 quidquam
1560 4929 1647 4992 nobis

287 5033 427 5112 occurrit,
450 5031 508 5094 nisi
530 5032 610 5113 quod
631 5033 796 5096 Jacobitam
826 5055 894 5098 eum
916 5032 1029 5114 fuisse,
1059 5041 1089 5098 et
1118 5033 1243 5115 alicujus
1272 5035 1302 5096 in
1332 5051 1387 5097 sua
1413 5041 1497 5097 secta
1518 5035 1646 5099 nominis

287 5131 500 5215 intelligamus,
523 5148 584 5194 non
606 5133 694 5198 modo
717 5153 757 5198 ex
778 5133 866 5218 hujus
881 5133 1035 5217 Liturgiae
1056 5132 1263 5217 inscriptione,
1286 5131 1342 5199 sed
1364 5150 1403 5196 err
1425 5131 1483 5196 alio
1504 5151 1565 5198 non
1587 5132 1647 5196 mi-
