4784 6040
693 647 769 721 398
892 642 1127 722 obsuntluo
1153 642 1206 718 ΑΙ)
1232 640 1441 718 tumultu
1466 639 1580 718 MOSIS
1606 639 1865 720 utu-turult.

691 838 819 894 stonum
843 828 959 892 vixisse
982 826 1175 903 existimavit,
1203 841 1270 887 cum
1298 821 1446 888 Severum
1468 825 1551 905 citet,
1574 823 1796 888 Antiochenum
1818 825 1936 890 seilicet
1957 825 2070 890 biono-

692 927 882 1012 pbysitarum
904 927 1109 1008 praecipuum.
1154 923 1215 988 Sed
1237 922 1363 1006 gravius
1389 924 1488 987 adbuc
1510 924 1625 986 erravit
1645 923 1838 1006 blargarinus
1866 922 1987 1002 binius,
2016 926 2068 1007 qui

692 1028 732 1090 ad
755 1034 892 1108 tempora
913 1024 986 1088 tulii
1007 1022 1041 1086 ll.
1065 1032 1096 1087 et
1118 1023 1201 1087 Pauli
1225 1021 1274 1088 lll.
1296 1021 1379 1086 illum
1408 1023 1547 1103 reduxit,
1575 1024 1694 1108 immani
1721 1024 1969 1102 anachronismo,
2000 1042 2067 1088 cum

690 1125 794 1189 Moses
822 1124 873 1187 ille
903 1124 980 1187 alter
1006 1122 1227 1186 bleredinensis
1257 1120 1363 1199 luerit,
1403 1121 1567 1185 blardenaa
1595 1141 1613 1184 a
1644 1121 1742 1186 blasio
1773 1123 1840 1206 ejus
1868 1123 1899 1186 in
1928 1123 2063 1205 Syriacis

691 1223 840 1304 discipulo
863 1239 1025 1303 perperam
1046 1220 1226 1302 appellatus.
1269 1219 1335 1282 Nec
1368 1220 1492 1284 meliora
1515 1221 1708 1285 Passerinus.
1760 1220 1839 1284 Sane
1867 1239 1935 1284 eum
1956 1221 2067 1286 blano·

691 1322 842 1403 physitam
865 1319 1114 1398 tuisscconstat,
1137 1319 1243 1400 quales
1274 1325 1371 1398 erant,
1394 1337 1472 1400 quos
1494 1318 1619 1383 honoris
1649 1328 1680 1384 et
1709 1319 1872 1383 testimonii
1894 1337 1987 1384 causa
2009 1339 2067 1402 ap-
2122 1379 2125 1388 ,

690 1420 798 1502 pellat,
819 1421 963 1498 Severus,
984 1418 1118 1482 lacobus
1140 1418 1332 1498 Edessenus,
1362 1426 1394 1482 et
1416 1420 1494 1483 alter
1521 1419 1716 1503 Senrgensis.
1769 1417 1854 1482 lllram
1883 1418 2067 1502 Episcopum

691 1518 786 1582 luisse
810 1518 974 1583 verisimile
1005 1525 1068 1597 est,
1097 1537 1137 1581 ex
1166 1518 1223 1580 bac
1253 1536 1331 1598 quae
1359 1517 1417 1599 ipsi
1445 1517 1586 1582 tribuitur
1612 1517 1763 1600 liturgia:
1790 1536 1890 1600 neque
1920 1518 2000 1582 enirn
2028 1519 2066 1582 ab

692 1618 758 1681 aliis
782 1634 870 1700 quam
894 1617 931 1679 ab
953 1617 1115 1698 Episcopis
1138 1625 1190 1679 aut
1216 1615 1397 1679 Patriarcbis
1426 1618 1626 1699 compositas,
1660 1626 1711 1680 aut
1739 1617 1846 1680 saltem
1867 1616 1925 1680 illis
1948 1616 2068 1681 adscri-

690 1725 760 1798 ptas
783 1718 935 1800 Liturgias
958 1715 1027 1797 Syri
1050 1724 1230 1800 agnoscunt,
1252 1723 1285 1778 ut
1308 1715 1495 1779 exlllencbo
1515 1716 1633 1779 illarum
1656 1734 1731 1798 quas
1753 1716 1942 1797 interpretati
1964 1734 2067 1779 sumus

691 1816 882 1880 menifestum
905 1822 963 1878 est.
1009 1815 1084 1878 Eum
1107 1814 1224 1878 decimo
1248 1815 1371 1878 saeculo
1401 1815 1517 1879 vixisse
1546 1815 1652 1878 scribit
1673 1815 1842 1892 Nairanus,
1872 1813 1928 1878 sed
1956 1815 2067 1879 nullam

690 1915 779 1997 bujus
802 1916 995 1996 conjecturae
1017 1931 1091 1977 suae
1114 1913 1321 1995 probationem
1344 1913 1444 1979 offert.

779 2012 812 2075 ln
834 2015 891 2075 ista
914 2030 1008 2094 porro
1031 2012 1168 2097 liturgia
1190 2013 1262 2076 nihil
1285 2013 1436 2096 singulari
1455 2012 1670 2075 observatione
1692 2010 1823 2094 indiget,
1852 2029 1921 2074 cum
1942 2011 2067 2093 reliquis

690 2111 849 2176 tacebitici
871 2111 948 2174 ritus
971 2111 1010 2174 sit
1033 2112 1153 2175 omnino
1176 2111 1292 2191 similis,
1315 2113 1443 2174 maxime
1475 2129 1552 2174 vero
1576 2110 1730 2173 duabus
1720 2128 1751 2173 ιη
1775 2111 1910 2191 partibus
1941 2129 2021 2192 quae
2050 2131 2068 2175 a

690 2211 791 2274 multis
814 2211 922 2273 vexari
944 2211 1052 2274 solent.
1075 2210 1177 2272 Verba
1201 2209 1312 2274 Christi
1334 2209 1509 2274 referuntur
1531 2215 1622 2290 prout
1643 2209 1769 2292 vulgo'
1761 2226 1791 2272 ur
1814 2209 1939 2273 Graecis
1961 2210 2067 2273 Litur-
2178 2211 2184 2224 ’

690 2312 752 2394 giis
776 2318 807 2373 et
828 2309 953 2390 reliquis
975 2308 1159 2372 retenentur.
1203 2308 1237 2371 ln
1264 2327 1325 2373 uno
1355 2309 1461 2373 codice
1489 2310 1599 2372 desunt
1626 2309 1664 2372 ad
1692 2308 1934 2372 benedictionem
1964 2308 2066 2372 calicis

690 2409 787 2472 verba
810 2408 899 2485 baec,
931 2407 1069 2488 Accipite
1090 2416 1121 2469 et
1142 2407 1234 2470 bibite
1255 2429 1296 2470 ec
1318 2428 1354 2471 eo
1376 2403 1433 2471 ads
1466 2427 1589 2472 amaea.-
1618 2406 1674 2471 sed
1703 2406 1861 2471 manifesto
1892 2423 1999 2470 errore
2028 2406 2068 2469 li-

690 2508 802 2588 brarii,
837 2525 906 2570 cum
936 2508 966 2569 in
999 2504 1253 2588 praecedentibus
1290 2507 1419 2592 legatur,
1445 2507 1583 2588 Accipite
1615 2513 1645 2569 et
1669 2507 1860 2570 manducate.
1911 2505 2065 2570 invocatio

694 2606 823 2687 Spiritus
853 2607 951 2669 sancti
976 2605 1076 2668 multis
1106 2624 1228 2686 quoque
1257 2607 1323 2670 aliis
1351 2607 1455 2671 similis
1483 2613 1546 2683 est,
1585 2605 1736 2688 habetque
1766 2605 1892 2668 verbum
1922 2605 2068 2685 perficiat

691 2691 861 2787 τελειωσῃ,
885 2705 964 2786 quod
988 2723 1028 2767 ex
1050 2721 1143 2767 sensu
1166 2703 1303 2769 Graecae
1324 2707 1410 2770 vocis
1440 2712 1674 2768 consummatam
1704 2713 1736 2767 et
1756 2677 1924 2785 perlectam
1954 2720 2068 2766 conse-

697 2802 863 2866 crationem
886 2801 1046 2886 significat,
1069 2810 1102 2866 ut
1123 2803 1194 2866 alibi
1217 2805 1388 2886 expositum
1418 2813 1475 2868 est.
1519 2804 1552 2867 ln
1581 2803 1725 2868 Oratione
1747 2822 1825 2886 quae
1848 2805 2001 2885 seqnitur,
2030 2803 2069 2865 Et

690 2903 752 2964 illis
773 2903 1037 2964 sacramentaliter
1057 2904 1312 2966 commam'cantes
1334 2923 1402 2968 cnm
1420 2904 1487 2984 side
1508 2924 1590 2981 cere,
1612 2911 1668 2967 etc.
1692 2919 1770 2983 quae
1793 2901 1887 2965 verba
1910 2900 2068 2966 literaliter

691 3000 771 3063 idem
794 3001 974 3083 significant,
999 3007 1036 3064 ac
1060 3002 1116 3064 alia
1140 3019 1218 3083 quae
1246 3003 1277 3065 in
1307 3001 1453 3066 similibus
1477 3001 1664 3066 orationibus
1693 3008 1871 3078 occurrunt,
1900 3001 1962 3077 Oai
1988 3001 2068 3062 illiers

691 3102 879 3162 sacramenti
896 3101 1066 3179 participes
1085 3119 1143 3180 per
1162 3103 1228 3181 ejrra
1248 3103 1467 3182 acceptionem
1488 3102 1612 3167 emmae.
1662 3101 1736 3164 Nam
1766 3102 1817 3184 qui
1843 3120 1885 3163 ex
1911 3100 1970 3164 illis
1999 3099 2067 3163 elici

692 3215 786 3277 posse
809 3198 1010 3276 existimabit,
1040 3198 1167 3280 mystice
1189 3207 1302 3263 tantum
1326 3209 1357 3263 et
1378 3199 1583 3281 metaphorice
1612 3201 1726 3281 suscipi
1755 3217 1869 3281 corpus
1897 3197 2009 3262 Christi
2037 3207 2068 3262 et

690 3313 750 3376 per
772 3296 876 3360 tidem:
900 3297 971 3360 nihil
993 3296 1115 3361 babebit
1137 3317 1177 3361 ex
1199 3307 1300 3380 etymo
1322 3299 1448 3381 Syriaco
1476 3299 1631 3380 praesidii,
1653 3317 1715 3362 vox
1736 3309 1819 3366 ttt'ttt
1840 3300 2015 3380 mysterium
2037 3303 2067 3360 et

691 3403 914 3458 sacamentum
935 3397 1102 3479 significat:
1136 3396 1195 3460 hoc
1222 3399 1292 3462 loeo
1315 3399 1504 3480 participium
1532 3399 1671 3481 rapstr'ce,
1700 3399 1767 3462 sive
1795 3397 2065 3475 sacramentaliter,

692 3512 732 3554 ex
755 3493 903 3557 idiotismo
926 3493 1005 3557 idem
1029 3502 1076 3558 est
1098 3496 1258 3578 suscipere
1280 3504 1500 3561 sacramentum
1523 3515 1579 3560 seu
1600 3496 1793 3580 mysterium,
1821 3503 1854 3559 ut
1876 3513 1943 3557 eum
1966 3493 2067 3556 dicunt
2137 3581 2140 3586 Ι

693 3591 835 3671 Spiritum
858 3601 994 3656 sanctum
1016 3594 1186 3675 inpiorum
1209 3594 1400 3676 fideliumque
1428 3596 1583 3660 animabus
1607 3598 1767 3678 quiescere
1798 3604 1829 3659 et
1856 3594 1938 3657 illabi
1956 3593 2066 3672 perse-

692 3692 798 3765 ctorie,
821 3700 852 3752 et
872 3691 1072 3773 dominanter,
1102 3691 1183 3756 idem
1213 3701 1260 3757 est
1282 3713 1319 3757 ac
1340 3695 1367 3758 si
1390 3694 1536 3775 dicerent,
1558 3703 1592 3758 ut
1613 3695 1774 3758 Dominum
1803 3702 1834 3756 et
1856 3692 2066 3774 perfectorem.

692 3788 818 3868 Siquid
841 3788 1034 3853 obscuritatis
1057 3799 1151 3870 esset,
1174 3791 1378 3857 discuteretur
1399 3793 1504 3873 facile,
1531 3812 1589 3875 per
1610 3793 1743 3876 ejusdem
1766 3793 1890 3876 generis
1913 3791 2065 3852 orationes

693 3886 811 3967 multas,
835 3905 914 3968 quae
937 3875 1060 3969 veram:
1075 3899 1106 3953 et
1128 3907 1191 3954 nou
1212 3893 1398 3973 spiritualem
1428 3894 1568 3975 corporis
1597 3893 1814 3976 sanguinisque
1843 3888 2066 3970 susceptionem

690 3989 855 4067 perspicue
878 3986 1057 4068 significent.

780 4083 866 4157 Quae
896 4084 935 4147 de
963 4088 1033 4168 agni
1063 4087 1216 4152 Pascbalis
1239 4107 1336 4154 coena
1367 4091 1561 4155 celebrata
1552 4108 1584 4154 ιιι
1614 4089 1720 4154 eadem
1748 4088 1885 4172 liturgia
1914 4088 2065 4172 leguntur,

693 4181 843 4264 explicata
867 4184 988 4246 suntin
1011 4185 1098 4250 Notis
1121 4187 1158 4251 ad
1180 4188 1346 4275 Liturgiam
1368 4189 1517 4254 Dioscuri.

1084 4501 1673 4554 ψ
