4712 6032
634 559 707 634 180
1135 559 1493 637 Lll'llllGlh

629 758 682 822 tes
710 747 829 836 reduc,
856 747 1002 821 infirmos
1029 749 1147 834 visita,
1175 745 1302 819 debiles
1329 747 1504 836 confirma,
1538 746 1726 820 valetudine
1760 749 1905 820 adversa
1941 747 1999 820 la-

629 860 789 936 borantes
815 861 959 952 robora,
987 873 1020 934 et
1046 885 1107 935 cos
1134 865 1189 958 qui
1216 885 1235 932 a
1263 862 1480 936 daemonibus
1508 873 1690 953 tentantur,
1716 861 1840 935 lihera:
1867 867 1999 936 vinctos

630 979 737 1071 educ,
763 1001 947 1077 oppressos
975 978 1118 1072 adjuva,
1156 987 1335 1074 pereuntes
1370 977 1413 1050 ud
1447 982 1599 1054 timorem
1626 989 1716 1052 tuum
1747 1001 1855 1069 voca,
1889 988 1923 1050 et
1956 977 1999 1050 ad

629 1099 674 1166 tui
701 1100 946 1188 cognitionem,
973 1105 1007 1166 et
1033 1094 1185 1167 omnihus
1211 1097 1253 1166 iis
1280 1097 1335 1190 qui
1363 1093 1551 1167 obtulerunt
1578 1094 1776 1184 oblationes,
1802 1105 1897 1186 vota,
1922 1097 1999 1190 pri-

628 1213 755 1300 mitias,
783 1233 823 1284 ac
850 1211 996 1283 decimas
1022 1213 1056 1281 in
1081 1209 1235 1282 Ecclesia
1262 1219 1317 1282 tua
1345 1219 1480 1300 sancta3
1514 1221 1549 1282 tu
1579 1211 1723 1284 Domine
1755 1211 1902 1284 retribue
1934 1210 1998 1283 illis

629 1322 730 1407 hona,
758 1338 791 1398 et
816 1325 1017 1422 praeclara:
1035 1329 1110 1421 quia
1137 1335 1171 1397 tu
1197 1329 1392 1414 miserator,
1419 1336 1454 1397 et
1478 1329 1601 1398 veniae
1633 1325 1774 1418 largitor
1808 1350 1863 1400 es:
1898 1335 1933 1399 et
1964 1337 1998 1399 te

630 1440 728 1513 dccet
753 1441 875 1532 honor,
901 1442 1025 1535 gloria,
1053 1451 1088 1513 et
1112 1445 1260 1538 potentia
1287 1443 1514 1534 inunigenito
1541 1440 1627 1515 Filio
1654 1453 1722 1515 tuo.

733 1557 908 1632 Sacerdos
934 1559 1124 1631 inclinatae.
1151 1557 1303 1650 Regibus
1329 1556 1517 1631 timentibus
1549 1557 1674 1648 Deum,
1707 1581 1825 1654 pacem
1862 1570 1997 1654 praesta

514 1732 517 1740 .
629 1676 787 1748 Domine:
810 1675 940 1767 judices
967 1675 1096 1748 custodi
1121 1680 1155 1746 in
1180 1679 1300 1749 timore
1335 1685 1407 1766 tuo,
1441 1683 1476 1745 et
1507 1677 1649 1746 omnium
1683 1672 1825 1747 hdehum
1857 1675 1997 1748 liliomm

629 1790 805 1872 Ecclesiae
823 1804 960 1864 sanetae
973 1791 1166 1881 recordare,
1193 1790 1324 1888 depelle
1351 1789 1393 1862 ah
1421 1794 1470 1862 eis
1495 1788 1584 1862 bella
1610 1801 1676 1861 tam
1692 1790 1874 1863 domestica
1898 1813 1995 1884 quam

629 1917 809 1980 exhausa:
837 1907 1012 2003 tranquilla
1039 1911 1175 1980 civitate
1201 1907 1428 2006 perfruantur,
1455 1917 1489 1978 et
1514 1906 1643 1978 custodi
1670 1929 1731 1980 cos
1758 1909 1856 1999 signo
1874 1909 1996 1978 victri-

629 2027 678 2094 eis
705 2027 813 2096 crucis
840 2035 927 2096 tuac.

731 2139 884 2210 Eleoaas
908 2161 1033 2210 aocern.
1061 2141 1333 2212 Persecutionem
1358 2142 1541 2234 patientes,
1568 2145 1603 2208 et
1629 2138 1781 2232 captivos
1796 2139 1912 2229 gregis
1939 2138 1998 2224 tui,

631 2254 757 2346 dirige,
785 2265 818 2326 et
844 2254 960 2344 salva,
985 2277 1048 2351 per
1073 2254 1334 2327 miscricordiam
1361 2263 1449 2326 tuam
1476 2255 1633 2326 Domine:
1658 2255 1859 2344 navigantes
1886 2250 1998 2324 adda·
2127 2282 2131 2293 ·

628 2374 694 2443 cite
723 2369 765 2441 ad
795 2379 926 2464 portum
958 2373 1162 2444 securitatis:
1192 2373 1380 2466 peregrinis
1411 2379 1486 2442 esto
1519 2368 1636 2441 domus
1668 2368 1809 2440 reditus:
1842 2372 1877 2440 in
1907 2372 1998 2440 mam

627 2484 787 2583 profectis
815 2495 888 2557 esto
915 2489 1041 2558 itineris
1068 2509 1198 2559 comes:
1225 2485 1419 2578 Religiosis,
1446 2496 1480 2558 et
1494 2483 1681 2574 Monachis,
1708 2496 1742 2556 ct
1768 2488 1807 2556 iis
1831 2488 1885 2579 qui
1911 2507 1997 2578 spe-

626 2602 732 2674 luncis
760 2613 871 2673 terram
897 2601 1113 2692 delitescunt,
1139 2602 1238 2674 tinem
1264 2603 1413 2695 religiosi
1440 2601 1535 2694 hujus
1560 2604 1726 2697 propositi
1759 2599 1927 2688 concede,
1964 2609 1998 2672 et

627 2719 704 2811 quia
732 2739 848 2790 omnes
875 2741 949 2790 cum
976 2742 1104 2792 summa
1131 2741 1210 2790 cura
1226 2717 1366 2809 adjuvas
1379 2719 1536 2808 Domine,
1562 2740 1608 2788 cx
1635 2714 1786 2790 omnibus
1811 2715 1996 2789 reseremus

627 2829 687 2904 tihi
714 2831 865 2925 gloriam.

731 2948 906 3022 Sacerdos
931 2949 1122 3022 inclinatas.
1148 2950 1204 3023 Ad
1231 2951 1336 3023 altare
1362 2963 1452 3024 tuum
1485 2949 1634 3022 coeleste
1670 2959 1704 3020 ct
1730 2948 1772 3020 ad
1805 2947 1892 3022 istud
1918 2949 1996 3020 Do-

627 3065 736 3154 mine,
763 3075 1042 3138 mementonunc
1063 3065 1314 3162 Prophetanrm,
1342 3066 1592 3163 Apostolorum,
1619 3065 1817 3162 Martyrum,
1844 3063 1997 3138 Gordos-

627 3201 760 3269 sorum,
786 3181 1088 3271 Annunciatomm,
1113 3182 1405 3269 Praedicatonrm,
1433 3194 1466 3255 et
1484 3179 1788 3274 Evangehstarum:
1815 3184 1997 3277 praecipue

627 3307 765 3369 sanctae
790 3296 907 3369 lllatris
942 3298 1007 3369 Dei
1041 3321 1239 3394 semperque
1270 3300 1420 3392 Virginis
1452 3299 1579 3371 Beatae
1613 3295 1757 3383 Mariae,
1793 3306 1826 3367 et
1856 3295 1995 3368 loannis

624 3417 857 3507 praecursoris
883 3414 1067 3510 Baptistae,
1095 3425 1128 3486 et
1154 3413 1313 3511 Stephani
1337 3419 1435 3512 primi
1459 3414 1698 3502 Diaconorum,
1726 3420 1760 3482 et
1784 3413 1880 3508 primi
1895 3411 1995 3483 Mar-

627 3539 739 3624 tpmm
766 3527 1036 3625 reliquorumque
1062 3540 1251 3603 sanctorum
1279 3535 1433 3603 omnium.

730 3645 879 3716 Elaean:
903 3668 1028 3716 uocem
1056 3645 1100 3719 Et
1127 3656 1280 3742 tanquam
1304 3645 1433 3736 honus,
1460 3659 1493 3720 et
1519 3649 1639 3717 veniae
1670 3645 1812 3736 largitor
1837 3645 1993 3730 Domine,

628 3782 750 3852 agmen
784 3761 1056 3857 triumphatorum
1082 3761 1212 3835 illomm
1238 3764 1384 3857 adjunge
1405 3765 1447 3836 ad
1462 3763 1618 3836 auxilium
1634 3761 1827 3833 infirmitatis
1845 3773 1995 3850 nostrae,

628 3875 763 3949 ordines
789 3877 918 3950 illorum
945 3875 1083 3966 beatos,
1111 3889 1234 3952 turmas
1263 3903 1378 3953 eorum
1406 3877 1635 3966 admirabilem
1668 3899 1844 3950 occursum
1879 3897 1995 3948 eorum

627 3991 855 4089 praeclarum,
888 3992 1010 4068 festum
1045 4018 1160 4068 eorunm
1192 3995 1443 4085 laetabundum,
1478 4006 1597 4069 statum
1631 4017 1746 4067 eorum
1776 3992 1915 4080 laetum,
1953 3991 1995 4062 ad

628 4109 778 4181 ordinem
805 4109 1009 4202 doxologiae
1035 4133 1151 4183 eorum
1181 4111 1392 4208 praeclarae,
1427 4123 1460 4184 'et
1496 4135 1559 4209 per
1594 4113 1851 4184 intercessiones
1879 4131 1994 4212 eorum

628 4226 848 4322 suscipiantur
875 4225 1082 4316 oblationes,
1110 4225 1276 4320 decimae,
1304 4238 1338 4300 et
1362 4233 1533 4302 orationes
1559 4239 1707 4318 nostrae,
1735 4248 1848 4299 coram
1875 4225 1993 4298 throno

627 4339 824 4435 praeclarae
851 4345 1033 4436 majestatis
1061 4354 1156 4433 tuae,
1190 4354 1224 4415 et
1254 4368 1327 4416 cum
1354 4348 1414 4436 iis,
1447 4355 1481 4417 et
1516 4349 1601 4416 inter
1627 4365 1688 4416 eos
1721 4342 1904 4415 reseremus
1936 4341 1993 4414 tihi

627 4454 786 4547 gloriam,
815 4468 849 4529 et
873 4462 1054 4551 gratianum
1082 4463 1256 4532 actionem.

731 4571 906 4645 Sacerdos
931 4575 1123 4648 inclinatus.
1149 4575 1333 4649 Doctomm
1358 4574 1574 4673 prohatomm
1601 4585 1635 4647 et
1659 4596 1817 4647 veromm
1843 4575 1993 4672 Episco-

628 4709 768 4784 porum,
795 4701 984 4762 sanctorum
1010 4695 1242 4788 inspiratorum
1270 4717 1289 4765 a
1317 4693 1441 4790 Spiritu
1473 4705 1588 4766 sancto
1624 4695 1679 4786 qui
1712 4690 1832 4764 dudum
1864 4695 1897 4762 in
1929 4690 1994 4762 lide

629 4801 818 4876 orthodoxa
845 4805 1016 4897 obierunt,
1043 4817 1207 4881 memento
1234 4810 1377 4882 Domine
1396 4831 1458 4906 per
1472 4808 1734 4882 misericordiam
1751 4817 1858 4880 mam:
1886 4828 1991 4903 prae-

628 4922 726 5015 cipue
752 4941 855 5010 vero,
885 4930 920 4994 et
944 4927 1145 5015 nominatim,
1172 4927 1302 5018 lgnatii,
1330 4926 1500 5021 Dionysii,
1520 4923 1713 5016 Clementia,
1739 4924 1857 5013 Marci,
1879 4923 1991 4995 Pauli:
