4804 6026
588 591 641 667 20
960 586 1137 666 onoc
1190 529 1565 666 nonnanis

693 779 741 850 Et
762 779 991 871 prosequitur.
1044 777 1083 850 In
1108 783 1260 871 tempore
1285 777 1385 868 igitur
1412 775 1667 870 dispensationis
1693 775 1828 848 Domini
1845 773 1910 846 Dei
1924 783 1959 848 et

589 893 780 968 Salvatoris
814 891 1198 980 poenitenciam,
1232 890 1339 972 uerbi
1363 893 1428 966 Dei
1463 889 1551 986 qnod
1583 891 1814 962 annunciatum
1840 887 1957 963 dierat.

590 1010 685 1083 Haec
709 1030 813 1107 porro
840 1012 885 1082 ita
912 1017 1010 1101 gesta
1037 1018 1130 1095 sunt,
1157 1006 1213 1078 cet
1237 1006 1286 1080 lta
1314 1006 1406 1080 dixit

694 1125 751 1196 Ito
777 1132 848 1198 toto
877 1146 966 1196 carno
994 1125 1138 1211 dicitnr,
1166 1107 1313 1216 eccepto
1340 1123 1397 1195 dic
1422 1123 1711 1194 Aoonnciotiooir
1732 1124 1854 1214 sactae
1879 1121 1959 1192 Zo-

588 1241 735 1314 cdorioe
760 1243 955 1314 Sacerdoti.
1008 1241 1056 1312 Et
1075 1247 1158 1334 port
1183 1239 1423 1335 Eoorcpehnm,
1453 1239 1546 1310 dicit.

693 1359 838 1431 Domino
871 1365 988 1431 nostro
1014 1356 1097 1431 Jesn
1131 1353 1282 1449 Christo,
1316 1354 1449 1452 hymni,
1480 1353 1597 1427 landes
1630 1364 1665 1426 et
1695 1352 1960 1444 henedictiones,

589 1483 727 1570 propter
751 1473 859 1548 verba
887 1474 959 1564 ejus
985 1475 1068 1548 viva
1095 1471 1138 1543 ad
1163 1493 1246 1545 nos:
1273 1483 1308 1544 et
1333 1473 1423 1544 Patri
1460 1473 1551 1563 ejus,
1584 1472 1638 1564 qui
1674 1471 1762 1543 misit
1792 1468 1881 1542 illum
1918 1467 1961 1540 ad

590 1590 729 1662 salutem
755 1600 921 1664 nostran:
956 1598 990 1660 et
1016 1589 1153 1683 Spiritui
1184 1590 1267 1661 vivo
1302 1596 1336 1659 et
1365 1597 1504 1679 sancto,
1540 1589 1595 1681 qui
1629 1583 1776 1660 vinnon
1809 1607 1891 1677 nos,
1925 1589 1961 1658 in

589 1704 727 1778 saecula
753 1704 972 1779 saeculorum.
1024 1706 1144 1780 Amen.

693 1822 808 1894 Sedro
833 1821 998 1892 illationis
1023 1819 1216 1893 oblationis.
1268 1818 1415 1912 imponit
1437 1821 1626 1904 incensum,
1659 1817 1750 1910 qood
1776 1823 1829 1889 tor
1856 1841 1960 1892 croco

583 1941 720 2034 opnor,
747 1943 782 2009 et
807 1938 899 2010 otor.
1368 2002 1372 2012 ,
1627 1921 1630 1930 ’

694 2052 837 2126 Sanctus
864 2055 964 2126 Pater
991 2060 1134 2124 sanctus.
1168 2051 1311 2124 Sanctus
1337 2050 1441 2124 Filius
1467 2059 1611 2123 sanctus.
1646 2050 1790 2124 Sanctus
1817 2051 1959 2146 Spiritus

587 2174 689 2242 vivus
716 2179 931 2259 etaemus,
958 2171 1014 2263 qui
1041 2165 1224 2240 sanctificat
1249 2169 1419 2239 incensum
1444 2170 1633 2262 peccatoris
1660 2169 1842 2256 serviani,
1870 2189 1958 2265 pro-

589 2291 740 2384 pitiatus,
756 2293 789 2358 ct
803 2288 978 2358 niceratus
996 2287 1396 2371 animarumnostrannm,
1412 2291 1446 2354 et
1460 2284 1642 2354 animarum
1657 2291 1799 2378 patrum,
1810 2281 1959 2372 fratrum,

589 2406 891 2496 magistrorumque
910 2409 1118 2474 nostrorum:
1141 2397 1435 2495 defunctorumque
1450 2409 1659 2488 nostrorum,
1677 2409 1710 2471 et
1727 2402 1870 2472 omnium
1893 2400 1959 2471 de-

589 2517 775 2589 functorum
801 2516 966 2608 noenum,
992 2515 1133 2590 filiorum
1158 2512 1335 2614 Ecclesiae
1361 2501 1499 2588 sancmc
1524 2517 1558 2587 in
1584 2525 1724 2610 utroque
1747 2516 1899 2588 saeculo:
1926 2519 1960 2588 in

589 2633 726 2707 saccula
753 2632 973 2712 saeculorum.
1025 2634 1145 2706 Amen.

694 2749 881 2820 Diaconos.
933 2747 1057 2847 Σοφία
1086 2755 1120 2820 et
1145 2743 1382 2844 Πρόσχωμεν.

694 2865 855 2958 Populos.
908 2864 1020 2938 Credo
1048 2867 1080 2935 in
1106 2887 1206 2936 unum
1232 2864 1348 2936 Deum.

692 2981 869 3053 Sacerdos
894 2981 989 3052 tooot
1014 3003 1106 3075 oqno
1131 3002 1273 3052 common
1299 2982 1425 3073 diptica
1449 3003 1544 3068 snos,
1572 2987 1607 3052 et
1632 2981 1724 3051 dicit.

697 3098 870 3191 Absterge
896 3099 1038 3171 Domine
1065 3096 1185 3170 sordes
1212 3106 1247 3167 et
1267 3094 1414 3169 maculas
1441 3099 1571 3168 animae
1585 3119 1693 3186 meae,
1711 3108 1745 3169 et
1765 3097 1886 3170 munda
1905 3120 1960 3169 me

591 3234 655 3308 per
680 3217 908 3310 aspersionem
934 3223 1022 3285 tuam
1048 3215 1156 3299 vitae,
1189 3221 1225 3283 ut
1255 3234 1340 3306 pure
1367 3221 1401 3284 et
1427 3223 1542 3284 sancte
1569 3233 1701 3285 merear
1728 3212 1892 3286 accedere
1918 3213 1961 3286 ad

586 3339 742 3402 sanctum
768 3339 958 3402 sanctorum
984 3339 1093 3417 tuum,
1121 3336 1271 3399 sanctum
1297 3336 1331 3399 at
1358 3327 1585 3400 sanctificans:
1611 3339 1712 3424 utque
1734 3331 1806 3401 sine
1831 3329 1961 3401 macula

593 3455 730 3518 tractem
757 3445 975 3518 Sacramenta
1001 3455 1057 3516 tua
1084 3442 1253 3516 adoranda
1280 3454 1314 3516 ct
1341 3443 1474 3534 dimna,
1500 3454 1535 3516 et
1554 3468 1628 3516 cum
1644 3447 1847 3518 conscientia
1864 3468 1961 3541 pura,

593 3561 728 3636 offeram
756 3560 813 3634 tibi
841 3561 1037 3634 sacrificium
1063 3565 1199 3648 vivum,
1227 3559 1316 3655 quod
1341 3559 1471 3656 placeat
1497 3560 1659 3632 divinitati
1684 3571 1778 3650 tuae,
1806 3571 1839 3633 et
1856 3561 1961 3635 simile

586 3683 635 3753 sit
660 3677 824 3750 sacrificio
852 3683 912 3750 tuo'
935 3676 1106 3771 glorioso,
1133 3675 1277 3749 Domine
1302 3687 1337 3748 et
1362 3678 1455 3749 Deus
1481 3687 1620 3766 noster,
1654 3681 1688 3749 in
1715 3677 1850 3752 saecula
1876 3701 1960 3752 sae-

586 3795 751 3868 culorum.

694 3911 791 3982 Petit
814 3911 1060 3997 remissionem,
1088 3915 1123 3980 et
1148 3910 1240 3980 dicit.

695 4027 843 4100 Benedic
868 4029 1011 4099 Domine
1037 4028 1245 4112 remissioni,
1272 4029 1347 4099 sive
1373 4023 1583 4100 absolutioni.

696 4142 887 4213 inclinatur
913 4165 1030 4215 corom
1054 4165 1170 4214 nunno
1195 4145 1306 4233 citae,
1334 4150 1369 4215 ct
1385 4144 1471 4215 dicit
1489 4142 1579 4215 donc
1598 4144 1795 4215 Orationem
1815 4149 1960 4216 secreto.

696 4258 839 4332 Trinitas
875 4269 990 4331 sancta
1026 4269 1060 4330 et
1091 4258 1256 4332 laudanda
1278 4262 1451 4333 miserere
1481 4263 1556 4339 mei.
1604 4259 1748 4333 Trinitas
1780 4269 1895 4334 sancta
1929 4270 1962 4331 et

590 4373 775 4464 laudanda,
801 4396 904 4470 parce
930 4375 1009 4447 mihi
1034 4379 1214 4471 peccatori.
1251 4376 1397 4448 Trinitas
1424 4389 1538 4450 sancta
1565 4388 1600 4448 et
1618 4377 1802 4467 laudanda,
1829 4379 1961 4471 suscipe

590 4491 791 4564 sacrificium
818 4491 883 4564 hoc
910 4515 956 4563 ex
982 4491 1133 4564 manibus
1159 4495 1243 4565 meis
1269 4491 1403 4566 infirmis
1430 4503 1464 4566 et
1489 4494 1741 4589 peccatricibus.
1781 4495 1874 4567 Deus
1901 4514 1963 4589 per

593 4607 801 4681 clementiam
828 4617 915 4680 tuam
942 4619 1077 4706 praesta
1104 4611 1253 4704 requiem
1281 4619 1315 4680 et
1340 4613 1532 4682 memoriam
1548 4609 1671 4681 honam
1687 4613 1858 4703 genitricis
1874 4619 1962 4698 tuae,

592 4733 628 4794 et
654 4727 777 4796 sanctis
805 4727 890 4815 tuis,
924 4722 1142 4819 omnibusque
1174 4722 1336 4799 defunctis
1371 4724 1531 4800 fidelibus.
1592 4725 1702 4822 Super
1736 4726 1840 4799 altare
1874 4737 1963 4798 tuum

594 4849 743 4912 sancum
776 4849 811 4912 et
841 4841 999 4913 coeleste.
1059 4839 1152 4914 Deus
1187 4862 1291 4936 parce
1323 4851 1357 4913 et
1387 4841 1511 4914 dimitte
1542 4840 1607 4914 hoc
1639 4851 1789 4941 tempore
1821 4851 1962 4939 peccata

593 4957 659 5025 mei
685 4957 874 5050 peccatoris
902 4959 994 5028 servi
1020 4959 1084 5046 ini,
1111 4967 1146 5029 et
1171 4955 1293 5048 adjuva
1320 4955 1536 5030 infirmitatem
1562 4980 1687 5048 meam,
1720 4962 1776 5054 qni
1806 4971 1840 5032 te
1865 4982 1961 5033 sem-

573 5091 656 5165 ¹per
682 5073 823 5144 invoco:
848 5094 911 5169 per
938 5076 1108 5146 orationes
1135 5075 1305 5166 genitricis
1331 5083 1408 5148 tuae
1435 5084 1469 5147 et
1494 5079 1638 5150 omnium
1664 5087 1854 5152 sanctorum
1879 5090 1961 5153 tuo-
