4728 6028
710 553 762 628 80
1088 554 1702 634 oostuvlttoltes

709 738 861 803 Diaconos
893 732 1037 823 ῥιπιδιον
1065 738 1131 802 sive
1157 738 1307 802 flabellum
1333 745 1434 803 movet
1462 757 1694 821 supersectam
1720 757 1870 818 mensam,
1898 748 1930 802 et
1958 738 2074 808 disatntt

710 837 876 919 Sacerdoti,
899 856 987 902 manu
1009 846 1150 918 porrecta
1173 837 1321 920 designat
1365 837 1448 901 llaec
1461 847 1492 901 et
1503 838 1618 914 similia,
1631 855 1693 902 non
1705 846 1868 902 occununt
1883 837 1914 900 in
1929 839 2073 920 Syrorum

708 937 869 1020 liturgiis,
899 946 930 1002 et
955 937 1083 1000 maxima
1110 946 1173 1016 est,
1203 937 1406 1018 vetustatique
1433 939 1570 1018 proxima
1593 937 1669 1000 haec
1691 937 1867 1018 disciplinae
1889 938 2074 1018 simplicitas.

707 1035 851 1100 Asterem
871 1053 933 1100 non
954 1037 1081 1100 hahent:
1110 1053 1278 1118 qumquam
1307 1038 1339 1098 in
1360 1035 1462 1098 llonte
1484 1035 1597 1099 Libano
1620 1053 1708 1100 usum
1728 1035 1808 1100 illius
1829 1035 1924 1100 luisse
1947 1043 2076 1100 testetur

708 1136 878 1200 Dandinus:
901 1135 956 1199 sed
978 1137 1009 1198 in
1027 1131 1188 1200 Codicibus
1211 1135 1322 1198 nostris
1342 1135 1476 1217 plurimis
1499 1153 1539 1198 ne
1566 1133 1685 1216 quidem
1706 1136 1903 1216 nomenoius
1926 1135 2074 1198 occurrit:

702 1226 849 1298 Ῥιπιιιια
870 1253 926 1299 seu
944 1233 1064 1314 {labello
1085 1234 1164 1316 apud
1187 1251 1242 1298 eos
1264 1234 1295 1296 in
1317 1252 1374 1298 usu
1397 1252 1466 1298 esse
1490 1241 1641 1297 testantur
1656 1233 1792 1315 picturae
1809 1232 1929 1298 Codicis
1943 1235 2074 1298 Floren-

707 1335 771 1413 atui,
795 1353 872 1416 quae
895 1333 1106 1398 Ordinationes
1129 1341 1373 1415 repraesentant:
1397 1352 1435 1397 aa
1457 1351 1532 1397 vero
1556 1333 1593 1396 ad
1615 1332 1780 1417 Liturgiam
1791 1341 1935 1415 usurpata
1949 1333 2073 1412 suerint,

707 1451 770 1496 non
791 1435 895 1515 liquet.
1780 1453 1787 1469 ·

794 1531 944 1597 Sacerdos
960 1533 1052 1615 igitur
1063 1537 1135 1611 post
1148 1531 1373 1611 pronunciatum
1386 1539 1508 1594 secreto
1519 1530 1644 1610 primam
1659 1531 1835 1610 orationem,
1859 1548 1937 1611 quae
1949 1530 2085 1618 incipit,

707 1632 881 1696 Sanctoees
901 1651 982 1710 aare,
1005 1630 1129 1694 elevans
1151 1647 1258 1693 vocem
1275 1630 1355 1693 dicit.
1383 1629 1457 1692 Cum
1478 1649 1551 1710 erpo
1572 1637 1767 1708 acceptante
1779 1638 2003 1706 essetmortem,
2017 1637 2074 1696 etc.

708 1750 785 1814 quae
807 1731 992 1812 respondent
1014 1737 1119 1793 nostro
1148 1728 1208 1804 Oai
1225 1731 1328 1809 pridie
1348 1747 1440 1811 paam
1456 1736 1633 1810 pateream
1659 1729 1839 1809 pronunciat
1868 1727 1974 1792 eodem
2001 1737 2074 1792 tono

707 1830 801 1894 uerba
824 1830 934 1894 Christi
955 1827 1196 1892 sacramentalia:
1219 1827 1365 1910 simulque
1387 1828 1539 1909 accipiens
1558 1826 1694 1891 Oblatum
1716 1829 1746 1890 in
1768 1829 1915 1906 manibus,
1938 1845 2003 1890 eam
2025 1835 2074 1892 ter

707 1948 801 1994 cruce
823 1931 934 2012 signat,
956 1929 994 1992 ad
1016 1929 1093 1992 haec
1113 1926 1209 1990 verba
1232 1927 1395 2004 benedicit,
1416 1928 1628 2006 eoacts'fieouit,
1647 1926 1750 2006 frcpit,
1771 1934 1804 1988 ut
1826 1925 2022 1990 Alexandrini
2043 1933 2074 1991 et

638 2031 639 2036 ’
706 2027 879 2092 Nestoriani
899 2026 1035 2091 llituales
1056 2026 1281 2107 praescribunt:
1310 2042 1377 2089 com
1406 2025 1512 2088 Graeci
1535 2024 1714 2088 benedicant
1736 2033 1801 2104 ter,
1830 2025 1886 2088 sed
1913 2032 2073 2105 antequam

706 2129 943 2210 pronuncieotur
964 2127 1057 2190 verba
1079 2124 1271 2206 Euangeliou.

436 2235 529 2288 Forma
556 2236 695 2290 verboram
794 2225 1021 2290 Observandum
1042 2241 1136 2305 porro
1159 2232 1206 2286 est
1228 2225 1258 2286 io
1279 2222 1394 2287 blissali
1416 2222 1579 2287 Chaldaico
1601 2223 1714 2287 Romae
1736 2222 1829 2300 edito,
1850 2220 1976 2285 lormam
1998 2239 2073 2284 ver-

385 2322 814 2388 munatnlttmattattre.1‚0mm
834 2325 954 2388 illorum
974 2324 1093 2406 penitus
1115 2323 1311 2399 immutatam,
1334 2339 1371 2385 eo
1393 2323 1521 2386 consilio
1543 2330 1576 2386 ut
1597 2321 1721 2384 Latinae
1741 2320 1958 2402 responderet,
1991 2319 2073 2400 qood
2199 2351 2205 2368 ι

705 2433 805 2488 tamen
827 2425 864 2486 ah
886 2424 944 2487 illis
966 2425 1017 2506 qui
1038 2421 1162 2485 editioni
1182 2420 1378 2503 praefuerunt
1399 2423 1575 2502 praestitum
1596 2440 1658 2485 non
1679 2420 1744 2484 luit.
1788 2421 1862 2482 Nam
1891 2419 1984 2482 verba
2007 2419 2071 2501 Sy-

705 2524 787 2586 riaca
810 2523 847 2585 ab
869 2521 929 2584 illis
951 2521 1109 2586 substituta
1131 2538 1235 2584 eoram
1257 2519 1344 2597 loco,
1367 2539 1444 2601 quae
1467 2521 1609 2604 leguntur
1634 2521 1664 2582 in
1683 2521 1755 2586 hlss.
1773 2517 2006 2600 exemplaribus,
2028 2518 2075 2580 si-

705 2621 858 2707 gnificant.
880 2620 947 2684 1100
960 2628 1113 2684 artemam
1131 2639 1241 2700 corpas
1256 2639 1370 2682 mom:
1393 2637 1460 2681 cam
1477 2619 1624 2699 particula
1637 2621 1726 2696 eaor,
1739 2621 1765 2682 si
1779 2619 1858 2682 illam
1869 2618 2073 2682 necessariam

706 2720 930 2800 existimabant,
951 2719 1163 2801 supprimenda
1185 2736 1246 2782 uon
1268 2717 1375 2794 luerit,
1405 2725 1436 2781 et
1457 2709 1519 2804 yrip
1541 2718 1688 2782 Graecum
1711 2719 1742 2780 ia
1764 2717 1917 2799 Syriacam
1939 2717 2073 2799 linguam

705 2819 891 2902 migraverit.
935 2818 1169 2883 immutationem
1199 2835 1292 2899 porro
1322 2819 1409 2880 ishun
1434 2816 1517 2881 nullo
1539 2816 1699 2880 Ecclesiae
1716 2817 1831 2899 judicio
1853 2815 1935 2880 nullo
1958 2814 2073 2878 Roma-

705 2933 812 2980 norum
834 2917 1007 2982 Pontificum
1029 2919 1154 2982 decreto
1176 2917 1283 2982 iactam
1305 2935 1374 2980 esse
1396 2924 1525 2996 coastat,
1547 2918 1602 2981 sed
1624 2918 1809 2998 privatorum
1829 2915 1980 2979 hominum
2002 2916 2073 2995 opi-

705 3016 856 3095 nionibus,
878 3019 930 3098 qui
952 3017 1085 3081 eamdem
1108 3019 1139 3080 in
1149 3017 1278 3081 Codices
1295 3015 1429 3079 Graecos
1446 3015 1569 3097 aliquot,
1591 3015 1947 3099 utCryptaierrateosem
1960 3013 2072 3076 Coario

706 3123 797 3193 teste,
819 3115 1010 3182 induxerant.
1053 3116 1094 3179 ht
1102 3115 1219 3198 Syriaci
1234 3115 1363 3180 Codices
1378 3131 1483 3178 omnes
1497 3134 1562 3180 eam
1585 3115 1710 3179 lormam
1731 3120 1971 3197 repraesentant,
1993 3129 2072 3193 quae

705 3215 831 3278 Graecis
852 3216 974 3295 Jacobi,
995 3217 1101 3295 llarci,
1123 3215 1241 3295 Basilii,
1265 3221 1315 3277 aut
1338 3212 1546 3295 chrysostomi
1567 3214 1710 3297 liturgiis
1732 3213 1871 3296 proxima
1900 3219 1966 3289 est,
2000 3209 2074 3273 licet

704 3315 774 3376 insit
786 3314 931 3395 quaedam
944 3314 1081 3378 lectionis
1097 3314 1239 3378 varietas.
1262 3314 1360 3376 Vetus
1377 3310 1493 3392 Codex,
1509 3331 1598 3394 quem
1612 3310 1840 3394 interpretando
1850 3311 1947 3374 secuti
1960 3327 2073 3385 sumus,

704 3415 745 3477 ita
768 3413 867 3478 habet.
904 3413 970 3476 Hoc
992 3424 1038 3477 est
1059 3433 1171 3496 corpas
1191 3433 1298 3491 mom,
1320 3412 1402 3492 quod
1417 3430 1476 3491 pro
1498 3412 1585 3474 cobis
1607 3420 1636 3474 et
1653 3431 1713 3493 pro
1734 3412 1834 3474 mettis
1852 3409 2021 3489 summitur,
2043 3413 2074 3470 et

705 3515 797 3576 datur
818 3516 850 3576 ira
871 3515 1078 3578 rcarissioaem
1098 3520 1293 3594 peccatoram
1314 3519 1344 3573 et
1364 3512 1458 3573 citam
1479 3520 1644 3574 oetemom.
1680 3511 1723 3575 lta
1745 3509 1851 3574 Codex
1873 3508 2075 3587 Florentinus,

704 3620 736 3676 et
759 3611 808 3675 olii
829 3611 975 3694 plerique.
1018 3613 1110 3676 Extat
1130 3613 1161 3674 io
1184 3611 1357 3676 colbertina
1377 3609 1560 3673 Bibliotheca
1573 3609 1679 3674 Codex
1700 3611 1839 3692 antiquus
1854 3608 1885 3670 io
1900 3607 2071 3670 membrana

704 3713 849 3793 scriptos,
877 3713 907 3774 in
930 3730 990 3793 quo
1013 3713 1107 3774 verba
1131 3710 1242 3775 Christi
1267 3710 1308 3772 ita
1336 3707 1519 3772 referuntur.
1561 3708 1628 3772 Hoc
1657 3717 1704 3771 est
1731 3725 1841 3788 corpas
1868 3725 1966 3768 mum
1992 3705 2074 3788 quod

701 3830 760 3892 pro
782 3810 869 3874 cobis
887 3811 1051 3892 smnpitur,
1072 3828 1129 3873 cos
1150 3817 1250 3872 cutem
1273 3814 1303 3870 ct
1321 3807 1430 3869 multoe
1448 3809 1730 3888 fidelcaproeporot
1743 3809 1787 3870 ad
1797 3809 1891 3869 mmm
1905 3813 2071 3868 ocoenaom.

705 3909 766 3974 Sed
788 3916 1024 3991 qoaohcumque
1047 3911 1085 3973 sit
1107 3907 1220 3972 codicis
1242 3907 1321 3971 illius
1344 3907 1502 3986 autoritas,
1526 3906 1651 3970 aliorum
1673 3907 1765 3988 longe
1786 3905 1887 3987 potior
1909 3909 1971 3980 cst,
2001 3919 2071 3964 cum

705 4010 850 4073 Graecam
873 4009 1029 4072 lamoniam
1052 4009 1222 4072 accuratius
1244 4006 1413 4087 exprimant
1428 3994 1467 4068 τὸ
1489 3995 1573 4092 ὑπὲρ
1595 3994 1688 4083 ὐμῶν
1708 3989 1879 4083 κλώμενοι,
1900 3997 1956 4064 καὶ
1976 3985 2071 4064 dado'-

703 4127 799 4187 μενον
810 4100 857 4182 εἷς
868 4098 985 4196 ὄφεσιν
999 4100 1173 4195 ἁμαρτιῶν.
1197 4107 1287 4184 Quod
1302 4124 1363 4186 pro
1384 4105 1472 4168 oobr's
1489 4104 1655 4187 sraapihm,
1675 4114 1705 4167 ct
1716 4105 1850 4168 daturin
1864 4103 2072 4165 remissionem

701 4215 906 4290 peeeowaaam.
950 4209 989 4272 Et
1010 4227 1084 4272 saue
1112 4209 1165 4270 vix
1192 4207 1252 4270 ulla
1280 4204 1415 4286 Liturgia
1444 4211 1503 4284 est,
1533 4205 1748 4287 cujuscumque
1777 4202 1853 4266 ritus
1883 4199 1992 4263 Graeci
2020 4197 2071 4261 vel
2182 4243 2191 4262 .

705 4305 877 4386 Orientale,
900 4326 976 4389 quae
999 4297 1161 4385 κλώμενοι
1181 4307 1261 4370 istud
1283 4323 1344 4368 noo
1366 4303 1485 4383 habeat,
1508 4303 1600 4385 quod,
1622 4311 1655 4366 ut
1676 4304 1859 4384 interpretes
1882 4301 1998 4364 illarum
2019 4297 2071 4361 lo-

704 4413 850 4487 quuntur,
880 4392 994 4480 κλάσις
1015 4406 1082 4485 illa,
1113 4423 1168 4468 seu
1188 4406 1321 4486 fractio,
1349 4402 1435 4484 panis
1460 4403 1680 4482 Eucharistiai,
1708 4401 1846 4484 corporis
1869 4400 2069 4480 veriloquo

705 4503 963 4586 Christospassus
986 4513 1043 4583 est,
1066 4505 1226 4584 cruciattrs,
1248 4522 1305 4586 per
1326 4502 1445 4585 llagella
1468 4510 1500 4566 et
1521 4519 1643 4566 cracem
1664 4501 1823 4584 significat,
1845 4516 2008 4580 veramque
2030 4497 2070 4560 de

704 4603 892 4670 Eucharistia
914 4604 1001 4668 tidem
1022 4605 1163 4688 exprimit
1184 4604 1367 4679 accuratius;
1395 4620 1504 4684 nempe
1532 4620 1639 4684 panem
1662 4621 1751 4684 quem
1772 4601 1954 4684 frangimus,
1982 4616 2069 4662 eom-

705 4705 933 4768 municatiooem
956 4705 1092 4786 eorporis
1116 4704 1225 4768 Christi
1247 4720 1329 4779 esse,
1350 4710 1383 4766 ut
1405 4703 1514 4766 Paulus
1536 4702 1700 4784 Apostolus
1723 4701 1865 4782 loquitur,
1887 4701 1946 4763 hoo
1969 4704 2070 4762 estut

704 4804 815 4885 ubique
836 4803 1026 4884 profitentur,
1047 4805 1145 4886 ipsum
1166 4803 1246 4867 illius
1268 4819 1380 4882 corpus
1401 4810 1503 4866 natum
1525 4821 1566 4866 ex
1576 4801 1671 4866 illaria
1681 4801 1819 4886 Virgine,
1841 4801 1872 4862 iu
1886 4814 1946 4881 quo
1959 4813 2069 4881 passus

705 4911 762 4968 est.
804 4903 886 4968 lllius
909 4904 987 4968 enim
1009 4903 1148 4968 lectionis
1169 4903 1207 4968 ad
1229 4900 1460 4966 confirmandam
1481 4901 1687 4965 orthodoxam
1709 4901 1748 4964 de
1768 4899 1957 4964 Eucharistia
1978 4897 2069 4961 fidem

690 5005 750 5068 'uis
773 5003 879 5069 eadem
901 5011 959 5086 est,
982 5021 1018 5067 ac
1039 5003 1118 5068 illius
1140 5022 1229 5087 quarn
1250 5019 1364 5066 vexare
1384 5001 1466 5066 liena
1490 5017 1657 5084 aggressos
1679 5007 1737 5080 est,
1759 4998 1951 5064 iaNotis·ad
1964 4997 2068 5061 Evan-
