4784 6040
607 607 1491 740 ooe'nononsnncnonon.
1658 662 1735 740 413

472 851 655 924 Sacerdos.
707 848 751 921 Et
777 849 915 922 calicem
940 853 1056 938 istum,
1090 850 1191 922 iaciat
1223 852 1418 942 sanguinem
1444 872 1562 945 purum
1589 860 1623 922 et
1649 872 1735 924 sen·
1783 869 1882 938 imarii.

370 980 467 1058 ctum,
494 971 689 1062 sanguinem
715 969 830 1040 vivum
857 976 891 1039 et
915 966 1095 1053 vivificum,
1123 969 1318 1057 sanguinem
1344 965 1569 1063 purificantem
1596 975 1631 1039 et
1648 989 1734 1040 san-

369 1085 576 1173 ctificantem,
603 1085 797 1175 sanguinem
823 1082 956 1155 Domini
983 1083 1046 1154 Dei
1073 1089 1107 1152 et
1133 1082 1311 1154 salvatoris
1345 1084 1452 1156 nostri
1482 1082 1565 1154 lesu
1599 1080 1733 1175 Christi,

370 1202 411 1274 ed
437 1202 668 1274 remissionem
693 1199 920 1295 peccatorum,
947 1207 980 1269 et
1006 1201 1107 1270 vitam
1135 1208 1302 1270 aeternam
1330 1197 1565 1295 accipientibus
1592 1198 1692 1272 illum.

471 1315 633 1408 Populos.
685 1315 804 1387 Amen.

471 1431 655 1502 Sacerdos.
693 1429 766 1502 Hac
792 1431 891 1522 igitur
916 1431 1151 1526 mysteriorum
1177 1427 1306 1502 illorum
1333 1428 1480 1502 illatione
1506 1429 1596 1522 digni
1615 1429 1735 1521 effecti,

370 1556 405 1618 et
431 1546 536 1619 oculis
562 1549 718 1618 melitium
743 1556 942 1632 nostrarum
967 1548 1119 1618 veritatis
1135 1545 1375 1637 significatione
1391 1545 1573 1635 illustratis,
1600 1566 1734 1618 oramus

370 1674 404 1736 et
429 1663 657 1755 obsecramur,
683 1673 718 1735 ut
743 1662 826 1734 baec
852 1664 1024 1758 proposita
1050 1665 1212 1758 mysteria
1236 1664 1367 1758 prosint
1388 1663 1499 1754 nobis,
1526 1673 1559 1734 et
1578 1661 1634 1735 illa
1652 1685 1734 1736 sus·-

370 1780 579 1874 eipientibus,
606 1777 649 1850 ad
674 1781 803 1850 animae
830 1777 1046 1870 vigilantiam,
1074 1777 1115 1850 ad
1142 1781 1296 1874 optimam
1325 1782 1478 1873 eorporis
1499 1777 1734 1868 valetudinem,

371 1894 413 1967 ad
439 1898 725 1992 participationem
760 1915 878 1968 veram
910 1894 1117 1989 adoptionis,
1151 1893 1194 1966 ad
1227 1897 1557 1968 communicationem
1592 1893 1734 1991 Spiritus

370 2015 487 2100 sancti,
514 2010 557 2083 ad
583 2009 818 2081 haereditatem
844 2013 940 2101 regni
967 2009 1146 2096 coelorum,
1174 2009 1217 2081 od
1239 2013 1470 2082 remissionem
1490 2010 1682 2083 delictorum
1702 2023 1736 2084 et

368 2139 603 2224 peccatorum3
631 2128 708 2221 quia
734 2135 767 2196 te
793 2125 892 2198 decet
916 2123 1048 2198 bonitas
1076 2137 1110 2197 et
1136 2125 1343 2218 benignitas,
1378 2125 1502 2221 tibique
1534 2125 1675 2218 gloriam
1702 2137 1736 2200 et

369 2243 501 2316 laudem
528 2240 714 2330 referimus,
740 2251 774 2314 et
799 2244 967 2334 unigenito
994 2241 1079 2315 Filio
1107 2252 1176 2330 tuo,
1212 2251 1244 2314 et
1271 2242 1406 2338 Spiritui
1431 2253 1488 2315 tuo
1516 2245 1733 2332 sanctissimo,

369 2357 472 2448 bono,
500 2370 533 2431 et
560 2356 740 2430 odorando.

473 2473 647 2546 Socordoe
679 2473 869 2546 inclinatos.
910 2472 1054 2568 Suscipe
1080 2473 1278 2546 sacrificium
1303 2472 1368 2547 boc
1393 2483 1554 2566 nostrum,
1580 2477 1734 2569 Domine,

371 2590 459 2686 quod
485 2601 607 2678 mente,
634 2588 741 2662 verbo
769 2599 802 2661 et
829 2593 937 2663 enimo
965 2588 1024 2661 tibi
1051 2588 1202 2663 offertur:
1229 2593 1410 2686 praecipue
1435 2611 1519 2662 vero
1547 2614 1609 2687 pro
1636 2603 1734 2667 tran-

369 2707 529 2803 quillitate
557 2716 590 2778 et
614 2728 699 2802 paee
725 2703 900 2778 Ecclesiae
927 2717 1005 2778 tuae
1031 2715 1181 2796 sanctae,
1207 2728 1270 2802 pro
1297 2707 1546 2792 confirmatione
1559 2710 1736 2782 Pastorum

370 2827 443 2917 ejus
466 2827 630 2916 justorum
658 2831 692 2894 et
718 2819 1000 2910 Ortbodoxorum,
1027 2843 1090 2918 pro
1116 2821 1245 2894 bonore
1272 2832 1305 2895 et
1331 2823 1534 2895 exuuuone
1560 2822 1736 2897 Sacerdo-

369 2949 436 3012 tum
464 2942 548 3032 ejus,
575 2961 637 3035 pro
663 2941 804 3035 puritate
832 2949 866 3010 et
890 2938 1053 3011 modestia
1079 2940 1316 3028 Diaconorum,
1342 2961 1405 3034 pro
1432 2943 1532 3012 venia
1559 2951 1593 3012 et
1608 2943 1736 3012 remis-

371 3059 466 3130 sione
496 3054 633 3128 bliorum
670 3059 759 3149 ejus-z
795 3077 857 3150 pro
889 3058 1014 3126 unitate
1044 3066 1078 3126 et
1111 3054 1290 3128 concordia
1318 3059 1618 3149 congregationum
1645 3059 1735 3149 ejus:

325 3179 326 3182 ’
370 3192 432 3266 pro
458 3173 602 3244 victoria
628 3170 760 3263 Regum
785 3169 943 3242 fidelium:
971 3192 1032 3264 pro
1050 3173 1241 3243 visitatione
1258 3170 1450 3244 afflictorum
1467 3180 1500 3244 et
1517 3169 1734 3246 infirmorum:

369 3309 432 3383 pro
459 3288 583 3360 nunilo
610 3291 753 3359 omnium
780 3309 894 3360 eorum
923 3290 978 3381 qni
1005 3289 1037 3356 in
1063 3286 1210 3382 periculo
1237 3297 1424 3358 versantem.

472 3404 622 3475 Edenates
646 3424 771 3475 nocem.
809 3402 918 3474 Etiam
943 3426 1005 3499 pro
1033 3400 1168 3490 auxilio,
1195 3411 1230 3473 et
1255 3401 1420 3493 adjutorio
1446 3401 1637 3482 infirmitatis
1663 3425 1734 3476 no·
1782 3405 1921 3460 Phi¹⁰¹⁰¹¹l

368 3531 477 3611 strae,
511 3523 707 3592 invocamus
734 3530 787 3609 te,
821 3518 974 3591 Domine.
1026 3517 1079 3590 Ne
1106 3518 1272 3614 despicias
1299 3517 1557 3614 supplicationes
1585 3529 1617 3592 te
1644 3520 1735 3590 ado-

367 3640 519 3708 rantium.
571 3634 661 3722 Audi
686 3637 855 3708 orationes
874 3629 998 3727 'gregis
1024 3638 1070 3706 tui
1097 3633 1287 3730 spiritualis,
1317 3635 1439 3708 Pastor
1464 3633 1554 3706 bone
1580 3645 1615 3707 et
1640 3657 1734 3709 vere.

371 3751 475 3824 Salva
501 3772 609 3843 agnos
635 3760 723 3840 tuos,
751 3760 785 3822 et
809 3749 915 3824 libera
943 3772 1028 3822 oves
1055 3761 1129 3822 tuas
1152 3750 1194 3822 de
1211 3750 1362 3824 manibus
1385 3749 1621 3846 improborum.
1655 3750 1735 3824 Ad-

368 3869 450 3959 J'uva
476 3887 656 3963 pauperes,
683 3876 716 3938 et
740 3870 895 3956 miseros,
922 3889 1023 3940 serva
1051 3887 1234 3962 oppressos
1261 3877 1294 3940 et
1320 3867 1469 3957 aillictos,
1496 3877 1530 3940 et
1544 3865 1650 3938 libera
1675 3889 1734 3941 eos

371 3987 427 4080 qni
452 3981 648 4056 infestantur
675 4007 695 4055 a
722 3982 889 4079 spiritibus
915 3981 1020 4056 malis.
1052 3981 1285 4078 Orpbonorum
1311 4005 1424 4055 curam
1443 4003 1536 4075 gere,
1563 3982 1735 4056 iamebcos

374 4101 457 4173 satia
484 4098 686 4195 plenitudine
711 4100 893 4195 voluptatis
919 4108 1006 4171 tuae.
1051 4100 1188 4193 Adjuva
1215 4121 1276 4174 eos
1303 4104 1358 4196 qui
1383 4103 1418 4170 in
1442 4103 1559 4172 itinere
1585 4109 1677 4189 sunt3
1704 4109 1737 4171 et

374 4218 429 4310 qui
456 4217 488 4286 iu
515 4218 599 4287 mari
624 4218 797 4308 navigant,
823 4214 898 4288 illos
926 4239 946 4286 a
972 4223 1168 4312 tempestate
1194 4228 1228 4289 et
1243 4215 1425 4309 naufragiis
1442 4216 1559 4289 libera.
1589 4216 1736 4307 Protege

370 4330 559 4405 Ecclesiam
586 4340 674 4403 mam
707 4331 909 4425 redemptam
940 4352 1003 4427 per
1033 4354 1166 4404 erucem
1201 4343 1310 4422 mam,
1345 4343 1380 4405 et
1411 4332 1524 4406 exulta
1555 4329 1734 4406 Praesides

372 4451 443 4541 ejus
469 4470 531 4545 per
556 4469 674 4521 veram
698 4447 774 4520 fidei
801 4450 1101 4537 conservationem,
1127 4457 1161 4520 et
1185 4447 1369 4524 referemus
1397 4446 1455 4521 tibi
1480 4448 1641 4541 gloriam,
1671 4456 1733 4518 etc.

473 4561 649 4635 Sacerdos
671 4564 863 4635 inclinatos.
902 4562 1083 4654 Memento,
1096 4562 1250 4656 Domine,
1273 4567 1437 4658 virginum
1460 4585 1625 4661 purarum,
1644 4584 1733 4636 con-
1782 4574 1927 4630 cremanus

368 4680 484 4771 J’ugum
511 4689 695 4768 castorum,
724 4678 946 4775 orphanorum
972 4688 1006 4751 et
1031 4679 1215 4769 viduarum,
1241 4683 1455 4772 miserorum,
1483 4691 1516 4754 et
1540 4701 1733 4777 pauperum,

372 4817 553 4890 eorumque
580 4799 636 4890 qui
661 4798 695 4867 in
720 4797 900 4868 ministerio
928 4807 1042 4868 sancto
1070 4796 1193 4870 assidui
1219 4807 1311 4885 sunt,
1338 4808 1371 4869 et
1397 4796 1537 4871 alllictos
1564 4796 1733 4890 adjuvant,
1858 4785 1861 4806 ¹

372 4915 426 5006 qui
453 4909 639 4986 oblationes
666 4912 817 5003 offerunt,
844 4921 878 4984 et
904 4911 1079 5008 praeclare
1104 4918 1208 4987 vitam
1233 4917 1411 4990 instituunt.

473 5026 623 5098 Eteonos
639 5049 764 5102 rocem.
797 5027 921 5100 Libera
947 5038 982 5100 et
1007 5027 1103 5103 salva
1128 5053 1191 5105 nos
1211 5030 1354 5104 Domine
1367 5031 1462 5104 Deus
1488 5029 1531 5104 eb
1558 5032 1608 5104 ira
1634 5025 1733 5118 mala,
1780 5039 1908 5095 Electri.

371 5152 405 5215 et
430 5141 613 5218 obstinata:
641 5144 683 5216 eb
709 5145 881 5237 incendio,
915 5154 948 5216 et
979 5152 1089 5219 terrae
1115 5158 1224 5241 motu,
1257 5145 1299 5220 ab
1325 5148 1540 5220 inundatione
1566 5155 1600 5220 et
1624 5153 1733 5241 peste,

1440 5262 1526 5341 55*
