4728 6028
648 560 702 636 IN
735 559 1034 638 tironatus
1070 558 1349 638 SYRIACAS.
1602 561 1676 636 11⁷

313 742 500 808 Eucharistia
521 742 643 821 dieitur,
666 743 735 823 quia
758 742 838 804 illam
860 761 929 806 esse
952 741 1078 806 credunt
1100 763 1164 806 rem
1192 745 1427 823 sanctissimam,
1466 764 1574 828 nempe
1603 765 1677 809 cor-

313 861 370 924 pus
401 850 433 906 et
460 843 637 924 sanguinem
665 840 793 920 Christi,
828 842 935 924 quibus
964 841 1036 904 nibil
1065 844 1207 908 sanctius.
1252 843 1408 924 Nunquam
1442 862 1535 924 porro
1562 862 1675 909 vocare

314 941 392 1004 dona
417 947 594 1004 consecrata
617 929 717 1004 solenl
734 959 845 1020 ponem
867 949 1003 1004 iunctm
1024 949 1054 1004 ct
1073 944 1174 1004 vinnm
1196 950 1349 1020 sanetum,
1378 944 1434 1006 sed
1462 964 1570 1027 panem
1598 947 1678 1008 vitae

315 1039 486 1122 aliquando,
510 1039 748 1120 quemchristus
769 1041 835 1122 ipse
857 1059 892 1102 se
915 1059 984 1105 esse
1007 1039 1095 1103 dixit:
1119 1049 1201 1104 tauta
1223 1050 1270 1104 cst
1293 1041 1487 1106 Orientalium
1503 1062 1564 1108 non
1587 1043 1675 1107 modo

315 1142 344 1204 in
366 1139 458 1203 rebus
480 1139 696 1203 Eucharistiam
719 1140 938 1221 spectantibus,
961 1140 1016 1204 sed
1038 1143 1127 1203 etiam
1149 1141 1259 1204 inillis
1282 1143 1467 1224 explicandis
1489 1143 1608 1225 religio.

753 1418 844 1490 Unns
870 1417 980 1488 Pater
1006 1425 1153 1508 runcina,
1180 1427 1244 1492 etc.
1725 1423 1754 1478 1³.
1772 1425 1815 1478 ro.
1833 1425 1849 1479 t
1870 1425 1911 1476 rs.

412 1610 549 1690 Oranus
572 1621 776 1685 Orientalibus
799 1623 963 1684 communis
987 1629 1033 1685 cst
1053 1622 1112 1685 hoc
1134 1622 1202 1686 loco
1225 1622 1289 1686 lieri
1310 1624 1398 1686 solita
1427 1641 1444 1685 a
1468 1624 1581 1705 populo
1604 1625 1676 1687 Tri-
1724 1631 1789 1684 θαι
1816 1633 1852 1684 aa
1872 1631 1919 1686 bia
1935 1631 1995 1684 see

314 1727 413 1788 nitatis
437 1707 611 1803 Confessio,
634 1726 750 1788 scilicet
772 1733 805 1788 ut
827 1733 984 1805 antequam
1007 1726 1198 1789 admittantur
1221 1726 1381 1790 Christiani
1409 1727 1446 1790 ad
1469 1727 1675 1791 Eucharistiae
1685 1735 1712 1788 r·
1730 1719 1792 1770 ²⁴¹¹·

314 1825 588 1907 participationem;
618 1825 742 1887 brevem
771 1824 810 1888 de
840 1823 991 1886 Trinitatis
1026 1826 1170 1906 mysterio
1203 1824 1430 1889 Conlessionem
1465 1829 1674 1908 pronuncient.

314 1925 395 1988 lllius
417 1925 614 1988 meminerunt
635 1923 767 1987 lacobus
789 1923 974 2001 Edessenus,
996 1921 1151 2003 Barsalibi,
1169 1924 1322 1988 Canonum
1336 1925 1538 1990 Collectiones
1561 1929 1674 2005 variae,

315 2031 344 2087 et
369 2024 489 2087 Rituum
517 2023 711 2104 interpretes.
761 2022 795 2085 ln
825 2021 960 2106 liturgia
989 2023 1113 2105 Coptica
1142 2023 1258 2087 Graece
1288 2024 1411 2103 dicitur,
1441 2033 1472 2088 ut
1499 2025 1675 2106 plerumque
1722 2027 1767 2078 bn.
1783 2045 1809 2098 r·
1829 2029 1872 2082 79.

314 2123 481 2186 solennium
503 2124 669 2186 orationum
691 2121 847 2185 formulae.
881 2107 940 2196 Εἷς
960 2111 1068 2208 πατὴρ
1090 2112 1198 2206 ἅγιος,
1225 2111 1274 2197 εἷς
1295 2113 1366 2198 υἱός
1388 2113 1494 2208 ἅγιος·
1515 2115 1550 2186 ἓν
1570 2121 1674 2188 πνεῦ-

312 2241 360 2301 μα
381 2211 481 2306 ἅγιον.
527 2221 609 2284 Unnc
630 2221 724 2284 Pater
745 2227 889 2296 ameum
910 2241 988 2284 nans
1009 2223 1103 2284 Filius
1124 2230 1266 2286 sanctur.-
1293 2241 1370 2286 anna
1390 2224 1522 2304 Spirinu
1543 2233 1673 2288 sonem

314 2322 416 2384 Amen
460 2320 503 2383 lta
525 2323 556 2383 in
577 2320 782 2384 Alexandrina
806 2319 921 2382 Graeca
944 2321 1059 2384 Basilii:
1083 2319 1121 2384 in'
1136 2321 1277 2402 Coptica,
1308 2323 1467 2404 aliquando
1491 2323 1556 2387 sola
1578 2327 1673 2406 prima

313 2422 406 2484 verba
429 2422 636 2503 reperiuntur,
659 2419 713 2482 sed
735 2418 872 2502 plerique
898 2417 1026 2483 Codices
1049 2421 1181 2484 melioris
1204 2430 1303 2499 notae,
1326 2421 1406 2485 illam
1428 2422 1551 2486 totidem
1574 2425 1675 2488 verbis

313 2528 551 2602 repraesentant.
597 2518 677 2582 Talis
700 2527 747 2581 est
770 2519 961 2601 Syriacarum
984 2521 1113 2584 omnium
1134 2519 1240 2600 lectio,
1269 2522 1383 2603 absque
1411 2520 1472 2585 ullo
1495 2523 1674 2587 discrimine.

313 2617 346 2682 ln
368 2619 484 2683 Graeca
507 2627 606 2683 umen
627 2619 749 2697 Jacobi,
779 2626 840 2681 tota
869 2621 964 2682 oratio
993 2619 1029 2681 ad
1053 2619 1203 2684 Christum
1225 2619 1365 2684 refertur.
1412 2610 1470 2695 Εἷς
1492 2609 1599 2705 ἅγιος,
1627 2612 1675 2698 εἷς

313 2710 424 2808 κύριος
441 2705 564 2804 Ἰησοῦς
580 2704 734 2807 Χριστός,
758 2710 804 2792 εἷς
818 2708 917 2797 δόξαν
933 2717 1023 2782 Θεοῦ
1037 2706 1170 2806 πατρός,
1193 2706 1223 2802 ᾦ
1241 2711 1261 2806 ἡ
1279 2707 1361 2800 δόξα
1383 2712 1431 2794 εἷς
1451 2709 1530 2794 τούς
1552 2715 1674 2794 αἰῶνας

313 2817 376 2883 τῶν
398 2809 532 2883 αἰώνων.
579 2819 661 2882 Unus
683 2827 817 2895 comm,
838 2839 917 2882 nnnc
936 2820 1083 2882 Dominus
1103 2819 1195 2882 desan
1216 2819 1370 2896 Christano,
1399 2823 1431 2883 in
1457 2821 1587 2902 plocium
1616 2819 1675 2882 Dei

314 2919 425 2996 Parni,
447 2921 497 2982 cni
516 2919 617 3000 plcrio
638 2921 670 2980 in
691 2919 815 2980 saeculo
837 2921 1033 2982 sacratior-rem.
1077 2917 1120 2981 lta
1143 2937 1263 3001 quoque
1285 2919 1397 3002 legitur
1419 2921 1449 2981 in
1472 2918 1595 2983 Graecis
1613 2920 1675 2983 Ba-

314 3021 378 3097 silii,
403 3018 670 3101 Chrysostomiqne
692 3016 845 3100 biturgiis.
888 3017 1011 3081 Addunt
1033 3017 1103 3100 Syri
1124 3018 1325 3102 lionologiam
1348 3018 1487 3096 brevem,
1517 3037 1604 3101 quam
1633 3037 1675 3081 ex

313 3119 404 3182 Libro
433 3118 591 3180 blinistcrii
618 3117 773 3181 Diaconici
802 3118 1015 3181 transtulimus.
1067 3118 1232 3200 subjiciunt
1260 3114 1399 3200 Coptitae
1432 3119 1570 3181 eximiam
1595 3117 1674 3180 illam

314 3217 382 3281 lidei
405 3217 442 3280 de
459 3217 646 3280 Eucharistia
664 3215 903 3293 confessionem,
926 3216 964 3280 de
987 3235 1045 3298 qua
1069 3217 1196 3280 videnda
1212 3225 1291 3295 sunt,
1316 3236 1392 3299 quae
1408 3219 1438 3279 in
1453 3217 1672 3281 Commentario
1719 3233 1750 3289 Ρ,
1768 3235 1830 3290 250.

315 3316 351 3380 ad
374 3316 492 3381 illorum
515 3315 679 3399 biturgiam
702 3315 939 3382 observavimus.
969 3316 1110 3390 Quamvis
1134 3318 1211 3378 enim
1234 3317 1314 3378 nulla
1336 3315 1486 3398 professio
1509 3316 1577 3379 fidei
1599 3317 1673 3379 sim·

314 3416 423 3498 plicior
445 3424 475 3478 et
497 3435 514 3478 a
538 3415 720 3496 metaphoris
736 3417 880 3479 remotior
894 3416 1022 3478 inveniri
1043 3427 1142 3496 queat,
1165 3418 1196 3480 in
1213 3415 1347 3493 Graecis,
1363 3415 1474 3478 Latinis
1496 3413 1545 3478 vel
1562 3414 1673 3477 Orien-

316 3515 549 3594 talibusOhlciis,
572 3533 632 3579 non
655 3523 752 3578 tamen
776 3515 979 3597 antiquissima
996 3523 1053 3593 est,
1075 3524 1108 3577 ut
1123 3516 1257 3579 suoloco
1273 3517 1448 3592 monuimus,
1471 3533 1538 3577 cum
1551 3520 1673 3596 praeter

316 3615 546 3694 consessionem,
569 3633 646 3696 quae
668 3633 772 3678 veram
795 3617 932 3696 corporis
956 3622 987 3677 et
1008 3615 1163 3697 sanguinis
1177 3613 1285 3678 Christi
1302 3616 1500 3696 praesentiam
1514 3611 1672 3696 significat,

315 3715 411 3777 addita
434 3717 493 3777 sint
514 3715 655 3778 nonnulla
678 3732 756 3797 quae
777 3715 1053 3796 blonophysitarum
1076 3715 1240 3778 doctrinam
1263 3717 1426 3794 continent,
1452 3731 1509 3794 qua
1531 3710 1597 3775 sola
1617 3729 1673 3773 ra-

313 3817 394 3878 tione
417 3815 535 3878 novitas
557 3833 662 3878 eorum
684 3813 929 3896 deprehenditur,
952 3817 1037 3897 eujus
1060 3815 1207 3896 originem
1229 3813 1459 3899 designavimus.
1488 3811 1576 3885 Quod
1597 3827 1672 3872 vero

314 3913 350 3976 ad
379 3913 576 3994 profitendam
605 3913 811 3977 Eucharistiae
840 3913 928 3977 fidem
958 3921 1092 3994 spectat,
1116 3919 1236 3996 antiqua
1259 3915 1378 3977 omnino
1402 3923 1464 3992 est,
1493 3931 1592 3994 neque
1614 3909 1672 3972 alia

315 4031 331 4074 a
352 4011 480 4094 simplici
501 4013 552 4076 illa
576 4020 607 4076 et
628 4012 830 4076 vetustissima
852 4012 995 4092 formula,
1025 4031 1083 4094 qua
1111 4011 1215 4076 fideles
1237 4013 1451 4076 Eucharistiam
1473 4011 1672 4094 suscipientes

313 4111 481 4176 utebantur.
506 4112 624 4193 Corpus
646 4111 767 4174 Christi.
790 4111 893 4176 men.
930 4111 990 4175 lllis
1013 4111 1090 4175 enirn
1114 4112 1207 4174 tribus
1229 4112 1332 4175 verbis
1354 4111 1432 4174 idem
1454 4108 1671 4193 intelligebant,

314 4210 393 4290 quod
414 4220 522 4293 postea
543 4210 678 4292 pluribus
702 4210 882 4291 explicatum
910 4209 973 4275 luit.
1026 4211 1143 4292 Corpus
1171 4219 1322 4287 sanctona,
1348 4213 1529 4291 pretiorum,
1558 4229 1672 4285 aenan,

312 4309 516 4374 Emmanuelis
534 4311 596 4391 sitii
614 4311 673 4373 Dei
693 4311 751 4374 hcc
772 4319 819 4373 est
837 4330 918 4376 oerc.
941 4309 1048 4376 Amen.
1078 4312 1209 4392 Snnqaric
1227 4313 1380 4391 pretiosior
1397 4329 1497 4387 cents,
1520 4317 1575 4374 ete.
1597 4309 1672 4371 Nam

314 4427 379 4472 cum
401 4411 477 4474 haec
498 4410 592 4474 verba
615 4409 731 4472 Graece
754 4409 912 4474 etiamnum
934 4411 1071 4473 dicantur
1099 4410 1177 4492 apud
1201 4410 1353 4492 Coptitas3
1382 4410 1563 4492 antiquitatis
1592 4409 1672 4473 ulna

312 4507 528 4573 bluhamedana
550 4516 697 4591 tempora,
719 4509 795 4572 hacc
816 4517 888 4573 nota
910 4517 994 4574 certa
1017 4519 1073 4574 est.
1105 4511 1206 4593 Syria
1223 4510 1411 4592 simplicitate
1432 4527 1492 4572 non
1516 4508 1671 4575 discesse-

312 4618 391 4688 runt,
414 4626 515 4688 neque
536 4611 632 4672 minus
654 4617 752 4671 tamen
774 4608 931 4690 praeclara
960 4611 990 4673 in
1013 4611 1198 4674 orationibus
1222 4617 1290 4672 ante
1314 4616 1344 4672 et
1365 4616 1436 4692 post
1457 4609 1671 4674 sacramento-

312 4725 377 4772 rum
398 4709 636 4790 perceptionem,
661 4707 795 4790 ejusdem
817 4707 887 4771 fidei
916 4709 1080 4773 testimonia
1103 4713 1132 4772 in
1155 4707 1338 4773 orationibus
1361 4711 1471 4790 passim
1494 4717 1670 4772 occurrunt:

313 4814 345 4870 ut
367 4826 445 4890 quae
468 4809 622 4871 extantia
646 4805 757 4871 Codice
780 4805 965 4888 colbertino,
989 4817 1020 4873 et
1041 4811 1070 4873 in
1093 4809 1144 4873 illo
1166 4827 1255 4891 quem
1268 4815 1391 4872 secutus
1414 4817 1461 4873 cst
1474 4808 1670 4886 Boderianus,

312 4915 437 4988 praeter
459 4907 533 4971 alias
556 4925 633 4989 quac
656 4907 799 4990 leguntur
820 4907 851 4970 in
872 4909 964 4972 variis
994 4911 1124 4991 optimae
1145 4917 1235 4973 notae
1257 4907 1329 4974 blss.
1374 4909 1481 4992 Neque
1509 4909 1538 4972 id
1561 4907 1670 4972 lactum

312 5007 378 5070 siue
401 5006 559 5088 exemplo,
589 5025 656 5070 oum
685 5006 792 5070 Graeci
822 5007 932 5072 similes
961 5009 1114 5073 orationes
1143 5009 1206 5072 suis
1234 5007 1378 5092 Liturgiis
1407 5009 1611 5092 adjunxerint:
1640 5013 1671 5069 ct
1779 5000 1783 5007 ’

1393 5127 1466 5206 18*
