4730 6038
617 669 871 748 PHlLOllENl
901 669 1270 748 HIEROPOLITANI.
1546 672 1620 750 313

364 857 549 933 Sacerdos.
600 856 733 930 Exaudi
759 881 823 929 me.

366 975 526 1068 Populos.
579 973 684 1069 llyric
711 972 850 1047 cleison.
1019 1053 1025 1066 ⁸

364 1091 540 1164 Sacerdos
572 1091 708 1162 clocam
739 1112 864 1162 ccccm.
917 1088 963 1162 Ut
993 1090 1151 1178 illabens.
1185 1090 1303 1162 efficiat
1337 1113 1457 1186 panem
1495 1092 1625 1186 quidem

260 1209 357 1279 istum
384 1209 411 1296 †
438 1228 561 1302 corpus
593 1207 708 1277 vivum
741 1215 775 1276 et
805 1205 996 1294 vivificans,
1030 1208 1059 1294 †
1093 1228 1216 1302 corpus
1250 1205 1412 1296 salutare,
1446 1209 1624 1305 †c0rpus

141 1323 145 1332 ’
260 1323 394 1397 Domini
419 1322 483 1394 Dei
512 1332 546 1394 et
571 1320 758 1395 Salvatoris
784 1325 888 1393 nostri
914 1321 995 1392 lesu
1023 1321 1160 1411 Christi,
1188 1326 1221 1392 in
1247 1326 1478 1396 remissionem
1495 1347 1625 1419 pecca-

262 1448 385 1526 turum,
413 1449 447 1510 et
472 1441 575 1510 vitam
603 1446 790 1526 semmam,
819 1438 1082 1533 suscipientibus.

364 1555 524 1648 Populus.
576 1555 696 1627 Amen.

363 1670 546 1743 Sacerdos.
599 1668 644 1741 Et
669 1673 801 1742 mistum
827 1668 914 1764 quod
942 1673 1053 1740 estin
1079 1668 1142 1742 boc
1169 1669 1291 1760 calice,
1317 1667 1451 1757 efficiat,
1484 1671 1513 1757 †
1540 1693 1625 1743 sau-

260 1790 393 1881 guinem
420 1787 625 1858 Testamenti
651 1785 754 1877 Novi,
780 1788 809 1874 †
835 1787 1030 1878 sanguinem
1058 1785 1248 1876 salutarem,
1275 1787 1519 1879 bsanguinem
1544 1786 1625 1860 Do-

259 1907 338 1976 mini
362 1904 425 1976 Dei
453 1914 487 1974 et
512 1902 699 1975 Salvatoris
725 1905 830 1974 nostri
856 1901 938 1974 lesu
952 1900 1084 1991 Christi,
1111 1907 1145 1973 in
1163 1905 1394 1975 remissionem
1410 1912 1625 1998 peccatorum

261 2029 294 2090 et
319 2023 421 2091 vitam
448 2029 638 2109 nemmem,
665 2018 927 2114 suscipientibus.

363 2134 522 2228 Papados.
574 2137 693 2206 Amen.

361 2251 545 2324 Sacerdos.
598 2250 642 2322 Ut
668 2272 728 2345 per
754 2251 960 2322 sanctitatem
977 2271 1082 2338 suam,
1110 2249 1313 2323 sanctificent
1330 2273 1475 2346 corpora
1493 2275 1624 2347 pecca-

260 2379 383 2458 torum,
410 2376 444 2438 et
469 2365 626 2439 mundent
656 2369 782 2437 animas
816 2387 932 2437 eorum
966 2369 1021 2459 qui
1056 2365 1210 2439 macalati
1243 2378 1333 2456 sunt,
1363 2365 1506 2462 fiantque
1540 2390 1624 2460 erga

259 2504 462 2558 aesomnes
489 2486 544 2577 qui
569 2481 633 2554 illis
661 2485 929 2554 communicaturi
956 2490 1051 2569 sunt,
1078 2481 1120 2553 ad
1147 2486 1412 2579 propitiationem
1431 2482 1623 2556 delictorum

259 2609 293 2673 ct
327 2602 514 2688 criminum,
546 2596 824 2693 abolitionemquc
863 2609 1095 2691 peccaturum,
1131 2605 1165 2670 et
1197 2601 1432 2695 nequitiarmu:
1472 2599 1514 2670 ad
1545 2599 1622 2672 ier-

258 2725 402 2788 mcntum
428 2712 695 2788 benedictionum
722 2723 756 2785 et
781 2715 980 2788 sanctitatis:
1008 2712 1049 2784 ad
1065 2711 1291 2787 liberationem
1306 2715 1348 2787 ab
1367 2716 1519 2789 omnibus
1538 2716 1624 2790 dolis

258 2831 411 2924 maligni,
438 2840 472 2902 et
496 2831 598 2902 vitum
626 2839 803 2903 aeternam.

363 2947 522 3039 Papulae.
573 2948 692 3020 Amen.

363 3061 537 3136 Sacerdos
576 3063 766 3135 inclinatas.
818 3063 906 3136 Audi
940 3061 1083 3137 Domine
1119 3065 1309 3152 orationes,
1343 3073 1377 3134 et
1410 3067 1624 3160 precationes

259 3190 406 3254 nostras:
432 3201 542 3274 neque
569 3189 703 3252 avertas
729 3177 850 3250 faciem
877 3182 1121 3251 miserationum
1148 3188 1275 3250 tuarum
1302 3201 1321 3249 a
1355 3179 1451 3252 nubis
1487 3190 1625 3276 propter

258 3306 397 3391 peccata
423 3305 538 3368 nostm
565 3297 674 3368 multa.
728 3296 868 3390 Suscipe
894 3317 1027 3391 quoquc
1054 3317 1074 3366 a
1100 3293 1197 3366 nobis
1224 3295 1419 3368 sacrificium
1438 3297 1512 3386 boc,
1540 3299 1623 3368 sicut

260 3410 460 3485 oblationem
495 3414 678 3504 justorum,
721 3415 775 3508 qui
809 3433 904 3506 spem
934 3409 1119 3483 babuerunt
1150 3413 1184 3480 in
1217 3413 1392 3502 majestate
1422 3422 1487 3483 tua.
1539 3412 1621 3485 ble-

259 3539 370 3600 mento
396 3527 573 3600 Ecclesiae
599 3539 673 3600 tuae
701 3536 856 3613 sanctae,
883 3538 917 3599 et
942 3531 1086 3600 omnium
1113 3527 1304 3598 Pastorum:
1330 3529 1509 3622 praecipue
1535 3549 1621 3623 uero

260 3653 447 3717 sauctorum
475 3653 507 3715 et
532 3644 706 3716 beatomm
731 3643 997 3716 Patriarcbarum
1023 3651 1211 3716 nostrorum
1237 3643 1310 3715 DD.
1337 3643 1378 3714 N.
1406 3653 1438 3715 et
1465 3644 1505 3716 N.
1532 3644 1621 3740 Epi-

260 3763 355 3858 scopi
382 3781 513 3855 quoque
538 3765 643 3832 nostri
669 3762 709 3833 D.
732 3759 773 3833 N.
791 3783 866 3832 cum
883 3759 1018 3855 reliquis
1035 3756 1186 3830 omnibus
1205 3757 1382 3855 Episcopis
1403 3759 1622 3835 Ortbodoxis:

259 3875 407 3950 concede
434 3897 566 3970 quoque
591 3875 655 3949 ilbs
682 3879 837 3949 virtutem
863 3885 896 3948 et
921 3885 1137 3971 potestatem,
1170 3885 1206 3946 ut
1231 3895 1314 3970 pure
1350 3887 1384 3948 ct
1411 3886 1526 3948 sancte
1552 3900 1621 3973 pa-

259 4001 355 4066 scant
386 3991 483 4064 illam.
537 3993 705 4064 Memento
731 3993 873 4065 Domine
898 3990 1116 4064 Sacerdotem
1148 3993 1261 4086 quiin
1294 4012 1335 4063 ea
1362 3996 1561 4082 ministrant,
1589 4004 1624 4065 et
1707 4053 1710 4060 ,

259 4112 402 4181 omnium
438 4105 614 4198 Ominum,
654 4112 709 4204 qui
750 4108 867 4180 honori
901 4118 957 4181 tuo
994 4109 1138 4203 separati
1173 4116 1256 4179 sunt.
1317 4105 1485 4181 Memento
1522 4113 1622 4181 etiam

258 4223 421 4316 Domine,
446 4227 511 4295 mei
537 4224 652 4296 infirmi
680 4228 772 4297 servi
798 4227 860 4296 tui:
887 4245 953 4295 non
980 4223 1118 4317 abjicias
1144 4245 1216 4308 mc,
1245 4233 1381 4318 propter
1407 4247 1448 4297 ea
1475 4248 1562 4321 quae
1588 4229 1621 4296 in

257 4363 311 4412 me
339 4339 415 4412 odio
442 4338 542 4432 digna
569 4351 658 4412 sunt:
685 4362 794 4436 neque
820 4361 985 4413 memores
1012 4339 1089 4411 mibi
1120 4349 1261 4436 peccata
1288 4363 1372 4434 quae
1406 4351 1439 4413 tc
1470 4339 1511 4412 ud
1546 4343 1622 4412 ira-

257 4455 410 4529 cundiam
435 4468 631 4552 provocant.
682 4457 809 4530 Verum
837 4455 910 4526 dele
937 4465 970 4527 et
996 4453 1091 4527 aufer
1123 4463 1262 4550 peccata
1298 4478 1392 4546 mea,
1427 4467 1461 4528 et
1495 4456 1620 4553 culpas,

256 4575 422 4667 totiusque
447 4575 563 4664 gregis
590 4577 637 4646 tui
662 4573 800 4646 redemti
826 4593 888 4668 per
913 4594 1045 4644 crucem
1072 4584 1170 4645 tuam.

361 4688 522 4783 Populus.
575 4690 681 4786 Kyrie
707 4687 844 4762 cleison.

362 4804 536 4878 Sacerdos
563 4807 699 4878 clccaaa
724 4828 847 4878 cocao.
899 4802 1044 4878 Etcum
1069 4814 1102 4876 te
1129 4803 1171 4876 ad
1197 4801 1354 4875 auxilium
1381 4814 1414 4876 et
1427 4826 1524 4899 opem
1551 4807 1620 4874 im-

259 4918 446 4992 becillitatis
486 4932 623 4996 nostrae
655 4925 868 5010 invocamus,
903 4921 1046 4993 Domine
1079 4943 1122 4993 ne
1155 4919 1320 5014 despicias
1348 4917 1622 5015 supplicationem

261 5037 466 5109 adorantium
493 5047 544 5108 tc:
573 5049 671 5132 atquc
698 5037 819 5109 exaudi
843 5059 964 5133 preces
991 5040 1105 5130 gregis
1120 5037 1165 5106 tui
1179 5034 1368 5128 spiritualis,
1394 5035 1515 5107 Pastor
1532 5031 1621 5104 bone

262 5163 296 5225 et
323 5175 425 5227 vere:
453 5150 548 5225 salva
575 5175 681 5246 agnos
709 5164 783 5228 tuos
810 5163 844 5225 et
868 5152 973 5226 libera
1000 5153 1249 5250 possessionem
1277 5158 1364 5222 tuam
1392 5173 1526 5222 amanu
1552 5148 1620 5218 ho·-
