4804 6026
749 624 799 698 IN
830 623 1125 702 LITURGIAS
1161 625 1443 704 statuens,
1734 633 1782 706 53

494 801 653 868 Orationes
678 825 755 887 quae
779 807 933 872 desumtae
957 816 1026 872 sunt
1057 827 1096 870 ex
1118 809 1259 886 Psalmis,
1289 811 1424 874 introibo
1455 811 1498 873 cd
1525 805 1624 876 altore
1652 814 1725 892 Dei,
1754 824 1784 879 ot

409 905 556 985 quaedam
579 904 665 983 aliae,
690 923 764 986 quas
788 906 899 971 babent
921 907 971 970 alii
993 906 1134 986 Codices,
1158 908 1297 972 dicuntur
1325 911 1355 971 in
1386 909 1522 973 omnibus
1544 911 1703 988 Ecclesiis,
1727 932 1784 975 cu·
1898 911 1902 920 '

404 1005 583 1086 juscumque
606 1006 681 1068 ritus
705 1012 756 1066 aut
778 1005 909 1087 linguae,
934 1005 1075 1083 Graecis,
1103 1007 1217 1070 Latinis
1241 1015 1272 1069 et
1295 1007 1516 1088 Orientalibus,
1540 1011 1617 1074 adeo
1640 1029 1702 1074 non
1724 1014 1783 1075 ab·

407 1102 572 1166 horrebant
605 1093 774 1184 Apostolici
812 1106 870 1167 viri
902 1105 1108 1168 Ecclesiarum
1147 1107 1264 1170 illarum
1302 1106 1495 1188 fundatores,
1537 1109 1573 1171 ab
1613 1110 1716 1172 altaris
1753 1121 1783 1174 et

407 1201 546 1265 sacrificii
577 1205 877 1284 commemoratione,
910 1223 998 1284 quarn
1026 1204 1177 1268 Romanae
1205 1207 1358 1268 inventum
1386 1207 1592 1270 Protestantes
1622 1227 1692 1271 esse
1721 1229 1782 1273 vo-

407 1300 480 1378 lunt,
504 1308 535 1363 et
558 1319 646 1381 quarn
669 1309 827 1382 tantopere
850 1311 1039 1384 aversantur,
1069 1312 1101 1366 ut
1125 1305 1268 1386 quidquid
1289 1304 1329 1368 ad
1352 1325 1417 1368 eam
1440 1307 1621 1388 pertinebat,
1645 1327 1685 1371 ex
1708 1306 1783 1372 om-

406 1401 461 1462 ciis
485 1399 608 1463 Coenae
630 1418 704 1463 suae
728 1401 916 1464 sustulerint.

493 1499 608 1562 Versus
634 1501 685 1580 qui
707 1500 812 1563 eodem
835 1501 904 1564 loco
937 1501 1047 1564 dicitur
1077 1522 1117 1562 ox
1147 1502 1264 1565 Psalmo
1288 1500 1404 1568 CXVll.
1429 1525 1458 1564 v.
1482 1503 1533 1568 27.
1559 1505 1584 1568 is
1608 1512 1656 1568 est
1679 1505 1783 1586 quiin

405 1596 529 1678 vulgata
552 1599 597 1660 sic
621 1599 749 1662 babetur
771 1601 936 1662 secundum
959 1602 1131 1664 versionem
1151 1601 1347 1684 Septuaginta
1371 1603 1580 1684 interpretum.
1605 1601 1783 1667 constituite

406 1697 485 1758 diam
513 1699 665 1760 solennem
693 1699 726 1760 in
752 1701 913 1761 condensis
944 1719 1037 1780 usque
1066 1702 1110 1762 cd
1136 1720 1232 1763 cornu
1254 1703 1373 1766 altaris.
1426 1699 1494 1783 Syri
1525 1720 1652 1784 quorum
1679 1705 1781 1784 versio

407 1795 562 1877 exemplar
585 1797 756 1860 Hebraeum
779 1800 927 1878 sequitur,
949 1799 989 1860 ita
1012 1798 1152 1878 reddunt,
1175 1807 1207 1862 ut
1229 1803 1321 1864 vertit
1332 1800 1453 1864 Gabriel
1476 1802 1600 1880 Sionita,
1623 1801 1704 1884 Lipc
1726 1822 1782 1866 so-

406 1896 564 1958 lmnitates
584 1885 709 1958 nostrc's
738 1899 870 1973 catenis,
897 1917 990 1978 usque
1017 1899 1060 1960 cd
1089 1918 1207 1960 cornua
1234 1902 1359 1977 citaris,
1381 1902 1509 1982 propius
1534 1900 1570 1964 ad
1598 1902 1781 1983 primaevam

405 1991 575 2056 lectionem.
625 1996 759 2059 Pessime
787 1997 983 2060 Boderianus.
1027 1996 1142 2060 Diebus
1174 1999 1264 2078 sestis
1299 2002 1419 2062 vinciar
1453 2004 1572 2064 catenis
1607 2020 1700 2082 usqae
1741 2002 1784 2063 cd

406 2111 501 2156 emmo
524 2095 643 2158 abacis.

491 2192 583 2273 Cum,
614 2201 645 2256 ut
672 2197 813 2274 superius
843 2195 952 2258 dictum
983 2203 1045 2274 est,
1079 2196 1265 2258 Jacobiticae
1294 2196 1451 2260 Ecclesiae
1486 2197 1612 2280 propria
1641 2199 1701 2260 sint
1729 2196 1780 2258 illa

405 2291 518 2370 primae
549 2295 645 2374 partis
674 2293 830 2376 liturgiae
860 2295 978 2370 officim
1017 2303 1046 2358 et
1081 2296 1192 2378 exigua
1223 2294 1391 2358 differentia
1422 2298 1460 2359 sit
1487 2299 1568 2360 inter
1597 2296 1669 2358 illud
1700 2295 1780 2378 quod

406 2388 515 2454 Romae
539 2391 650 2454 editum
673 2401 719 2455 est
750 2395 780 2456 in
803 2393 917 2456 blissali
941 2393 1114 2472 Chaldaico‚
1144 2402 1176 2455 et
1205 2393 1331 2457 alterum
1362 2392 1483 2459 Codicis
1514 2394 1701 2475 Colbertini,
1732 2395 1779 2457 eui

406 2487 492 2551 valde
515 2490 613 2553 similo
635 2499 682 2553 est
705 2491 735 2552 id
757 2493 839 2572 quod
862 2493 1046 2556 Boderianus
1077 2494 1180 2572 edidit,
1204 2495 1435 2558 observationes
1466 2514 1504 2559 ne
1534 2495 1614 2559 idem
1636 2503 1778 2576 repetere

405 2607 531 2652 necesse
555 2590 646 2653 sibin
670 2591 775 2654 eadem
800 2592 979 2673 conjunctim
1004 2593 1149 2657 dabimus.

490 2689 586 2771 Igitur
607 2697 677 2770 post
699 2692 812 2770 primas
835 2691 902 2753 illas
932 2691 1042 2754 breves
1074 2694 1226 2756 crationes
1254 2691 1460 2755 accenduntur
1490 2693 1590 2771 cerei,
1622 2711 1639 2754 a
1670 2691 1777 2754 dextra

404 2797 490 2868 parte
512 2789 650 2868 primum,
672 2807 744 2852 rnox
767 2809 784 2852 a
807 2791 941 2854 sinistra:
967 2791 1052 2872 cujus
1076 2791 1285 2854 caeremoniae
1308 2809 1368 2854 non
1390 2792 1522 2854 meminit
1545 2791 1701 2872 exemplar
1714 2790 1778 2853 Bo-

405 2887 529 2967 dorlani,
553 2889 607 2950 sed
630 2887 758 2952 habetur
789 2888 837 2952 illa
861 2908 927 2953 cum
955 2891 1060 2954 iisdem
1089 2892 1231 2972 precibus
1262 2894 1291 2953 in
1322 2891 1481 2954 Codicibus
1510 2890 1716 2974 Seguierianis
1748 2898 1778 2952 et

405 2985 601 3069 colbertinis,
629 2999 662 3053 ut
693 2992 722 3052 in
752 2991 866 3055 blissali
895 2992 1067 3056 chaldaico.
1113 2993 1222 3056 Postea
1252 2991 1414 3054 discrimen
1436 2993 1577 3053 'occurrit
1607 2991 1686 3052 inter
1714 2997 1778 3052 tres

404 3084 471 3150 illos
502 3087 648 3168 Codices,
680 3090 762 3171 quod
791 3093 948 3156 observari
981 3110 1111 3156 necesse
1141 3099 1196 3155 est.
1241 3089 1276 3152 ln
1310 3089 1423 3153 blissali
1453 3089 1615 3153 chaldaico
1645 3081 1777 3167 notatur,

405 3185 600 3250 Sacerdotem
623 3189 674 3252 ubi
696 3191 779 3252 cerei
800 3191 921 3254 accensi
944 3199 1023 3272 sunt,
1047 3209 1121 3254 vasa
1151 3208 1239 3254 sacra
1269 3189 1422 3252 collocare
1453 3191 1483 3251 in
1511 3189 1613 3269 altari,
1648 3196 1678 3251 et
1707 3205 1779 3249 mox

404 3282 532 3349 oblatam
555 3296 586 3350 et
608 3288 733 3352 calicem
756 3288 840 3352 disco
862 3291 1029 3370 imponere.
1083 3289 1116 3351 ln
1139 3290 1215 3363 aliis,
1238 3288 1320 3350 illum
1342 3290 1471 3350 miscere
1495 3289 1596 3350 vinum
1619 3295 1649 3349 et
1672 3305 1777 3368 aquam

402 3384 432 3447 in
455 3386 561 3464 calice,
583 3395 643 3450 tum
667 3388 797 3450 oblatam
820 3407 887 3451 curn
909 3407 947 3451 eo
972 3389 1001 3449 in
1025 3389 1109 3451 disco
1133 3387 1298 3450 collocare.
1348 3386 1382 3448 ln
1405 3386 1495 3449 tertio
1518 3384 1688 3463 Boderiani,
1712 3392 1778 3446 sta-

403 3485 453 3547 tim
475 3487 692 3567 praescribitur
714 3488 811 3550 oratio
835 3487 978 3565 dicenda,
1009 3505 1076 3549 cum
1105 3494 1210 3550 vestes
1241 3485 1408 3548 ordinarias
1437 3483 1579 3566 deponit,
1608 3491 1669 3544 tum
1700 3482 1776 3545 aliae

402 3603 478 3670 quae
502 3587 560 3649 dici
582 3586 703 3666 debent,
727 3605 793 3650 cum
818 3588 1001 3650 ornamentis
1033 3585 1278 3649 sacerdotatibus
1301 3584 1442 3647 induitur.
1489 3582 1658 3646 Verisimile
1688 3581 1778 3643 nide-

402 3689 460 3765 tur,
485 3687 638 3748 orationes
661 3704 722 3749 non
745 3705 783 3750 eo
807 3685 913 3748 ordine
936 3685 1101 3748 collocatas
1132 3684 1319 3765 fuisseque
1343 3684 1482 3746 dicuntur
1511 3684 1542 3745 in
1565 3682 1714 3763 liturgia:
1746 3689 1776 3742 et

401 3784 549 3866 inprime
572 3785 666 3848 Olilcii
697 3785 863 3850 Colbertini
893 3793 996 3866 parte,
1027 3803 1080 3846 eas
1109 3802 1187 3866 quae
1217 3802 1279 3846 non
1308 3785 1366 3846 nisi
1395 3790 1502 3867 postea
1533 3781 1678 3844 dicendae
1708 3788 1777 3843 sunt

402 3882 570 3964 descriptas
593 3885 698 3963 luisse,
723 3886 792 3966 quia
815 3885 999 3949 Sacerdotes
1022 3887 1195 3947 memoriter
1218 3883 1284 3946 illas
1308 3886 1427 3962 dicunt,
1452 3901 1489 3946 eo
1512 3890 1664 3962 tempore,
1696 3878 1777 3962 quod

404 3982 571 4064 disciplina,
594 4002 682 4066 quarn
707 4001 810 4049 omnes
832 3986 947 4063 sciunt,
977 3984 1173 4067 praescribit:
1201 4003 1301 4065 neque
1324 3985 1454 4047 enimin
1477 3982 1540 4059 illo,
1565 3988 1615 4043 aut
1639 3979 1704 4042 aliis
1727 3977 1776 4040 di-

403 4101 560 4146 versarum
580 4083 784 4147 Ecclesianun
807 4082 972 4160 codicibus,
996 4085 1095 4146 omnia
1125 4083 1244 4167 agenda
1274 4092 1333 4146 tam
1362 4084 1526 4145 minutatim
1555 4080 1775 4155 describuntur,

402 4191 434 4244 ut
456 4183 529 4244 nibil
551 4201 657 4246 eorum
679 4183 768 4262 desit,
792 4202 869 4265 quae
892 4201 950 4246 usu
972 4182 1104 4246 stabilita
1125 4191 1204 4246 sunt.

488 4281 584 4366 lgitur
600 4283 631 4344 in
652 4282 710 4346 bac
732 4284 917 4347 obscuritate
940 4285 1158 4347 recurrendum
1187 4291 1234 4346 est
1257 4282 1294 4344 ad
1318 4282 1441 4344 aliarum
1462 4279 1667 4343 Ecclesiamm
1690 4295 1776 4340 com·
1833 4282 2016 4339 caeremoniae
2035 4287 2100 4339 attae

392 4399 521 4448 ,munem
543 4382 739 4463 disciplinam,
763 4401 841 4465 quae
864 4383 930 4446 talis
954 4392 1010 4464 est,
1035 4392 1067 4446 ut
1089 4403 1129 4446 ex
1153 4381 1269 4446 Graeca
1293 4381 1479 4462 intelligitur.
1535 4377 1685 4444 Sacerdos
1708 4395 1776 4438 cum
1789 4374 2003 4444 praeparatoriae.

301 4527 312 4537 .
403 4481 520 4544 accedit
543 4481 580 4545 ad
602 4483 814 4558 sanctuarium,
837 4484 1040 4563 procumbens
1071 4501 1173 4546 coram
1195 4482 1292 4560 altari,
1316 4483 1469 4544 orationes
1492 4478 1558 4542 illas
1582 4479 1666 4556 dicit,
1698 4495 1775 4557 quac

402 4578 432 4639 in
456 4581 588 4660 Syriacis
612 4580 722 4644 Officiis
745 4581 916 4663 descriptae
940 4591 1019 4660 sunt,
1042 4590 1092 4643 aut
1116 4581 1203 4644 valde
1219 4582 1342 4644 similes.
1377 4579 1461 4640 Lotis
1483 4577 1628 4655 manibus,
1653 4576 1776 4656 deponit

401 4685 504 4742 vestes
528 4679 705 4760 ordinarias,
729 4689 761 4744 et
783 4698 886 4744 sacras
909 4680 1014 4759 induit,
1038 4681 1192 4744 recitando
1219 4680 1257 4742 ad
1281 4678 1400 4762 singula
1425 4684 1600 4740 ornamenta
1622 4677 1775 4758 propriam

402 4781 581 4843 orationem:
606 4792 666 4844 tum
688 4799 763 4844 vasa
786 4799 874 4844 sacra
898 4781 928 4842 in
952 4781 1038 4842 altari
1060 4781 1118 4843 rite
1132 4779 1273 4860 disponit,
1297 4777 1444 4859 simulque
1467 4776 1606 4850 oblatam¹
1631 4795 1698 4838 cum
1721 4793 1776 4838 ca-

402 4878 460 4942 lice
481 4881 554 4956 vini,
578 4899 655 4961 aqua
679 4883 846 4963 temperati.
892 4881 982 4944 llaec·
997 4880 1115 4944 Graeco
1138 4882 1198 4942 ritu
1219 4879 1251 4940 in
1273 4877 1411 4940 Prothesi
1434 4875 1517 4955 liunt,
1543 4877 1647 4938 autin
1669 4893 1777 4937 secre-

402 4980 489 5055 tario,
512 4981 577 5043 sivc
600 4981 750 5044 sacristia:
775 4988 806 5044 et
828 4982 916 5046 istum
939 4999 1054 5043 morem
1078 4979 1159 5062 apud
1174 4978 1325 5042 Jacobitas
1344 4977 1439 5060 Syros
1462 4977 1579 5058 vigere,
1604 4975 1775 5056 significare

401 5077 522 5140 videtur
543 5080 699 5161 Barsalibi,
724 5099 790 5144 curn
814 5080 852 5142 de
880 5081 1080 5162 processione
1110 5080 1258 5160 loquitur,
1288 5096 1365 5159 quae
1395 5075 1562 5157 respondet
1591 5074 1776 5136 Graecorum

1484 5189 1569 5265 10*
