4814 6060
696 599 774 692 '472
1201 615 1563 690 birunain

698 803 795 864 anima
818 817 886 862 cum
907 817 1000 864 carne
1022 817 1099 862 unus
1122 805 1170 861 est
1192 798 1291 874 homo,
1314 798 1355 860 ita
1377 797 1461 860 Deus
1482 805 1515 860 ct
1536 799 1627 860 homo
1649 816 1728 860 uuus
1751 807 1798 861 cst
1821 797 1976 875 Christus,
2005 799 2074 863 lre-

698 900 893 981 quentissime
915 906 1079 980 usurpatur
1101 915 1118 958 a
1140 897 1296 973 Jacobitis,
1319 904 1350 958 et
1374 915 1440 958 cum
1464 898 1493 958 in
1516 897 1657 978 symbolo
1681 898 1761 979 quod
1773 897 1929 961 Athanasii
1952 897 2071 978 dicitur,

698 999 849 1078 occurrat,
873 1017 972 1078 eaque
983 997 1172 1081 Augustinus
1186 1015 1258 1058 usus
1283 995 1383 1073 luerit,
1406 1003 1570 1077 potuerunt
1592 997 1673 1057 illam
1695 997 1809 1076 absque
1833 996 2072 1076 reprehensione

698 1115 854 1178 usurpare.
877 1097 1034 1172 Quomodo
1057 1104 1103 1158 cst
1124 1097 1202 1157 enim
1224 1115 1302 1156 unam
1323 1096 1421 1174 honio,
1445 1097 1550 1156 animo
1572 1102 1602 1157 et
1623 1113 1745 1174 corpus,
1767 1098 1814 1157 sic
1835 1115 1914 1156 uncis
1936 1093 2076 1156 Chr-istm

705 1195 830 1258 Verbum
851 1203 881 1258 et
901 1196 997 1257 horno.
1037 1195 1082 1256 lta
1105 1194 1156 1256 illc
1179 1195 1322 1256 Tractatu
1343 1195 1395 1256 ll.
1420 1201 1450 1258 et
1474 1195 1525 1258 79.
1548 1195 1580 1254 in
1601 1194 1758 1270 loannem,
1781 1193 1947 1256 Euchiridii
1969 1211 1996 1258 c.
2019 1191 2073 1258 36.

701 1297 797 1358 Serm.
820 1293 895 1358 130.
918 1302 949 1357 ει
971 1293 1046 1357 261.
1068 1294 1125 1374 Ep.
1148 1293 1187 1356 ad
1210 1293 1405 1356 Volusianum
1431 1291 1501 1356 137.
1525 1302 1556 1356 et
1577 1292 1655 1356 alibi.
1689 1293 1764 1354 Eam
1786 1301 1886 1356 tamen
1908 1294 1938 1355 in
1961 1293 2074 1354 blono-

615 1441 620 1450 .
700 1393 828 1476 physitis
852 1412 913 1457 nou
935 1392 1140 1474 probaverunt
1158 1392 1349 1468 Anastasius,
1372 1393 1531 1455 Facundus
1554 1399 1585 1454 ει
1608 1391 1675 1454 alii:
1697 1391 1752 1454 sed
1775 1391 1852 1454 haec
1874 1392 1946 1454 alibi
1967 1392 2075 1456 rusius.

702 1493 798 1555 Uitam
820 1500 866 1555 est
886 1494 1071 1574 myster-ium,
1093 1490 1163 1572 quia
1185 1491 1256 1554 licet
1278 1491 1309 1553 in
1331 1491 1462 1554 diversis
1482 1490 1655 1572 speciebus,
1677 1507 1769 1552 uuum
1784 1499 2003 1554 sacramentum
2016 1498 2075 1552 est.

699 1591 794 1652 Unius
817 1609 892 1653 vero
915 1597 1020 1671 typum
1043 1590 1176 1668 exhibet,
1201 1591 1270 1670 quia
1292 1590 1433 1652 unionem
1463 1589 1613 1671 significat
1635 1589 1825 1651 humanitatis
1848 1597 1878 1651 et
1901 1589 2076 1666 divinitatis,

702 1691 790 1752 unius
814 1689 941 1753 Christi:
965 1707 1075 1768 nempe
1097 1696 1129 1750 ut
1152 1688 1254 1750 dicunt
1276 1689 1357 1763 alibi,
1381 1706 1493 1770 corpus
1512 1688 1593 1769 quod
1616 1689 1647 1749 in
1663 1689 1747 1750 disco
1768 1706 1857 1750 sacro
1882 1697 1940 1765 est,
1964 1705 2078 1770 corpus

701 1797 748 1853 est
770 1788 924 1870 sanguinis
947 1787 1043 1850 calice
1066 1789 1214 1849 contenti:
1239 1794 1269 1848 ει
1291 1789 1416 1868 sanguis
1439 1789 1470 1850 iu
1494 1789 1599 1864 calice,
1623 1789 1748 1868 sanguis
1772 1794 1819 1850 est
1830 1787 1910 1850 illius
1925 1788 2077 1868 corporis,

701 1895 735 1949 ut
757 1886 890 1967 loquitur
905 1885 1063 1950 Barsalibi.
1086 1885 1223 1948 videnda
1238 1904 1316 1968 quae
1330 1894 1432 1949 notata
1445 1895 1515 1949 sunt
1527 1888 1565 1949 ad
1578 1885 1742 1968 liturgiam
1758 1886 1865 1950 Jacobi
1879 1886 2079 1970 Semigensis.

1122 2225 1647 2268 ‚ww

1108 2457 1116 2470 Q

1084 2621 1690 2800 titulata

824 2949 867 3070 s.
907 2949 1261 3070 Joluuis
1297 2959 1320 3020 ¹-
1375 2943 1953 3072 curnilionis

981 3191 1046 3279 QUI
1072 3189 1206 3267 sanun
1230 3191 1279 3266 ΕΤ
1305 3189 1531 3268 tooulutus
1556 3189 1694 3269 uictus
1720 3191 1801 3269 EST.

1114 3479 1266 3550 Primum
1293 3477 1416 3549 Oratio
1443 3485 1524 3549 ante
1550 3450 1688 3550 Pacem.

648 3781 651 3790 ,
773 3675 890 3788 Duos
928 3702 1046 3790 Pater,
1084 3701 1247 3774 Dominus
1282 3702 1446 3789 omnium,
1480 3699 1717 3796 tranquilline,
1757 3723 1845 3796 pax,
1885 3709 1919 3772 ει
1952 3706 2080 3778 caritas

704 3818 898 3891 coelestium
924 3827 958 3888 et
983 3819 1206 3904 terrestrium,
1233 3825 1367 3911 praesta
1394 3817 1492 3890 nobis
1518 3816 1754 3913 peccatoribus
1781 3821 1892 3891 servis
1924 3821 2007 3905 tuis,
2042 3831 2080 3892 ut

704 3938 739 4006 iu
766 3933 998 4029 tranquillitate
1024 3943 1080 4004 tua
1107 3931 1219 4004 diviua
1245 3932 1426 4023 laetemur,
1459 3944 1493 4005 et
1523 3937 1556 4004 iu
1583 3955 1669 4028 pace
1702 3945 1757 4007 tua
1789 3933 1938 4028 perfecte
1975 3935 2077 4007 dele-

705 4061 853 4139 ctemur,
881 4060 915 4122 et
940 4053 973 4121 in
1001 4051 1137 4121 caritate
1162 4058 1219 4120 tua
1244 4052 1411 4121 veraciter
1437 4049 1632 4141 gloriemur,
1660 4050 1930 4144 illustrenturque
1945 4053 2079 4124 animae

703 4176 842 4240 nostroe
868 4169 1010 4237 veritate
1042 4174 1113 4250 tua,
1146 4162 1359 4258 purificentur
1393 4177 1521 4237 mentes
1554 4179 1691 4240 nostrae
1724 4165 1901 4238 dilectione
1937 4177 2009 4254 tua,
2043 4177 2082 4238 et

636 4276 648 4296 '
706 4279 952 4354 sanctificentur
979 4283 1112 4376 spiritus
1138 4282 1246 4350 nostri
1273 4302 1335 4375 per
1368 4286 1530 4376 mysteria
1563 4283 1714 4370 vivifica,
1749 4293 1783 4354 et
1814 4303 1930 4356 eorum
1964 4282 2082 4356 benc-

704 4395 780 4468 licio
808 4396 900 4488 digni
926 4396 1119 4480 efficiamur,
1146 4404 1181 4464 ut
1206 4398 1408 4468 couscientia
1434 4420 1536 4492 pura,
1569 4408 1604 4470 et
1634 4399 1739 4471 corde
1764 4399 1886 4472 mundo
1914 4421 1935 4469 a
1961 4399 2081 4470 sordi-

704 4510 780 4599 bus,
796 4511 1030 4607 amplectamur
1050 4512 1193 4583 invicem
1208 4514 1242 4581 in
1256 4513 1373 4584 osculo
1392 4525 1508 4586 sancto
1523 4523 1558 4585 et
1570 4514 1695 4605 divino,
1722 4513 1911 4588 inflammati
1926 4519 2084 4606 caritate,

704 4637 740 4698 ει
774 4636 868 4700 casta
901 4637 1079 4721 mutuaque
1113 4624 1304 4698 dilectione:
1338 4650 1400 4722 per
1432 4651 1581 4703 amorem
1617 4652 1699 4723 erga
1731 4629 1880 4705 homiues
1916 4635 2084 4724 unigeniti

704 4741 780 4814 Filii
807 4746 871 4832 tui,
898 4765 959 4838 per
986 4765 1084 4837 quem
1111 4752 1145 4813 et
1171 4764 1245 4813 cum
1273 4765 1339 4837 quo
1366 4753 1400 4816 te
1427 4745 1524 4817 decet
1549 4746 1659 4839 gloria
1686 4757 1719 4818 et
1744 4746 1860 4819 honor.

807 4858 969 4951 Populos.
1021 4858 1141 4930 Amen.

808 4974 993 5046 Sacerdos.
1046 4973 1130 5045 Pax.

808 5090 970 5183 Populos.
1022 5089 1066 5160 Et
1092 5111 1166 5162 cuin
1193 5089 1310 5186 spiritu
1336 5100 1403 5163 tuo.
