4804 6026
585 589 638 666 IN
680 583 969 663 LITURGIAS
1012 578 1294 658 stainans.
1389 677 1393 702 Ι
1576 573 1627 647 49

260 781 345 864 cuius
368 778 493 840 sormam
515 775 545 836 in
567 770 746 857 'praecipuis
776 770 925 848 retinent,
953 768 1080 830 maxime
1109 765 1141 828 io
1167 762 1306 843 canone,
1335 780 1395 844 quo
1423 759 1512 824 Actio
1540 779 1630 823 sacra

260 882 442 943 continetur.
499 872 573 938 Sunt
602 881 702 934 tamen
731 869 893 933 Orationes
922 868 1080 930 diversae:
1116 864 1433 942 caeremoniarumque
1461 861 1540 924 ratio
1569 878 1629 922 non

259 999 317 1042 una
341 985 399 1042 est.
444 972 661 1038 Ambrosianus
684 977 715 1032 et
737 970 944 1033 hlosarabicus
966 968 1053 1043 ritus,
1075 965 1169 1028 verba
1186 963 1297 1028 Christi
1321 960 1548 1027 sacramentalia
1568 977 1631 1022 non

258 1079 365 1140 iisdem
389 1075 513 1158 syllabis
536 1071 686 1149 referunt,
710 1070 818 1151 quibus
842 1071 871 1132 in
895 1069 1084 1149 Gregoriano
1107 1064 1281 1128 recitantur.
1323 1063 1463 1126 Attamen
1487 1059 1631 1124 conside-

259 1185 323 1240 rata
347 1177 439 1240 totius
461 1173 598 1236 Actionis
620 1188 727 1234 sacrae
748 1168 859 1244 forma,
882 1167 1043 1231 discrimen
1064 1165 1095 1228 in
1117 1165 1153 1226 iis
1177 1182 1254 1245 quae
1278 1163 1315 1224 ad
1337 1168 1423 1224 recte
1447 1159 1631 1242 lungendum

260 1275 469 1340 Sacerdotium
491 1273 641 1354 pertinent
663 1269 776 1331 nullum
799 1266 1063 1342 animadvertitur3
1087 1281 1154 1326 cum
1173 1263 1341 1326 orationum
1360 1263 1489 1323 omnium
1507 1266 1538 1322 et
1556 1277 1632 1322 cac-

260 1375 461 1438 remoniarum
491 1371 640 1436 sententia
670 1368 774 1430 eadem
806 1368 862 1445 sit,
892 1367 1019 1446 mystica
1048 1382 1170 1444 quoque
1199 1362 1378 1444 significatio
1408 1360 1527 1424 eadem:
1556 1358 1631 1421 fides

262 1494 350 1557 quam
373 1472 546 1554 exprimunt
568 1469 691 1547 cadem,
721 1467 797 1532 adeo
821 1475 853 1528 ut
875 1464 1038 1529 secundum
1067 1462 1206 1526 eximiam
1234 1461 1401 1524 innocentii
1430 1460 1453 1521 1.
1482 1457 1631 1540 regulam,

261 1573 372 1655 Legem
392 1572 466 1652 fidei
486 1572 536 1632 lec
557 1575 672 1632 stataet
692 1566 891 1646 supplicandi.

351 1673 486 1734 Graecus
509 1685 630 1751 quoque
652 1667 726 1728 ritus
750 1664 858 1727 eodem
879 1663 967 1727 modo
990 1681 1024 1726 se
1047 1661 1138 1724 habet
1152 1679 1228 1742 erga
1242 1659 1412 1723 Orientales
1432 1675 1546 1732 omnes,
1570 1656 1633 1738 Sy·
1676 1653 1790 1708 Graecus
1799 1656 1861 1707 rinna
1873 1670 1957 1724 quan-

264 1791 382 1848 rorum,
405 1769 643 1854 Aegyptiorum,
666 1765 879 1842 limenorum,
902 1761 1094 1844 Aethiopum,
1118 1769 1149 1824 ct
1171 1761 1198 1822 si
1220 1762 1271 1840 qui
1293 1767 1362 1823 sunt
1384 1759 1433 1822 alii
1455 1759 1484 1822 in
1508 1758 1632 1820 Oriente
1644 1743 1737 1796 tumet
1745 1743 1897 1840 Pf⁸fi³⁰³l¹¹⁸q
1905 1740 1958 1794 ‘⁰⁹
2031 1785 2037 1794 ·

267 1870 437 1934 Christiani.
483 1868 591 1930 Forma
613 1867 696 1946 eyes,
725 1861 867 1946 quantum
890 1860 927 1924 ad
951 1861 1104 1942 liturgiae
1128 1867 1230 1942 partes
1257 1860 1454 1942 praecipuas,
1487 1875 1543 1920 una
1575 1845 1712 1934 est,¹¹¹,⁸¹¹¹
1735 1843 1846 1965 ⁰¹⁰¹¹3¹¹f¹
1870 1825 1957 1963 Ψ·

267 1969 361 2052 qualis
386 1975 470 2031 extat
492 1967 522 2028 in
544 1965 644 2028 Basilii
667 1962 934 2044 Chryscstomique
957 1960 1116 2042 liturgiis,
1141 1977 1219 2040 quae
1241 1959 1326 2022 solae
1348 1957 1459 2022 dadum
1482 1959 1511 2020 in
1535 1921 1958 2052 Grae-gpapuapnsempennrun

266 2067 467 2133 cisEcclesiis
489 2071 690 2145 usurpantur:
712 2070 746 2124 ιιι
768 2063 858 2124 etiam
879 2061 910 2122 in
933 2060 991 2124 illis
1014 2079 1091 2141 quae
1106 2058 1214 2123 Jacobi
1237 2067 1268 2123 et
1288 2058 1383 2121 blanci
1405 2075 1516 2121 nomen
1538 2074 1635 2138 prae·
1677 2017 1693 2068 p
1826 2039 1831 2052 ⁸

264 2167 375 2230 lerunt.
406 2167 488 2229 Inter
510 2164 575 2228 illas
599 2162 717 2243 aliquod
741 2160 835 2224 luisse
858 2158 1019 2224 discrimen
1042 2161 1211 2224 orationum
1229 2167 1261 2221 ct
1273 2158 1540 2233 caeremoniarum,
1556 2173 1635 2236 quae

269 2275 367 2330 tamen
390 2267 421 2327 in
444 2265 578 2328 eamdem
601 2262 794 2338 sententiam,
822 2259 1020 2340 eumdemque
1043 2259 1131 2322 linem
1161 2259 1350 2339 conspirant,
1380 2256 1636 2336 animadvertitur,

267 2353 298 2428 ιιι
322 2368 401 2428 inter
422 2365 561 2441 Latinae,
584 2361 622 2424 de
646 2361 754 2443 quibus
778 2358 919 2424 diximus:
943 2358 1024 2422 aliud
1046 2375 1167 2440 quoque
1188 2358 1268 2420 inter
1290 2356 1356 2420 illas
1378 2364 1409 2419 et
1432 2355 1525 2444 Syros
1547 2362 1638 2419 vete-

268 2484 336 2544 res,
367 2473 429 2526 tum
455 2462 678 2544 Aegyptiacos,
712 2467 743 2522 et
772 2459 913 2540 reliquas.
964 2459 1175 2522 Verumtamen
1206 2457 1304 2520 statim
1334 2457 1495 2520 collatione
1521 2457 1639 2532 illarum

268 2567 415 2642 instituta,
440 2579 544 2625 omnes
568 2580 606 2623 ex
630 2560 735 2623 eodem
759 2559 842 2620 tonte
864 2557 1015 2640 prodiisse
1044 2556 1230 2622 manifestum
1261 2563 1325 2634 est,
1352 2557 1393 2618 ita
1422 2564 1456 2619 ιιι
1484 2556 1639 2640 Liturgiac

270 2663 440 2728 Orientales
463 2660 543 2725 nulla
567 2668 712 2740 excepta,
737 2659 860 2721 Graecis
883 2675 968 2720 suam
990 2656 1122 2722 debeant
1146 2657 1304 2740 originem.
1342 2655 1512 2719 Orthodoxi
1535 2659 1640 2738 quiin

269 2762 396 2825 Oriente
419 2767 597 2842 supersunt,
625 2757 782 2821 hlelchitae
804 2757 899 2839 uulgo
922 2756 1080 2838 appellati,
1105 2756 1250 2820 Graecam
1271 2756 1439 2820 Ecclesiam
1462 2765 1494 2820 ut
1515 2765 1640 2822 matrem

270 2868 452 2944 agnoscunt:
484 2867 514 2922 et
536 2858 733 2936 Antiochen,
762 2866 795 2919 ιιι
825 2857 1088 2938 hierosolymitani
1116 2865 1147 2920 et
1174 2855 1389 2936 Alexandrini,
1424 2875 1491 2921 cum
1520 2857 1639 2921 Graece

270 2980 356 3024 sacra
378 2959 507 3036 iaciunt,
530 2976 590 3022 non
614 2957 680 3020 aliis
703 2956 969 3020 sacramentalibus
992 2956 1077 3020 libris
1100 2964 1240 3036 utuntur,
1270 2975 1359 3038 ιιιιιιιιι
1381 2958 1432 3038 qui
1454 2956 1484 3019 in
1505 2956 1641 3020 Patriac-

271 3059 359 3123 cbatu
383 3057 714 3140 Constantinopolitano
736 3057 853 3137 recepti
874 3063 955 3120 sunt.
999 3057 1058 3131 Qui
1078 3056 1233 3138 Syriacam
1261 3057 1394 3138 linguam
1416 3058 1447 3119 in
1469 3060 1564 3122 sacris
1586 3077 1642 3122 re-

270 3162 404 3234 tinuere,
432 3157 538 3220 Jaccbi
566 3156 701 3238 Liturgia
731 3157 774 3219 uti
801 3154 917 3233 solent,
949 3173 1008 3218 nec
1036 3164 1096 3218 tam
1126 3156 1304 3237 multiplices
1335 3166 1521 3238 agnoscunt,
1552 3175 1640 3239 quam

269 3257 443 3334 Jacobitae,
475 3258 526 3338 qui
548 3274 644 3320 novas
667 3255 773 3318 multas
796 3255 997 3336 scripserunt,
1028 3273 1103 3337 quas
1133 3255 1238 3318 Latine
1268 3274 1308 3317 cx
1337 3257 1456 3338 optimis
1485 3257 1640 3320 codicibus

270 3361 482 3439 interpretatas
505 3356 581 3418 haec
604 3354 751 3418 Collectio
774 3360 993 3435 repraesentat.
1039 3353 1076 3416 Ut
1099 3373 1173 3416 vero
1197 3355 1366 3417 orationum
1388 3355 1583 3437 significatio,
1610 3362 1642 3418 et

270 3459 337 3538 ipsa
360 3473 457 3538 prope
479 3461 608 3519 omnium
630 3455 724 3518 verba
747 3473 787 3518 ex
809 3452 933 3516 Graecis
961 3453 1104 3535 Liturgiis
1133 3461 1229 3516 sumta
1256 3461 1342 3525 sunt,
1371 3454 1411 3517 ita
1439 3455 1565 3516 maxima
1594 3462 1642 3518 cst

273 3554 449 3635 disciplinae
473 3553 632 3618 similitudo
639 3574 648 3628 3
671 3561 882 3636 praeterquam
904 3553 935 3613 in
958 3551 1109 3616 nonnullis
1122 3570 1200 3634 quae
1215 3551 1385 3616 Orientales
1398 3554 1548 3636 ignorant,
1571 3555 1641 3634 quia

271 3655 424 3737 posterius
448 3654 617 3718 introducta
640 3653 767 3718 luerunt.

359 3751 398 3816 Ut
420 3754 512 3836 igitur
534 3771 552 3814 a
574 3753 805 3835 praeparatione
827 3753 1002 3834 incipiatur,
1031 3769 1068 3814 ea
1095 3749 1232 3834 pluribus
1262 3753 1461 3816 caeremoniis
1491 3744 1578 3834 quam
1609 3753 1640 3815 in
1687 3763 1851 3831 praeparatio
1868 3763 1901 3816 ad
1918 3762 1963 3814 tt-

275 3853 441 3918 Occidente
467 3849 633 3933 perficitur.
686 3850 759 3914 Cum
789 3852 868 3914 enim
903 3852 1065 3915 secundum
1096 3849 1292 3914 Orientalium
1322 3853 1527 3934 disciplinam,
1562 3870 1640 3933 quae
1653 3847 1963 3919 magiamcetebmndan.

276 3953 353 4036 apud
377 3971 432 4016 eos
455 3959 603 4032 perpetua
626 3948 787 4014 traditione
809 3949 1048 4030 commendatur,
1079 3950 1260 4015 Sacerdotes
1294 3969 1354 4016 non
1384 3949 1517 4034 quotidie
1540 3951 1642 4016 bitur·-

185 4133 190 4146 ·
275 4055 354 4136 giam
378 4051 548 4114 celebrent:
580 4051 666 4113 unica
695 4049 790 4113 semel
818 4052 849 4112 io
876 4048 925 4114 die
947 4051 1073 4134 singulis
1100 4051 1129 4112 in
1151 4048 1297 4114 Ecclesiis
1320 4049 1508 4130 celebretur,
1541 4021 1641 4134 neque

277 4151 426 4215 Sacerdos
448 4151 544 4213 sacris
567 4145 713 4231 operetur
735 4149 850 4229 absque
872 4148 1023 4228 binaeue,
1046 4150 1134 4214 thure
1157 4158 1187 4213 et
1209 4157 1316 4228 cantu,
1340 4169 1399 4232 quo
1422 4150 1454 4213 lit
1475 4161 1508 4215 ut
1529 4152 1642 4215 nostris

275 4251 376 4315 hlissis
399 4250 490 4314 multo
514 4249 552 4310 sit
573 4247 738 4329 prolixior:
761 4247 843 4310 illum
865 4248 917 4329 qui
938 4248 1102 4331 liturgiam
1124 4249 1331 4313 celebraturus
1354 4257 1400 4312 est
1421 4250 1507 4331 plura
1531 4250 1643 4314 obser-

277 4369 350 4414 uare
372 4357 510 4431 opertet,
533 4365 611 4428 quae
634 4355 695 4410 tum
717 4346 907 4422 canonibus,
930 4355 991 4412 tum
1013 4347 1179 4412 hitualibus
1201 4349 1458 4430 praescribuntur.

363 4447 514 4514 Sacerdos
537 4447 631 4529 Syrus
654 4465 721 4510 eam
742 4454 862 4510 noctem
886 4465 962 4529 quae
984 4448 1149 4530 liturgiam
1170 4449 1337 4530 praecedit,
1359 4449 1511 4532 vigilando
1534 4450 1564 4512 in
1578 4450 1642 4514 Ec·
1690 4453 1758 4515 Ouid
1775 4454 1857 4525 pridie
1870 4454 1964 4508 Sacer·

278 4548 386 4626 clcsia,
410 4554 460 4610 aut
481 4547 511 4608 in
534 4548 700 4610 secretario
724 4546 804 4610 ducit
826 4547 1006 4626 insomnem,
1036 4547 1221 4612 orationibus
1252 4555 1284 4612 et
1313 4565 1418 4611 sacrae
1440 4547 1562 4612 lectioni
1585 4567 1642 4612 va·
1656 4542 1730 4594 ⁶⁰2⁰·
1753 4541 1897 4596 ohservare
1919 4557 1966 4596 ⁸⁰·

278 4665 368 4727 cans,
402 4664 441 4710 nc
471 4664 528 4727 per
557 4647 703 4710 somnium
745 4644 874 4710 ludibrio
903 4647 1004 4727 aliquo
1031 4648 1258 4711 contaminetur.
1326 4647 1356 4711 Si
1383 4666 1511 4711 uxorem
1539 4627 1732 4724 habea¹⁰⁸¹¹i

278 4747 431 4811 abstinere
454 4745 491 4808 ab
515 4745 565 4809 illa
588 4745 678 4808 debet
700 4765 756 4828 per
774 4746 838 4810 dics
856 4745 985 4827 aliquot:
1002 4747 1159 4829 jejunasse
1172 4749 1260 4810 etiam
1278 4765 1410 4829 vespera
1427 4747 1642 4830 praecedente,

279 4854 329 4910 ιιιιι
351 4845 458 4910 saltem
480 4846 550 4907 vinc
573 4852 604 4908 et
625 4845 704 4908 omni
726 4845 843 4928 liquore
865 4862 925 4926 quo
949 4855 1038 4927 caput
1060 4847 1169 4916 tentari
1190 4854 1300 4927 potest,
1322 4846 1512 4912 abstinuisse.
1553 4847 1645 4911 Simi-

278 4945 338 5010 lem
359 4944 606 5009 consuetudinem
627 4945 658 5007 in
680 4945 817 5012 Ecclesia
840 4945 1037 5027 pernoctandi
1059 4951 1219 5028 antequam
1241 4946 1570 5030 Liturgiacelebretur,
1592 4948 1643 5010 vi·
