4712 6032
679 638 710 716 S.
738 637 996 717 cannensis
1022 638 1208 717 ROlllilll.
1553 639 1626 714 193

258 827 450 919 tationibus,
478 825 595 923 quibus
620 848 684 923 pcr
716 825 936 900 infirmitatem
970 828 1172 902 succumbat.
1225 827 1349 901 Libera
1381 851 1457 902 eam
1491 825 1628 902 afamc

258 967 390 1033 amara,
423 967 443 1015 a
478 947 689 1040 captivitate,
723 953 757 1016 et
788 941 997 1015 mortalitate.
1052 944 1104 1015 Da
1138 947 1235 1017 etiam
1270 944 1317 1016 illi
1350 953 1500 1041 tempora
1527 954 1626 1017 uan-

259 1060 369 1154 quilla,
396 1072 431 1132 et
457 1058 670 1145 abundantia,
696 1058 968 1153 praeclaramque
1003 1061 1092 1128 aeris
1119 1064 1333 1151 temperiem,
1370 1066 1522 1148 segetum
1549 1054 1627 1126 fru-

259 1183 435 1269 ctuumque
460 1184 672 1269 proventum,
699 1195 773 1243 curn
801 1169 1062 1242 accumulatione
1098 1175 1240 1244 omnium
1268 1170 1449 1260 bonorum3
1483 1174 1559 1266 quia
1593 1181 1629 1244 tu

258 1287 365 1362 bonus
394 1311 444 1380 es,
471 1299 506 1360 et
533 1311 634 1385 super
661 1309 777 1361 omnes
804 1287 943 1379 largiter
970 1285 1140 1359 effundens
1167 1310 1303 1360 munera
1325 1297 1392 1376 tua,
1419 1291 1629 1381 gratiamque

258 1413 346 1476 uram
373 1404 582 1500 dispensans,
609 1400 735 1499 tibique
761 1403 904 1497 gloriam
932 1411 965 1475 et
990 1407 1171 1495 gratiarum
1199 1407 1364 1477 actionem
1390 1403 1568 1478 ollerimus.

360 1521 523 1614 Populus.
576 1522 696 1592 Amen.

361 1613 539 1708 Sacerdos
565 1637 755 1708 inclinatur.
808 1637 977 1710 Memento
1010 1637 1154 1710 Domine
1187 1659 1302 1709 eorum
1339 1639 1454 1732 quiin
1482 1615 1628 1730 virgini-

260 1760 327 1826 tate
353 1775 438 1848 pure
464 1757 597 1842 vivunt,
625 1757 880 1846 conjugatorum
907 1761 1090 1839 castorum,
1118 1752 1342 1849 orphanorum
1374 1761 1408 1824 et
1441 1753 1629 1844 viduarum,

259 1858 442 1964 pauperum
469 1879 503 1941 et
529 1891 725 1962 egenorum,
752 1879 786 1941 et
812 1892 929 1942 eorum
956 1870 1009 1963 qui
1027 1866 1184 1962 adjuvant
1202 1867 1389 1941 Ecclesiam
1417 1879 1515 1942 tuam.
1541 1868 1627 1942 lllo-

260 2004 332 2054 rum
358 1985 458 2056 etiarn
494 1986 549 2079 qui
584 1983 705 2056 addicti
733 1994 809 2056 sunt
842 1985 1022 2057 ministerio
1057 1991 1266 2071 sanctorum,
1303 1994 1336 2056 ct
1369 1984 1529 2078 adjuvant
1559 2008 1628 2056 ne-

261 2101 451 2172 cessitatem
476 2104 655 2196 patientes:
683 2104 737 2197 qui
765 2100 906 2172 ollerunt
932 2099 1136 2188 oblationes,
1173 2110 1207 2172 et
1238 2100 1411 2197 praeclare
1439 2111 1627 2197 operantur.

362 2214 524 2308 Populus.
575 2217 681 2314 llyrie
708 2217 845 2290 eleison.

364 2328 540 2404 Sacerdos
566 2332 703 2404 elevans
734 2355 859 2404 vocem.
911 2331 955 2403 Et
981 2330 1103 2424 adjuva
1134 2354 1196 2427 per
1228 2332 1402 2404 dexteram
1437 2339 1527 2403 tuam
1558 2353 1628 2428 po-

262 2453 403 2534 tentem,
437 2446 662 2544 confirmaquc
696 2446 832 2520 brachio
868 2457 924 2520 tuo
951 2447 1045 2535 lorti,
1080 2469 1196 2522 omnes
1229 2451 1284 2544 qui
1317 2451 1351 2520 in
1382 2446 1537 2520 Ecclesia
1573 2456 1629 2520 tua

262 2570 376 2634 sancta
423 2559 595 2636 Catholica
643 2575 678 2636 et
718 2563 917 2659 Apostolica
960 2572 1123 2660 perpetuo
1168 2560 1356 2636 oblationes
1399 2564 1557 2652 ollerunt,
1597 2572 1631 2635 et

261 2681 442 2751 memoriae
469 2689 660 2753 sanctorum
686 2691 815 2753 tuorum
844 2681 1102 2768 communicant3
1141 2683 1195 2775 qui
1231 2680 1522 2778 eleemosynarum
1548 2679 1627 2750 iru-

261 2794 367 2868 ctibus
394 2817 523 2888 egenos
550 2794 756 2870 abundanter
783 2806 979 2884 sustentant,
1015 2806 1048 2867 et
1080 2795 1294 2888 indigentiam
1322 2797 1460 2893 explent
1494 2819 1628 2893 paupe-

261 2932 342 2984 rum.
396 2913 449 2984 Da
475 2911 539 2986 ibis
568 2910 800 2987 abunduntiam
826 2911 1011 3001 bonorum,
1037 2933 1099 3006 pro
1136 2912 1353 3008 dispositione
1386 2912 1534 2986 cordinm
1561 2936 1628 2987 eo-

263 3049 349 3100 nrm:
378 3039 412 3100 et
437 3050 500 3124 pro
528 3029 624 3102 donis
660 3027 914 3127 temporalibus,
955 3027 998 3100 da
1029 3027 1093 3098 illis
1129 3025 1330 3102 affluentiam
1363 3027 1629 3102 benedictionum

262 3143 494 3217 ditissimarum
522 3157 555 3218 et
580 3146 859 3220 inamissibilium:
888 3156 922 3217 et
947 3165 1010 3241 pro
1028 3145 1302 3238 possessionibus
1328 3166 1396 3218 non
1421 3169 1629 3241 permanen-

261 3259 370 3350 tibus,
404 3283 571 3356 praepara
606 3261 671 3334 illis
698 3261 835 3333 delicias
862 3261 999 3345 beatas,
1032 3268 1066 3332 et
1097 3258 1286 3332 mercedem
1318 3260 1630 3351 inconsumtibilem,

261 3387 296 3448 et
320 3399 458 3449 munera
486 3379 610 3449 amoris
637 3399 720 3470 erga
746 3377 905 3478 homines,
924 3378 988 3463 tui,
1023 3374 1180 3470 bonaque
1213 3373 1380 3448 uberrima
1414 3374 1628 3449 baereditatis

262 3501 358 3566 tuae:
385 3493 460 3587 quia
488 3502 521 3564 tu
547 3489 655 3566 bonus
683 3516 733 3582 es,
761 3504 794 3566 ct
820 3493 915 3566 dives
947 3495 982 3563 in
1008 3491 1218 3579 muneribuS,
1254 3490 1436 3586 largusque
1467 3491 1629 3564 donorum

263 3617 409 3679 tuorum:
436 3619 470 3679 et
496 3606 553 3679 tibi
579 3608 720 3701 gloriam
749 3620 783 3681 et
808 3613 990 3703 gratiarum
1017 3609 1181 3680 actionem
1208 3607 1384 3680 oderimus.

365 3723 526 3816 Populum.
579 3725 697 3797 Amen.

367 3838 542 3912 Sacerdos
568 3841 759 3914 inclinatos.
794 3842 964 3916 Memento
981 3843 1124 3914 Domine
1146 3833 1161 3876 ³
1187 3840 1318 3934 Regum
1346 3841 1630 3930 orthodoxorum,

263 3954 306 4029 da
332 3955 397 4030 illis
425 3957 600 4029 victoriam
628 3957 670 4029 de
696 3961 835 4031 inimicis
862 3962 943 4048 suis,
971 3967 1005 4029 et
1030 3959 1152 4031 virtute
1179 3962 1396 4055 omnipotenti
1423 3971 1479 4031 tua
1505 3956 1630 4030 robora

266 4071 353 4162 illos,
382 4082 415 4143 ct
441 4095 533 4146 arma
560 4071 672 4146 illos..
1083 4161 1086 4168 λ

368 4188 517 4260 Elccoas
549 4212 674 4261 ccccm.
728 4189 869 4263 Ordines
906 4192 1005 4262 etiarn
1037 4191 1191 4274 militiae.
1227 4194 1342 4286 copias
1377 4189 1534 4277 bellicas,
1569 4191 1631 4260 vi-

264 4327 387 4400 resque
413 4327 603 4398 regnorum,
631 4328 717 4402 quae
743 4307 803 4379 sub
828 4309 911 4398 jugo
939 4309 1120 4396 servitutis,
1147 4309 1256 4380 crucis
1292 4318 1367 4378 tuae
1399 4309 1547 4378 victricis
1573 4309 1631 4377 in-

265 4421 439 4509 clinantur,
466 4433 500 4494 et
526 4425 656 4515 signum
683 4425 841 4515 unigeniti
865 4423 941 4494 Filii
967 4426 1014 4496 tui
1040 4431 1169 4512 teuent,
1204 4434 1358 4518 tanquam
1385 4445 1477 4495 arma
1504 4421 1631 4510 salutis,

266 4536 388 4630 adjuva
415 4549 449 4610 et
475 4536 571 4610 salva
597 4539 747 4610 Domine.
789 4539 1044 4633 Conjurationes
1071 4542 1218 4632 gentium
1244 4542 1447 4611 inimicarum
1474 4540 1632 4635 disperge

267 4661 300 4724 et
325 4654 464 4749 dissipa:
497 4677 603 4746 regna
635 4654 796 4750 prolana,
839 4665 872 4726 ct
911 4655 1072 4728 haereses
1113 4659 1231 4751 impias
1269 4658 1450 4750 comprime
1491 4654 1631 4727 dextera

267 4780 321 4842 tua
348 4773 491 4865 potenti:
518 4768 639 4844 bebeta
664 4771 808 4863 gladium
836 4781 983 4860 acutum,
1019 4794 1063 4842 ne
1095 4773 1261 4843 immineat
1295 4772 1482 4844 cervicibus
1515 4775 1632 4864 gregis

266 4888 326 4958 tui:
354 4908 533 4982 compesce
560 4891 782 4982 captivitates,
810 4886 952 4975 caedes,
979 4897 1013 4959 et
1038 4886 1125 4960 bella
1158 4911 1177 4960 a
1204 4885 1332 4983 populis
1369 4896 1403 4958 et
1428 4885 1632 4961 haereditate

267 5009 337 5075 tua:
371 5024 480 5098 neque
513 5006 658 5098 aspicias
691 5005 895 5098 iniquitatem
922 5026 1037 5077 corum
1072 5006 1127 5099 qui
1160 5005 1363 5095 unigenitum
1393 5002 1512 5078 Filium
1543 5015 1632 5076 tuum

268 5116 428 5191 dividunt:
462 5120 523 5193 sed
555 5119 756 5216 reliquorum
788 5131 975 5212 memento,
1011 5124 1066 5216 qui
1097 5122 1240 5192 retinent
1268 5118 1366 5194 fidem
1398 5117 1630 5209 orthodoxam,
