4728 6028
737 571 811 648 122
1111 570 1723 650 casstvnrtottts

734 757 915 837 pronunciat
935 755 1048 837 aliquot
1070 756 1223 818 orationes
1245 757 1486 839 praeparatorius
1508 755 1547 818 ad
1568 757 1815 822 communionem
1857 757 2097 843 lnAegyptiaco

734 857 795 918 ritu
817 855 967 920 Sacerdos
989 853 1147 917 celebrans
1169 855 1238 918 loco
1259 874 1320 919 uon
1341 875 1377 918 se
1398 863 1515 932 movet;
1537 855 1607 918 dum
1628 857 1734 920 abradis
1755 859 1920 920 sententiae
1942 860 2096 923 orationes

735 963 856 1018 secreto
877 955 994 1017 recitat.
1020 953 1105 1026 Quae
1126 961 1225 1017 autem
1245 955 1391 1035 particula
1413 966 1510 1024 trum
1533 957 1600 1017 sive
1621 967 1745 1025 tttt'ttm
1767 958 1921 1019 Gomon-o
1942 957 2007 1020 sive
2029 959 2097 1020 Gn-

735 1063 854 1116 mon-to
876 1060 1015 1126 vocatum
1038 1069 1074 1114 ea
1097 1059 1144 1114 est
1165 1071 1253 1133 quam
1274 1052 1474 1116 Alexandrini
1488 1053 1598 1118 Graeci
1614 1045 1806 1134 Στιουδικόν,
1829 1056 1888 1119 boc
1910 1056 2094 1120 estAwrro-

734 1141 823 1215 :ab
843 1153 952 1234 supple
973 1150 1070 1230 σῶμα
1089 1149 1221 1214 Arabice
1243 1152 1410 1216 scribentes
1432 1153 1611 1229 lsbodicon,
1640 1154 1690 1216 vel
1717 1155 1879 1218 inindicari
1899 1165 2027 1233 vocant,
2056 1156 2096 1219 de

736 1270 796 1332 qua
807 1269 887 1314 voce
899 1251 1039 1332 superius
1051 1249 1195 1314 diximus:
1217 1250 1325 1332 Neque
1337 1270 1398 1314 uua
1418 1251 1484 1314 sola
1506 1253 1601 1334 major
1621 1272 1697 1334 prae
1720 1253 1797 1329 aliis,
1818 1271 1897 1336 quae
1909 1254 2095 1332 elevabatur,

735 1357 768 1414 et
788 1350 901 1432 populo
922 1349 1075 1414 adoranda
1097 1349 1321 1426 ostendebatur,
1342 1370 1383 1412 ex
1405 1369 1463 1432 qua
1484 1352 1573 1414 etiam
1589 1351 1668 1414 calix
1682 1352 1868 1434 signabatur,
1890 1351 2095 1434 sacerdosque

735 1449 982 1527 communicabat,
1004 1449 1059 1510 sed
1082 1449 1158 1510 aliae
1179 1449 1325 1512 minores:
1346 1451 1387 1512 ita
1409 1459 1568 1526 vocantur,
1589 1468 1657 1512 nam
1678 1451 1759 1513 illam
1779 1467 1886 1512 vocem
1905 1451 2014 1532 plurali
2035 1469 2094 1514 nu-

735 1568 820 1612 mero
843 1547 961 1611 Arabes
984 1556 1140 1627 usurpant,
1163 1556 1196 1610 ut
1217 1548 1276 1610 boc
1296 1547 1366 1611 loco
1388 1548 1458 1630 Syri
1477 1547 1612 1613 alteram.
1748 1591 1758 1610 .

820 1647 897 1711 Dum
926 1650 1124 1710 communicat
1153 1647 1303 1712 Sacerdos
1332 1647 1403 1710 dicit
1432 1649 1616 1724 orationem,
1645 1666 1733 1729 mam
1763 1666 1869 1726 nemo,
1896 1650 1954 1712 ulai
1982 1649 2095 1712 realem

735 1750 1011 1812 transmutationem
1038 1746 1162 1809 firmiter
1191 1746 1309 1823 credat,
1337 1748 1435 1826 possit
1462 1749 1674 1828 pronunciare.
1719 1747 1752 1808 ln
1780 1749 1906 1810 vetastis
1934 1747 2094 1811 codicibus

735 1865 795 1910 nou
807 1849 999 1928 reperiuntur
1011 1847 1165 1908 orationes
1179 1845 1302 1921 similes,
1324 1844 1405 1925 qnod
1426 1847 1465 1908 ad
1485 1845 1637 1926 publicum
1660 1848 1767 1925 minus,
1789 1866 1878 1928 quam
1899 1847 1939 1909 ad
1948 1850 2094 1929 privatum

734 1947 907 2010 Sacerdotis
935 1945 1077 2027 mysteria
1104 1947 1155 2026 pie
1183 1945 1374 2024 suscipientis
1397 1944 1530 2008 Ollicium
1557 1947 1743 2026 pertineant:
1773 1963 1873 2028 neque
1901 1949 1980 2010 enim
2007 1947 2097 2009 aliter
2213 1955 2219 1968 ·

734 2065 823 2128 qnam
831 2047 969 2127 privatim
982 2045 1156 2128 recitantur,
1173 2052 1204 2107 et
1217 2044 1325 2107 casola
1333 2047 1448 2108 rab'one
1457 2047 1486 2108 in
1495 2048 1561 2127 ipsa
1569 2062 1657 2108 sacra
1664 2046 1782 2109 actione
1791 2047 1889 2109 locum
1897 2064 1958 2109 non
1974 2045 2094 2120 babent,

734 2147 805 2209 utin
816 2145 939 2208 Graecis
950 2145 1101 2228 liturgiis,
1117 2144 1288 2207 autLatinis
1302 2145 1482 2222 missalibus,
1504 2164 1562 2208 nec
1584 2145 1697 2208 idcirco
1719 2149 1797 2227 perit
1808 2147 1924 2208 illarum
1939 2148 2094 2208 autoritas.

733 2246 807 2308 Nam
829 2247 860 2307 in
880 2244 972 2306 Libro
994 2244 1151 2307 llinisterii
1172 2244 1326 2307 Diaconici
1349 2245 1493 2326 Syrorum
1513 2245 1727 2324 lacobitarum,
1749 2254 1780 2309 et
1802 2248 1832 2308 in
1848 2246 2094 2309 Nestorianorom

734 2344 846 2408 Olciis
871 2351 903 2406 ut
931 2343 963 2404 in
991 2361 1030 2406 eo
1056 2343 1138 2424 quod
1165 2343 1274 2406 Gracci
1300 2350 1411 2406 vocant
1438 2333 1653 2407 &comaclen
1679 2343 1739 2429 τῆς
1760 2334 1857 2427 ιῖγίας
1876 2331 2095 2428 μεταλὴψιιιις

732 2444 835 2506 Rotam
856 2442 1201 2506 :comcommaoaouis
1221 2450 1253 2504 et
1273 2461 1385 2524 paa-
1407 2442 1488 2521 alibi,
1511 2443 1588 2506 tales
1611 2445 1765 2506 orationes
1787 2453 1959 2506 occurrunt.
1988 2444 2094 2507 Dicent

676 2607 677 2610 ,
732 2543 863 2606 fortasse
884 2541 1034 2605 nonnulli:
1055 2543 1242 2604 recentiores
1265 2560 1332 2604 cum
1353 2543 1428 2618 sint,
1455 2544 1644 2605 autoritatem
1665 2542 1781 2604 illarum
1803 2543 1912 2606 nullam
1934 2563 2021 2620 esse,
2042 2544 2093 2607 vel

732 2643 929 2706 mediocrem:
952 2649 983 2702 at
1004 2643 1093 2703 etiam
1113 2642 1142 2703 si
1162 2641 1205 2702 ita
1226 2641 1316 2716 soret,
1338 2641 1444 2704 saltem
1465 2642 1543 2719 illas,
1565 2641 1771 2705 Ecclesiamm
1785 2643 1865 2723 apud
1887 2662 1963 2725 quas
1985 2645 2016 2706 in
2037 2661 2093 2706 usu

732 2740 865 2820 luemnt,
891 2749 1020 2822 suntque
1042 2742 1212 2819 etiamnum,
1234 2739 1321 2802 fidem
1341 2750 1577 2822 repraesentare
1599 2741 1706 2824 negari
1728 2759 1790 2804 non
1811 2749 1932 2822 posset,
1954 2741 2035 2823 quod
2056 2743 2094 2805 ad

734 2839 852 2904 Claudii
878 2838 1076 2903 divinaticm
1104 2837 1285 2902 refellendas
1315 2839 1433 2902 abunde
1459 2839 1574 2904 sufficit.
1620 2840 1681 2904 Sed
1709 2841 1827 2903 novitas
1849 2840 1899 2904 illa
1920 2849 2095 2918 sexcentos,

732 2948 766 3003 ut
791 2940 956 3018 minimum,
985 2957 1081 3002 annos
1108 2948 1248 3020 superat:
1275 2957 1343 3001 cm
1369 2940 1450 3002 inter
1477 2958 1587 3021 preces
1610 2940 1679 3002 ibas
1705 2957 1765 3002 uua
1787 2941 1826 3003 sit
1847 2959 1925 3022 quac
1948 2941 2093 3022 Dionysio

731 3039 877 3102 Sarsalibi
906 3039 1061 3114 tribuitur;
1090 3039 1214 3100 vivebat
1242 3047 1340 3102 autem
1365 3037 1417 3101 ille
1446 3055 1513 3101 cnm
1539 3039 1648 3101 Franci
1670 3040 1886 3121 Hierosolymis
1911 3041 2094 3123 regnabam,

732 3148 763 3203 et
784 3140 862 3202 illius
884 3141 990 3202 aetatis
1006 3139 1240 3219 comparatione,
1264 3157 1367 3201 omncs
1388 3137 1628 3202 Reformatorem
1650 3138 1788 3202 doctrina
1809 3146 1841 3202 et
1862 3139 2017 3220 disciplina
2039 3159 2094 3202 re-

732 3240 922 3303 centissimae
943 3247 1021 3302 sunt.
1050 3238 1124 3301 llam
1146 3255 1268 3319 quoque
1289 3239 1456 3318 reperimus
1478 3239 1508 3300 in
1530 3239 1622 3301 variis
1645 3237 1801 3301 codicibus
1823 3238 2004 3320 adscriptam
2025 3256 2093 3300 curu

736 3340 850 3403 autoris
873 3337 987 3422 elogio,
1009 3338 1089 3401 uude
1113 3337 1249 3402 omnibus
1270 3338 1425 3419 probatam
1446 3337 1526 3398 illam
1549 3337 1642 3400 foisse
1664 3345 1792 3401 constat.
1823 3337 1959 3401 Alteram
1971 3337 2095 3400 inscruit

730 3441 788 3521 ipsi
810 3437 962 3522 Liturgiae
984 3438 1150 3500 Dioscorus
1173 3436 1400 3518 Gordyaeorum
1420 3435 1601 3519 Episcopus,
1625 3455 1721 3518 aeque
1740 3437 1966 3519 significantem
1988 3437 2092 3519 Neque

731 3537 807 3602 baec
829 3557 847 3601 a
867 3538 979 3600 Latirris
1002 3539 1142 3618 accipere
1161 3535 1317 3599 tacebitne
1340 3535 1409 3618 Syri
1430 3544 1609 3617 potuerunt,
1636 3536 1755 3618 quarmo
1782 3535 1901 3618 quidem
1922 3537 1999 3602 tales
2020 3555 2092 3600 ora-

732 3641 830 3703 tiones
852 3655 911 3701 non
933 3637 1094 3713 babemus,
1116 3654 1174 3698 nec
1196 3635 1256 3697 ulla
1277 3635 1446 3700 interillos
1469 3644 1500 3697 ct
1522 3645 1644 3698 nostros
1666 3635 1801 3698 homines
1827 3634 1886 3698 illis
1908 3635 2091 3718 temporibus

733 3739 899 3802 communio
921 3744 972 3798 aut
993 3736 1122 3798 societas
1145 3735 1327 3812 intercessit,
1352 3741 1383 3798 ut
1404 3735 1473 3798 alibi
1495 3737 1569 3798 satis
1590 3735 1749 3816 probatum
1771 3743 1827 3798 est

816 3838 926 3901 Postea
947 3836 979 3897 in
1001 3835 1113 3898 Codice
1136 3831 1328 3910 Colbertinc,
1350 3836 1487 3916 sequitur
1508 3835 1722 3916 Mysteriorom
1751 3834 1939 3909 distributio,
1967 3833 2005 3896 de
2033 3847 2091 3914 qua

732 3937 935 4013 caeremonia,
964 3943 997 3997 ut
1019 3934 1189 4012 notissima,
1217 3931 1289 3995 nibil
1312 3935 1505 4018 singulariter
1526 3935 1760 4017 praescribitur:
1787 3933 1882 3996 verba
1905 3941 2016 3997 tanturn
2036 3951 2091 3994 re-

730 4036 884 4114 feruntur,
907 4054 984 4116 quae
1006 4032 1156 4098 Sacerdos
1178 4032 1337 4096 celebrans
1359 4041 1429 4096 tunc
1450 4036 1639 4118 pronunciat.
1683 4035 1728 4096 lbi
1749 4036 1850 4097 statim
1877 4036 2009 4096 occurrit
2030 4050 2091 4095 vox

731 4136 801 4214 illa,
831 4134 869 4197 dc
897 4152 956 4215 qua
984 4134 1111 4195 diximus
1145 4143 1267 4200 anunm
1298 4132 1480 4211 damnato,
1515 4153 1592 4214 quae
1620 4135 1781 4215 perspicue
1803 4151 1907 4196 sacras
1928 4129 2090 4213 particulas

731 4235 880 4298 hocloco
903 4234 1060 4318 significat.
1104 4232 1178 4294 Nam
1200 4231 1346 4295 Barsalibi
1367 4236 1439 4297 satis
1462 4252 1528 4296 eam
1550 4234 1699 4314 explicat,
1726 4233 1796 4296 dum
1818 4235 1859 4296 ita
1879 4239 1968 4295 vocat
1995 4232 2092 4311 parti-

732 4334 828 4400 culam
851 4352 928 4414 quae
951 4333 1037 4396 calici
1058 4332 1236 4395 immittitur:
1266 4332 1339 4394 alias
1369 4350 1447 4413 quae
1478 4333 1516 4396 ad
1543 4335 1779 4394 communionem
1806 4331 2090 4394 Ecclesiasticorum

731 4435 845 4516 primae
868 4433 1019 4516 dignitatis
1041 4440 1236 4494 reservantur
1257 4440 1288 4494 et
1310 4433 1439 4495 minores
1462 4451 1539 4515 quae
1561 4432 1745 4512 praebentur
1761 4429 1875 4493 Laicis:
1898 4429 2090 4511 Margaritam

732 4551 852 4617 quoque
873 4539 978 4608 vocat,
1001 4549 1078 4612 quae
1099 4549 1162 4593 vox
1183 4549 1286 4594 sacras
1307 4532 1470 4612 particulas
1498 4531 1663 4614 significat,
1693 4539 1821 4612 utraque
1845 4547 1902 4612 per
1929 4527 2090 4607 Metaplno-

732 4653 807 4696 ram.
850 4632 918 4693 Vox
946 4629 1070 4712 Syriaca
1100 4640 1223 4699 amator
1245 4629 1392 4710 duplicem
1423 4631 1581 4713 originem,
1612 4638 1768 4711 utramque
1788 4628 1857 4693 stilo
1875 4629 2088 4693 Ecclesiastico

731 4733 924 4806 familiarem,
946 4730 1057 4792 habere
1078 4737 1190 4810 potest.
1233 4730 1319 4793 Prior
1340 4739 1387 4792 est
1408 4730 1625 4811 simplicissima
1655 4728 1783 4792 deducta
1811 4729 1927 4792 scilicet
1954 4747 1970 4790 a
1993 4726 2088 4790 verbo

732 4845 812 4912 tm,
836 4829 934 4912 quod,
961 4837 994 4891 ut
1022 4829 1185 4909 llebraice,
1219 4829 1261 4892 ita
1282 4829 1371 4892 etiam
1393 4828 1517 4911 Syriaco
1539 4829 1688 4911 significat
1709 4829 1788 4892 inter
1819 4829 1892 4907 alia,
1921 4828 2089 4902 absoluere,

732 4949 955 5005 maiore,
980 4929 1133 5008 perficere.
1182 4927 1229 4991 Eo
1265 4929 1435 5012 significatu
1471 4928 1636 4991 timorato
1667 4928 1747 4991 idem
1780 4930 1838 4991 erit
1874 4946 1911 4991 ac
1941 4928 2089 4991 Graecum

731 5023 885 5104 τελέωσις
904 5028 956 5092 vel
976 5018 1105 5114 τελετή,
1126 5029 1234 5110 quibus
1255 5027 1382 5092 vocibus
1405 5025 1513 5090 Gracci
1535 5028 1727 5114 Sacramenta
1749 5044 1846 5092 novae
1868 5026 1964 5110 legis,
1994 5043 2090 5107 prae·
