4784 6040
562 474 676 551 BEAll
701 470 838 550 Jtcttsst
862 473 1102 553 llllERPllllTlS
1128 473 1299 553 EPISGOPI
1324 476 1515 556 EDESSENI.
1647 477 1723 551 3⁷5

351 679 455 752 usqrre
483 656 525 730 ad
550 659 635 733 fines
662 669 772 746 terrac
798 658 996 733 habitabilis.
1051 657 1273 734 Confirmetur
1298 685 1361 757 per
1386 662 1609 736 fortitudinem
1635 663 1723 735 hra-

350 771 412 844 chii
439 776 497 862 tui,
524 773 729 849 confortetur
754 798 816 872 per
842 778 997 849 virtutem
1024 779 1195 874 potentiae
1221 788 1309 865 tuae,
1336 777 1527 875 referatque
1553 777 1612 851 tihi
1638 778 1722 871 glo-

348 891 432 960 riam
459 900 493 962 et
517 889 649 964 laudem
677 892 838 988 simulque
864 895 1035 985 unigenito
1061 891 1147 966 Filio
1174 903 1232 965 tuo
1259 903 1294 965 et
1319 894 1455 989 Spiritui
1480 907 1536 969 tuo
1564 903 1692 969 sancto.

452 1005 628 1079 Sacerdos
654 1007 846 1079 inclinatur.
899 1006 944 1080 Et
969 1029 1030 1102 per
1056 1009 1161 1081 sclam
1188 1009 1451 1082 misericordiam
1478 1021 1581 1102 nram,
1608 1013 1724 1084 susci-

349 1125 445 1218 piens
472 1119 532 1194 has
566 1121 754 1196 oblationes
790 1145 836 1194 ex
870 1121 1020 1194 manibus
1054 1127 1138 1196 meis
1171 1122 1434 1220 peccatricibus,
1471 1147 1588 1198 eorum
1624 1129 1724 1197 etiam

349 1239 404 1332 qni
439 1247 640 1333 optaverunt
674 1237 796 1310 olleme
831 1246 865 1310 et
898 1237 1091 1310 facultatem
1123 1260 1192 1311 non
1223 1235 1427 1328 habuerunt,
1460 1249 1627 1312 memento
1661 1261 1724 1335 per

348 1353 609 1425 misericordiam
637 1365 736 1427 tuam.

452 1467 603 1539 hlecooa
628 1490 754 1540 uocem
807 1468 851 1541 Et
885 1490 1000 1542 eorum
1032 1473 1088 1564 qui
1114 1491 1189 1540 oum
1215 1469 1280 1542 fide
1306 1471 1440 1544 etzelo
1468 1470 1597 1544 ardenti
1622 1472 1723 1542 veri-

350 1586 439 1674 tatis,
466 1587 643 1681 primitias,
671 1584 839 1674 decimas,
865 1583 1053 1658 oblationes
1081 1594 1115 1657 et
1140 1584 1251 1674 dona,
1276 1584 1455 1659 Ecclesiae
1481 1597 1559 1658 tuae
1585 1596 1723 1657 sanotae

349 1711 507 1795 separant
541 1710 576 1772 et
604 1699 805 1792 largiuntur,
840 1703 963 1795 quique
993 1699 1250 1775 necessitatibus
1286 1710 1320 1771 et
1353 1703 1486 1798 inopiae
1526 1721 1722 1796 pauperum,

349 1815 553 1904 afflictorum,
581 1824 615 1887 et
639 1819 907 1912 persecutionem
929 1819 1120 1912 patientium
1143 1819 1399 1906 communicant,
1427 1820 1461 1888 in
1486 1815 1552 1890 hoc
1571 1826 1722 1912 tempora

349 1930 446 2025 hujus
473 1929 626 2006 sacrificii
652 1940 829 2004 memento.
883 1929 952 2004 Sed
978 1954 1089 2028 neque
1116 1934 1260 2027 suspiria
1286 1941 1321 2003 et
1342 1934 1485 2024 gemitus
1512 1953 1641 2020 eorum,
1668 1934 1724 2025 qui

349 2049 383 2118 in
410 2051 564 2139 angustia
591 2048 738 2142 spiritus,
766 2057 800 2119 et
824 2046 937 2120 cordis
965 2047 1141 2120 afflictione
1167 2056 1254 2136 sunt,
1280 2047 1435 2140 negligas
1459 2046 1620 2120 Domine:
1647 2048 1723 2138 quia

348 2173 383 2234 tu
409 2161 538 2249 beatus,
565 2165 688 2234 veniae
713 2162 856 2255 largitor
882 2172 916 2234 et
941 2161 1109 2236 hominum
1136 2172 1265 2234 amator
1291 2183 1343 2251 es,
1369 2161 1494 2258 tibique
1520 2161 1663 2253 gloriam
1690 2169 1724 2232 et

349 2277 480 2350 laudem
506 2276 693 2365 referimus,
720 2300 794 2350 cum
822 2281 993 2370 unigenito
1014 2277 1100 2350 Filio
1128 2288 1198 2368 tuo,
1225 2286 1260 2350 et
1285 2276 1410 2374 Spiritu
1436 2287 1565 2351 sancto.

451 2393 627 2465 Sacerdos
652 2394 843 2466 inclinetur.
897 2383 1066 2474 Memento
1099 2394 1243 2466 Domine
1282 2387 1295 2427 ⁷
1330 2391 1460 2485 Regum
1495 2392 1640 2465 fidelium
1667 2396 1724 2488 qui

219 2547 224 2556 ·
350 2510 507 2582 auxilium
534 2509 612 2580 dant
637 2507 814 2582 Ecclesiae
848 2521 925 2583 tuae
959 2518 1112 2596 sancme,
1147 2519 1181 2580 et
1218 2529 1332 2604 pugna
1363 2530 1426 2605 pro
1454 2513 1520 2600 ais,
1554 2521 1588 2582 et
1611 2509 1723 2601 judica

350 2647 485 2697 causam
512 2645 642 2714 eorum,
671 2622 834 2698 adversus
860 2627 1011 2698 inimicos
1040 2646 1168 2698 eorum.

452 2739 578 2810 Eleoot
603 2761 728 2810 ccccm
782 2739 826 2811 Et
858 2741 972 2836 lupos,
1005 2749 1105 2834 atque
1145 2751 1307 2835 tyrannos
1350 2744 1405 2836 qui
1438 2741 1537 2812 avide
1571 2739 1724 2813 frendent

350 2854 501 2929 dentibus
532 2866 648 2928 contra
673 2853 862 2928 Ecclesiam
896 2866 1001 2942 tuam,
1042 2864 1077 2925 ct
1109 2865 1227 2927 contra
1264 2875 1349 2927 oves
1381 2859 1498 2948 gregis
1532 2859 1578 2928 tui
1605 2861 1723 2948 sancti,

348 2971 453 3068 perde
480 2982 514 3044 et
540 2970 673 3066 dissipa.
728 2969 868 3043 Gladios
904 2973 1002 3043 etiam
1036 2973 1185 3043 sitientes
1219 2973 1416 3062 sanguinem
1443 2970 1650 3045 adorantium
1677 2985 1723 3064 te,

347 3109 469 3180 magna
495 3085 686 3159 fortitudine
711 3085 837 3158 brachii
871 3089 916 3158 tui
950 3084 1070 3157 habeta
1104 3095 1139 3157 et
1163 3085 1287 3180 parda,
1316 3085 1492 3180 confringe
1519 3099 1554 3160 at
1579 3087 1723 3185 repelle:

349 3203 495 3274 militiam
522 3223 655 3296 quoquc
681 3201 768 3273 illam
797 3223 883 3296 quae
910 3200 1060 3272 decertat
1091 3221 1154 3297 pro
1182 3199 1412 3274 aedificatione
1438 3201 1613 3277 Ecclesiae
1640 3208 1721 3276 uni-

349 3322 452 3412 geniti
477 3317 551 3390 Eilii
580 3320 643 3404 tui,
677 3319 799 3389 virtute
831 3327 886 3389 tna
919 3315 1135 3411 insuperabili
1163 3315 1321 3388 confirma
1354 3326 1389 3387 et
1415 3318 1554 3410 adjuva:
1583 3321 1659 3413 quia
1686 3331 1721 3391 tu

347 3434 531 3527 refugium,
558 3432 728 3522 salvator,
761 3443 796 3505 et
823 3433 954 3526 adjutor
980 3441 1096 3506 noster
1124 3454 1180 3519 es,
1208 3431 1332 3529 tibique
1358 3432 1501 3524 gloriam
1529 3442 1563 3503 at
1589 3433 1720 3505 laudem

350 3550 540 3638 referimus,
568 3557 602 3620 et
627 3551 797 3641 unigenito
824 3548 919 3621 Filio.
938 3559 994 3621 tuo
1023 3559 1056 3620 et
1082 3549 1218 3645 Spiritui
1244 3559 1311 3622 tuo.
1675 3641 1678 3650 ³

450 3663 628 3738 Sacerdos
659 3665 852 3736 inclinatae.
914 3664 969 3737 Ad
1010 3662 1132 3738 honam
1173 3666 1273 3736 etiam
1312 3668 1505 3738 memoriam
1540 3685 1721 3754 revocans,

348 3779 532 3877 Prophetas
555 3779 695 3868 electos,
715 3779 958 3852 revelationum
984 3782 1259 3873 investigatores:
1285 3788 1450 3852 memento
1471 3781 1640 3872 genitricis
1655 3778 1722 3849 Dei

347 3895 496 3986 Mariae,
531 3893 788 3990 Apostolomm,
824 3895 1029 3992 Martyrum,
1068 3894 1329 3984 Confessorum,
1369 3893 1546 3989 Stephani,
1581 3895 1721 3967 loannis

347 4011 528 4108 Baptistae,
556 4023 590 4083 et
616 4014 759 4082 omnium
787 4011 984 4084 Sanctorum
1013 4015 1069 4105 qui
1094 4037 1115 4084 a
1141 4010 1279 4084 saeculo
1305 4011 1501 4106 placuerunt
1527 4009 1593 4084 tibi.

450 4127 739 4198 Elecooaoocem.
767 4125 892 4199 Eorum
908 4130 962 4224 qui
975 4131 1175 4224 interpretes
1188 4125 1570 4222 fueruntmysteriomm
1584 4129 1721 4198 inscru-

347 4240 493 4314 tabilium
522 4242 778 4336 dispensationis
806 4245 966 4334 unigeniti
981 4243 1057 4314 Filii
1084 4246 1141 4331 lui,
1169 4244 1224 4337 qui
1250 4239 1445 4314 abscondita
1473 4253 1528 4314 tua
1554 4241 1721 4327 viderunt,

349 4362 403 4452 qui
429 4379 486 4430 res
513 4355 684 4429 abstrusas
712 4361 1003 4430 annuntiaverunt:
1041 4361 1096 4452 qui
1129 4355 1239 4430 futura
1271 4356 1518 4430 indicaverunt:
1554 4359 1608 4451 qni
1640 4377 1721 4429 ser-

348 4493 448 4544 mone
475 4473 625 4568 simplici,
653 4475 849 4569 sapientiam
878 4477 1063 4569 sapientum
1090 4473 1324 4546 confuderunt:
1352 4475 1407 4567 qui
1427 4476 1459 4544 in
1480 4476 1553 4568 ipsa
1569 4474 1723 4568 corporis

348 4586 536 4660 infirmitate
562 4589 699 4662 thronos
727 4611 844 4682 regum
879 4594 1060 4685 potentium
1094 4598 1225 4661 terrore
1259 4600 1518 4677 concusserunt,
1553 4599 1590 4660 ut
1624 4591 1722 4660 etiam

347 4725 463 4776 eorum
491 4707 546 4799 qui
574 4708 728 4777 cervices
755 4727 834 4777 suas
861 4705 1066 4778 tradiderunt
1091 4708 1264 4777 tormentis
1290 4712 1326 4776 et
1358 4703 1550 4796 doloribus,
1584 4711 1724 4800 propter

348 4840 469 4891 nomen
491 4831 580 4892 tunm
604 4831 773 4893 sanctum:
800 4842 916 4893 eorum
936 4824 991 4917 qui
1008 4820 1131 4893 mundo
1154 4832 1187 4893 et
1208 4823 1485 4915 concupiscentiis
1506 4825 1579 4915 ejus
1593 4838 1720 4891 remm-

349 4935 533 5029 tiaverunt,
567 4946 601 5009 et
627 4947 844 5009 cucurrerunt
874 4948 952 5033 post
977 4945 1159 5034 praecepta
1174 4936 1298 5010 Christi
1318 4939 1364 5010 tui
1382 4943 1548 5008 memento
1562 4935 1719 5020 Domine,
