4814 6060
760 707 838 782 490
1269 702 1628 780 LITURGIA

761 895 873 966 firmus
900 893 1008 966 iactus
1035 902 1107 990 est⁸¹
1150 894 1333 986 Postquam
1358 909 1443 961 vero
1472 887 1632 961 collectus
1660 898 1712 959 est
1738 908 1800 982 per
1813 891 2028 962 vocationem
2045 891 2138 964 Pro-

761 1009 933 1106 phetarum
960 1018 1108 1096 tuomm,
1136 1007 1263 1102 absque
1290 1003 1520 1076 consolatione
1551 1006 1752 1099 permansit:
1785 1013 1862 1075 tuno
1898 1027 1983 1078 vero
2018 1007 2137 1078 Filium

762 1135 851 1212 tuum
879 1124 1031 1195 dilectum
1066 1123 1108 1194 ad
1142 1126 1214 1215 ejus
1249 1121 1466 1192 directionem
1500 1118 1677 1210 diligenter
1710 1121 1835 1191 misisti.
1887 1119 1920 1192 Is
1954 1131 2064 1193 autem
2096 1121 2138 1193 ad

763 1239 1004 1314 similitudinem
1032 1249 1180 1310 nostrum
1207 1239 1347 1309 caritate
1373 1234 1548 1306 nobiscum
1565 1233 1743 1323 habitavit,
1770 1257 1956 1330 pacemque
1972 1240 2136 1310 sinceram

764 1357 797 1425 in
824 1358 917 1450 pacis
946 1351 1196 1450 susceptoribus
1224 1352 1401 1425 seminavit
1427 1361 1680 1445 permanenter,
1717 1359 1751 1420 et
1784 1371 1831 1422 ex
1867 1355 1983 1446 spiritu
2017 1350 2137 1446 purili-

764 1479 879 1558 caute,
907 1492 968 1564 per
995 1493 1070 1541 eum
1097 1469 1171 1540 illos
1199 1465 1387 1562 implevisti.
1440 1465 1490 1536 Illi
1518 1474 1627 1536 autem
1655 1469 1846 1538 universam
1873 1477 1996 1539 terrum
2013 1469 2137 1538 circui-

763 1596 902 1673 verunt,
931 1596 964 1656 et
991 1607 1090 1657 omne
1117 1582 1347 1678 quodcumque
1373 1583 1449 1675 paci
1477 1591 1549 1652 erat
1575 1585 1777 1652 contrarium
1804 1605 1850 1654 ex
1878 1605 1918 1654 ea
1933 1581 2137 1656 abstulerunt

764 1712 798 1771 et
814 1703 970 1795 ¹stirpitus
998 1699 1208 1786 evulserunt3
1235 1719 1352 1793 pacem
1380 1700 1479 1768 etiam
1512 1695 1664 1768 omnibus
1698 1719 1759 1792 per
1794 1709 1866 1770 eos‘
1891 1697 2135 1794 praedicavisti.

763 1815 836 1888 Nos
863 1837 948 1887 vero
976 1814 1126 1887 imbelles
1154 1823 1187 1884 et
1212 1821 1411 1908 peccatores
1439 1811 1658 1906 deprecamur
1683 1821 1735 1900 te,
1762 1823 1797 1883 ut
1831 1812 1917 1884 hanc
1949 1813 2136 1908 tranquilli-

763 1940 863 2001 tatem
890 1945 924 2004 et
949 1953 1068 2025 pacem
1094 1934 1127 2001 in
1155 1926 1327 2001 animabus
1353 1931 1475 1998 uostris
1509 1929 1711 2015 constituas,
1745 1911 1781 1998 ut
1814 1939 1963 2000 amanter
1995 1939 2030 2000 et
2064 1951 2135 2000 eum

764 2045 939 2117 dilectione
966 2069 1053 2140 quae
1079 2057 1111 2117 te
1138 2044 1272 2131 deceat,
1306 2042 1543 2138 amplectamur
1575 2065 1638 2114 nos
1671 2045 1832 2131 invicem,
1870 2043 1998 2139 absque
2031 2043 2136 2116 dissi-

764 2161 834 2233 dio:
862 2163 1003 2253 gloriam
1032 2185 1118 2256 quae
1152 2159 1210 2232 tibi
1237 2159 1393 2246 debetur,
1429 2170 1463 2229 et
1498 2157 1619 2230 dilecto
1656 2155 1741 2231 Filio
1776 2170 1833 2232 tuo
1867 2160 2072 2251 referemus,
2105 2170 2137 2230 et

764 2276 898 2372 Spiritui
925 2287 1042 2349 sancto
1069 2299 1173 2364 nunc,
1202 2284 1265 2346 etc.

868 2393 1031 2484 Populus.
1084 2395 1203 2465 Amen.

868 2507 1052 2578 Sacerdos.
1106 2507 1190 2578 Pax.

866 2622 1028 2714 Populus.
1080 2621 1224 2694 Etcum
1252 2623 1367 2716 spiritu
1393 2630 1460 2691 tuo.

865 2736 1055 2808 Diaconuu
1108 2738 1175 2809 Det
1200 2758 1317 2831 pacem
1346 2738 1581 2830 unusquisqne.

866 2851 1051 2924 Sacerdos.
1103 2853 1243 2926 Praesta
1269 2853 1388 2942 nobis,
1416 2863 1478 2923 etc.

866 2969 1055 3040 Diaconos.
1108 2970 1209 3057 Post,
1236 2979 1298 3040 etc.

794 3151 799 3162 ,
866 3085 1029 3178 Populus.
1084 3084 1208 3158 Coram
1235 3097 1278 3157 te.

866 3200 1051 3273 Sacerdos.
1104 3201 1321 3291 Benedictus,
1348 3212 1382 3274 et
1407 3199 1669 3286 benedicendus,
1699 3211 1732 3272 et
1763 3198 1881 3272 beatus
1915 3204 1946 3271 in
1982 3203 2132 3274 omnibus

764 3339 817 3407 es,
845 3319 901 3410 qui
927 3320 1058 3390 vocasti
1084 3339 1169 3407 uos,
1196 3329 1230 3389 ct
1256 3318 1422 3390 adduxisti
1450 3316 1491 3388 ad
1508 3314 1749 3388 similitudinem
1766 3315 1942 3409 quamdam
1961 3321 2018 3405 tui,
2046 3340 2133 3410 qna-

763 3432 827 3504 lem
856 3437 997 3506 terrenis
1028 3455 1130 3504 carne
1162 3434 1282 3505 indutis
1314 3432 1439 3505 babere
1473 3431 1567 3520 licet,
1604 3454 1679 3503 cum
1714 3440 1831 3503 natura
1859 3425 1961 3527 'prae‘
1982 3433 2133 3504 omnibns

762 3548 1015 3642 simplicissima.
1074 3547 1124 3620 Τιι
1157 3551 1259 3640 igitur
1291 3551 1466 3622 etiamnum
1499 3549 1642 3620 Domine
1675 3547 1786 3635 Deus,
1821 3551 1876 3641 qui
1908 3548 2059 3621 adoraris
2092 3549 2132 3621 ab

763 3665 935 3754 omnibus,
962 3675 1039 3743 tene
1067 3685 1128 3736 nos
1156 3674 1253 3735 entra
1281 3685 1380 3736 omne
1406 3667 1522 3735 ruinae
1547 3662 1729 3759 perieulmu
1758 3663 1898 3736 dextera
1932 3674 1987 3736 tua
2020 3668 2132 3736 omni-

763 3783 908 3876 potenti,
936 3791 970 3851 et
996 3779 1138 3850 benedic
1164 3779 1321 3875 populum
1349 3790 1437 3852 tuum
1465 3782 1520 3874 qui
1546 3801 1633 3850 nnnc
1660 3777 1835 3851 inclinatus
1862 3791 1914 3851 est
1947 3803 2063 3853 coram
2090 3791 2134 3864 te,

762 3899 854 3968 mitte
880 3893 944 3966 illis
971 3917 1108 3966 munera
1138 3894 1298 3967 donorum
1327 3906 1457 3968 tuorum
1484 3895 1680 3968 divinorum.
1733 3895 1787 3966 Da
1814 3894 1878 3968 illis
1904 3897 2064 3984 Domine,
2098 3907 2134 3966 ut

762 4023 998 4107 permanenter
1023 4033 1123 4080 unum
1151 4013 1272 4082 sintin
1301 4021 1349 4098 te,
1378 4011 1505 4105 absque
1530 4009 1597 4082 ulla
1624 4008 1806 4082 divisione:
1840 4021 1875 4081 ut
1909 4010 2134 4083 indeficienter

763 4127 982 4199 confiteantur
1008 4127 1086 4213 tibi,
1114 4135 1147 4197 et
1172 4128 1343 4217 unigenito
1371 4127 1458 4198 Filio
1484 4137 1540 4197 tuo
1568 4137 1602 4218 et
1628 4125 1765 4221 Spiritui
1792 4134 1847 4197 tuo
1877 4139 2004 4200 sancto.

866 4242 1028 4334 Populus.
1080 4243 1200 4314 Amen.

865 4359 1051 4430 Sacerdos.
1104 4357 1212 4430 Aufer
1237 4359 1381 4430 Domine
1409 4381 1428 4428 a
1456 4357 1716 4450 cogitationibus
1748 4367 1781 4429 et
1812 4356 1975 4431 mentibus
2010 4361 2133 4430 nostris

762 4495 879 4545 omnes
906 4473 1026 4546 sordes
1053 4472 1217 4544 maculam
1242 4472 1423 4544 inferentes
1450 4472 1622 4546 animabus
1649 4477 1794 4564 nostris,
1829 4481 1863 4545 et
1896 4474 1938 4545 da
1969 4473 2066 4547 nobis
2098 4485 2135 4545 ut

761 4597 872 4660 mente
898 4611 982 4683 pura
1009 4599 1134 4662 stemus
1161 4611 1274 4660 coram
1302 4598 1345 4659 te.
1398 4589 1540 4684 Depelle
1566 4591 1664 4661 etiam
1692 4612 1712 4660 a
1739 4587 1836 4660 nobis
1854 4610 1969 4662 omnes
1986 4591 2134 4661 immun-

762 4705 858 4776 ditias
885 4707 1065 4799 iniquitatis
1093 4715 1127 4776 et
1158 4707 1308 4799 peccati,
1343 4725 1408 4776 nos
1442 4727 1526 4776 vero
1563 4709 1596 4775 in
1629 4708 1718 4776 omni
1752 4705 1901 4796 religiosi
1937 4707 2063 4776 timoris
2099 4715 2151 4777 et·

761 4823 977 4892 castimoniae
1005 4843 1132 4911 genere
1159 4821 1340 4909 confirma,
1366 4842 1409 4891 ne
1436 4823 1597 4892 inornatis
1624 4830 1658 4891 et
1684 4819 1814 4892 incultis
1841 4817 2005 4891 mentibus
2020 4843 2133 4915 appa-

759 4957 893 5006 reamus
927 4957 1041 5006 coram
1075 4946 1128 5024 te,
1167 4935 1233 5007 boc
1265 4946 1416 5029 tempore
1451 4946 1486 5006 et
1517 4933 1669 5007 omnibus
1704 4934 1820 5008 diebus
1853 4939 1945 5007 vitae
1980 4947 2134 5008 nostrae:

759 5071 878 5120 verum
904 5049 1049 5120 mundati
1077 5048 1118 5120 ab
1146 5054 1237 5121 omni
1268 5053 1412 5144 nequitia
1449 5073 1537 5144 quae
1564 5050 1690 5122 alienos
1729 5073 1749 5121 u
1784 5059 1818 5120 te
1851 5049 1973 5140 iaciat,
2008 5061 2136 5122 stemus

760 5166 927 5253 animose,
955 5187 1031 5235 cum
1058 5167 1262 5238 conscientia
1290 5165 1458 5260 impolluta
1486 5187 1600 5238 eoram
1629 5165 1747 5239 throno
1776 5165 1956 5240 divinitatis
1986 5177 2074 5256 tuae,
2102 5177 2140 5238 et
