4730 6038
762 576 840 650 274
1264 581 1622 662 irrorata

762 770 890 826 aetatem
919 763 1035 826 illarum
1065 764 1266 828 determinare
1295 775 1543 847 aggressusest.
1586 768 1699 830 Verum
1722 766 1915 831 Ortb'odoxos
1937 785 1999 844 non
2020 766 2127 848 luisse,

761 862 813 942 qui
834 882 872 926 ea
893 871 1059 943 uterentur,
1083 865 1112 924 in
1135 881 1194 945 qua
1217 863 1359 943 Severus,
1381 865 1575 945 Philoxenus,
1596 867 1713 947 Petrus,
1737 865 1899 948 Gnapbeus
1922 865 2048 946 scilicet,
2070 867 2127 930 Ja-

761 962 917 1043 cobusque
940 961 1104 1026 Baradatus
1126 964 1206 1026 inter
1227 971 1349 1027 sanctos
1371 973 1656 1046 commemorantur,
1679 967 1791 1030 certius
1815 974 1863 1030 est
1884 983 1974 1047 quam
1995 973 2029 1028 ut
2050 983 2128 1046 pro-

759 1061 881 1124 batione
902 1061 1046 1144 indigcat.
1090 1063 1255 1126 Maronitae
1284 1063 1376 1146 igitur
1404 1063 1473 1128 dum
1501 1067 1588 1129 istam
1613 1067 1671 1130 sibi
1692 1065 1920 1130 vindicaverunt
1941 1065 1973 1128 in
1994 1062 2129 1128 Romana

760 1161 911 1239 editione,
937 1162 1067 1243 majores
1089 1179 1161 1226 suos
1184 1162 1216 1224 in
1237 1162 1358 1224 haeresi
1378 1162 1579 1228 Jacobitanmr
1601 1165 1696 1230 fuisse
1717 1167 1827 1230 incauti
1845 1163 2054 1248 prodiderunt,
2077 1171 2128 1228 aut

758 1258 865 1322 saltem
888 1277 1030 1322 summam
1052 1262 1243 1354 imperitiam,
1266 1260 1335 1324 dum
1357 1261 1527 1327 haereticos
1550 1265 1785 1329 anathematibus
1808 1264 2009 1330 Consiliorum
2030 1279 2127 1344 repe-

758 1361 819 1422 titis
840 1361 1046 1441 proscriptos,
1080 1361 1157 1422 inter
1186 1359 1312 1424 coelites
1334 1369 1547 1441 reposuerunt.
1591 1363 1697 1428 Severi
1720 1363 1839 1446 quidem
1862 1381 1972 1426 nomen
1993 1360 2127 1425 sustule-

758 1468 838 1539 runt,
860 1460 916 1523 sed
938 1460 1012 1524 alios
1034 1460 1230 1541 reliquerunt,
1253 1477 1314 1522 non
1336 1461 1433 1523 minus
1455 1460 1613 1526 damnatae
1635 1482 1724 1545 quam
1745 1463 1796 1526 ille
1817 1462 1996 1540 memoriae,
2018 1460 2126 1542 quibus

758 1579 826 1624 cum
848 1560 932 1622 llaro
954 1562 986 1623 in
1008 1559 1184 1640 quibusdam
1206 1559 1360 1623 codicibus
1378 1558 1533 1640 adjunctus
1554 1563 1734 1643 reperiatur,
1757 1580 1864 1625 vanam
1885 1579 1955 1624 esse
1978 1560 2125 1623 sanctita-

758 1661 797 1724 tis
826 1659 904 1723 illius
933 1661 1119 1742 opinionem,
1149 1660 1187 1722 de
1215 1676 1275 1739 qua
1303 1665 1462 1740 tantopere
1483 1662 1671 1725 recentiores
1692 1662 1847 1742 laborant,
1870 1661 1939 1724 binc
1961 1659 2034 1724 lieet
2055 1661 2125 1724 exi-

758 1764 893 1828 stimare.

866 2025 901 2094 7.
943 2023 1008 2109 Oui
1032 2046 1135 2116 saper
1161 2023 1374 2093 adamantem
1399 2021 1501 2092 Petri
1523 2023 1757 2116 fundaverunt
1782 2022 1897 2093 domos
1921 2020 2014 2114 fidei.

857 2216 993 2293 Locurro
1010 2226 1147 2308 ambigua
1170 2232 1217 2288 est
1238 2227 1264 2287 si
1287 2224 1381 2288 verba
1404 2225 1604 2290 tandummodo
1627 2225 1829 2289 attenduntur.
1875 2224 1907 2289 si
1931 2225 2011 2288 enirn
2033 2239 2124 2304 pres-

756 2334 818 2396 sius
852 2331 1059 2411 explicentur,
1087 2329 1266 2392 vertendum
1294 2330 1352 2390 erit
1379 2347 1474 2408 snpra
1504 2331 1697 2392 manantem
1721 2331 1890 2410 pestem,
1921 2345 1998 2410 quae
2028 2326 2124 2389 verba

755 2434 935 2497 sententiam
965 2429 1114 2511 duplicem
1144 2429 1262 2491 edicere
1292 2445 1390 2508 aeque
1419 2438 1556 2510 possunt
1601 2430 1697 2493 Prima
1727 2438 1775 2492 cst
1804 2436 1839 2491 ut
1860 2427 2048 2511 significetur
2070 2441 2124 2488 eos

745 2533 943 2610 aedificasse,
965 2552 1021 2596 seu
1043 2533 1207 2596 instituisse
1218 2532 1372 2594 Ecclesias
1394 2549 1485 2612 supra
1507 2530 1621 2592 firmam
1644 2537 1771 2611 petram,
1795 2547 1862 2590 cum
1884 2526 1965 2589 nulla
1987 2526 2026 2588 sit
2049 2523 2125 2587 ada·

755 2638 854 2693 manle
876 2632 980 2694 durior
1002 2640 1052 2693 aut
1074 2630 1212 2693 solidior:
1237 2631 1349 2709 altera,
1372 2649 1465 2711 super
1487 2629 1671 2693 adamantem
1692 2628 1790 2704 Petri,
1820 2627 1886 2690 site
1914 2626 2027 2688 firmam
2057 2624 2123 2706 ejus

755 2730 860 2808 iidem,
888 2750 996 2812 nempe
1025 2731 1186 2794 referendo
1216 2732 1293 2794 banc
1320 2731 1524 2812 metaphoram
1555 2730 1592 2791 ad
1621 2727 1693 2790 illud
1724 2727 1765 2790 lic
1792 2746 1825 2789 cs
1852 2725 1961 2788 Petmas
1983 2731 2015 2786 et
2034 2743 2126 2803 saper

755 2828 835 2890 banc
859 2839 980 2910 petram
1009 2831 1177 2910 aedificabo
1206 2830 1375 2892 Ecclesiam
1401 2849 1507 2896 mam.
1554 2829 1715 2909 Utrumque
1741 2825 1984 2908 frequentissime
2013 2822 2124 2906 legitur

755 2926 787 2988 in
809 2926 1005 2992 Orientalium
1026 2929 1185 3011 liturgiis,
1217 2937 1248 2993 et
1276 2929 1341 2992 aliis
1370 2927 1497 3009 Officiis,
1527 2947 1595 2992 cum
1622 2928 1661 2992 dc
1688 2928 1768 2991 Petri
1790 2927 1919 2990 Primatu
1935 2941 2003 3016 pon
2026 2924 2123 2985 minus

756 3025 932 3092 Ortbodoxe
955 3031 1102 3106 sentiant,
1131 3049 1218 3110 quam
1241 3028 1396 3092 Catholici
1439 3029 1572 3110 Utraque
1594 3028 1775 3112 significatio
1797 3026 1835 3090 ad
1857 3025 1935 3089 idem
1957 3024 2122 3088 reducitur.

842 3129 968 3210 Reliqua
989 3129 1100 3192 nullam
1122 3129 1305 3212 singularem
1327 3128 1571 3192 observationem
1592 3128 1774 3192 desiderant.

1181 3404 1732 3454 ψ
1897 3355 1906 3396 t

1188 3731 1684 3912 irruatur

977 4049 1351 4168 slucar
1421 4043 1907 4167 ¹citamur.

1237 4255 1359 4376 Oratio
1386 4311 1466 4375 anie
1491 4303 1629 4374 Pacem.

831 4509 1015 4582 Sacerdos.
1068 4483 1228 4588 Douros
1255 4509 1348 4582 Deus
1374 4513 1565 4584 misericors
1591 4519 1726 4598 sancte,
1753 4519 1788 4580 ct
1814 4507 2036 4600 omnipotens,
2065 4508 2120 4601 qui

755 4647 793 4698 es
820 4648 902 4722 pax,
929 4627 1158 4722 tranquillitas,
1185 4630 1320 4716 caritas,
1347 4624 1497 4714 dulcedo,
1524 4629 1681 4716 castitas,
1713 4632 1747 4696 el
1779 4622 1926 4696 bonitas:
1960 4619 2061 4691 Pater
2087 4629 2120 4691 et

754 4743 916 4815 Dominus
944 4746 1086 4816 omnium
1114 4747 1169 4840 qui
1195 4766 1314 4839 pacem
1341 4741 1496 4836 diligunt:
1531 4751 1665 4838 praesta
1698 4740 1797 4813 nobis
1824 4748 1859 4809 ut
1890 4737 1980 4834 pleni
2007 4733 2118 4807 bumi-

752 4857 854 4948 litate,
882 4868 916 4930 et
942 4883 1016 4955 spe,
1043 4872 1142 4956 atque
1169 4863 1202 4931 in
1228 4859 1294 4932 lide
1320 4882 1402 4933 vera
1430 4856 1630 4940 confirmati,
1657 4877 1788 4928 necnon
1814 4857 1847 4927 in
1875 4851 2036 4949 spirituali
2062 4855 2117 4938 tui,

753 4985 788 5046 et
813 4985 922 5049 mutua
941 4976 1117 5051 dilectione
1134 4979 1291 5073 proximi,
1316 4979 1460 5048 invicem
1479 4973 1726 5070 amplectamur,
1739 4953 1801 5069 per
1812 4968 2046 5044 abundantiam
2061 4968 2116 5039 di-

751 5091 904 5166 lectionis
932 5115 1018 5186 quae
1044 5103 1097 5167 est
1122 5091 1290 5190 plenitudo
1315 5091 1402 5185 legis
1428 5100 1522 5178 luae,
1555 5099 1591 5161 ut
1624 5093 1728 5164 simus
1761 5087 1819 5162 tibi
1845 5087 1901 5160 filii
1927 5083 2116 5181 banquilli-
