4782 6068
649 664 892 742 BDATORUM
922 658 1258 743 ArosTtttottttt
1292 678 1341 741 oe.
1600 661 1672 738 591

309 859 473 931 suavitate
500 853 703 947 eloquiorum
732 863 859 924 tuorum
887 851 1136 924 delectaremur.
1170 850 1214 923 Et
1238 873 1347 926 voces
1367 851 1498 944 gloriae
1524 860 1557 923 et
1583 873 1674 923 con-

308 972 464 1046 fessionis
491 969 651 1042 divinitati
677 978 754 1040 tuae
781 967 910 1041 sublimi
938 989 1072 1065 semper
1097 967 1272 1040 referimus
1298 970 1453 1042 Domine.

412 1087 506 1158 Alia.
561 1083 711 1158 Christus
737 1084 830 1158 Deus
856 1094 989 1176 noster,
1017 1084 1195 1174 Dominus,
1221 1084 1315 1174 Rex,
1342 1083 1492 1158 salvator
1518 1094 1552 1157 et
1578 1087 1674 1156 uivi-

308 1206 425 1278 ficator
451 1212 578 1290 noster,
604 1205 666 1298 per
692 1204 831 1294 gratiam
859 1224 952 1276 suam
979 1201 1098 1294 dignos
1124 1200 1204 1275 fecit
1228 1221 1292 1273 nos
1319 1201 1521 1298 suscipiendi
1551 1223 1674 1298 corpus

309 1325 398 1415 ejus,
426 1322 686 1413 sanguinemque
713 1321 786 1412 ejus
812 1321 992 1415 pretiosum
1020 1325 1055 1389 et
1081 1321 1189 1390 omnia
1217 1317 1492 1391 sanctificantem:
1518 1321 1593 1414 ipse
1621 1317 1677 1390 det

308 1436 407 1510 nobis
433 1446 469 1508 ut
494 1435 684 1532 placeamus
710 1433 767 1518 illi,
793 1433 922 1525 verbis,
948 1432 1117 1530 operibus,
1144 1431 1400 1526 cogitationibus
1425 1443 1459 1506 et
1482 1433 1578 1507 lactis
1605 1455 1676 1508 no-

308 1555 398 1642 stris,
426 1550 511 1624 adeo
537 1560 573 1623 ut
596 1553 716 1646 pignus
742 1549 829 1622 istud
856 1550 945 1646 quod
971 1552 1173 1645 accepimus,
1199 1553 1242 1622 sit
1265 1548 1364 1622 nobis
1391 1549 1434 1622 ad
1454 1553 1587 1622 veniam
1607 1548 1674 1621 de-

309 1668 479 1755 lictorum,
511 1669 742 1740 remissionem
777 1676 1006 1762 peecatorum,
1039 1677 1073 1739 et
1104 1689 1200 1762 spem
1233 1687 1388 1758 magnam
1419 1668 1675 1740 resurrectionis

310 1809 330 1858 a
350 1785 498 1871 mortuis,
515 1785 683 1878 vitamque
696 1789 827 1856 'novam
851 1793 885 1856 et
901 1805 1018 1856 veram
1036 1787 1070 1854 in
1094 1805 1202 1875 regno
1221 1780 1406 1872 coelorum,
1428 1806 1501 1854 cum
1523 1781 1675 1856 omnibus

310 1905 364 2000 qui
392 1922 504 1975 coram
533 1922 574 1971 ec
601 1896 810 1996 placuerunt:
842 1921 904 1995 per
935 1903 1076 1993 gratiam
1109 1902 1182 1992 ejus
1215 1909 1249 1972 et
1273 1901 1505 1974 miserationes
1539 1903 1611 1993 ejus
1642 1901 1690 1969 in·

309 2016 454 2093 saecula.

412 2131 546 2204 Diebus
563 2129 772 2202 ordinariis.
817 2131 967 2204 Laudem
993 2132 1145 2219 Domine,
1171 2131 1345 2222 bonorem,
1372 2131 1615 2205 consessionem
1645 2142 1679 2205 et

309 2251 491 2341 gratiarnm
530 2250 694 2320 actionem
728 2245 888 2321 debemus
924 2248 1053 2321 referre
1085 2248 1238 2321 Trinitali
1271 2259 1349 2321 tuae
1383 2246 1574 2341 gloriosae,
1613 2271 1676 2344 pro

310 2363 397 2436 dono
424 2366 658 2460 mysteriorum
684 2372 816 2437 tuorum
841 2373 1043 2452 sanctorum,
1071 2387 1157 2460 quae
1183 2363 1301 2438 dedisti
1326 2361 1425 2437 nobis
1448 2363 1489 2437 ad
1509 2369 1677 2461 propitia-

308 2483 432 2553 tionem
459 2479 653 2552 delictorum
679 2489 887 2572 nostrorum,
912 2482 1056 2555 Domine
1083 2485 1237 2553 omnium.

410 2595 505 2668 Alia.
560 2594 759 2668 Benedictus
786 2601 829 2670 sit
853 2597 962 2672 bonor
994 2607 1068 2671 tuus
1095 2596 1306 2688 adorandus,
1333 2619 1380 2668 ex
1405 2595 1481 2669 loeo
1509 2607 1565 2669 tuo
1591 2595 1676 2688 glo-

308 2715 401 2786 rioso
429 2710 579 2802 Christe,
604 2714 803 2807 propitiator
835 2713 1029 2788 delictorum
1062 2722 1272 2804 nostrorum,
1298 2723 1580 2810 peccatorumque
1606 2735 1676 2786 no-

311 2839 466 2918 strorum,
494 2831 616 2925 quique
642 2826 753 2902 aufers
780 2833 983 2927 insipientias
1000 2841 1134 2904 nostras
1148 2853 1210 2926 per
1235 2831 1394 2925 mysteria
1414 2839 1470 2902 tua
1489 2827 1677 2926 praeclara,

309 2957 436 3032 saneta,
465 2944 599 3017 vivilica
628 2953 661 3015 et
687 2943 818 3018 divina:
852 2943 1003 3019 Christus
1036 2968 1116 3043 spes
1141 2957 1280 3018 naturae
1305 2954 1455 3037 nostrae,
1482 2966 1616 3041 semper
1642 2954 1678 3016 et

308 3059 514 3135 insaecula.
566 3060 686 3133 Arnen.

651 3334 869 3428 Obaipootio,
896 3360 956 3409 ceu
981 3335 1098 3407 ultimo
1123 3335 1338 3407 Benedictio.

412 3527 574 3599 Dominus
600 3533 716 3598 noster
741 3523 842 3597 Jesus
869 3524 1020 3601 Christus
1054 3527 1107 3597 cui
1132 3527 1406 3612 ministravimus,
1434 3545 1532 3620 quem
1559 3525 1675 3598 sensi-

310 3665 382 3716 mus
409 3651 443 3715 et
468 3641 706 3715 honoravimus
733 3645 767 3712 in
793 3645 960 3739 mysteriis
987 3645 1056 3715 suis
1082 3641 1280 3739 praeclaris,
1308 3643 1443 3730 sanctis,
1469 3641 1675 3714 vivificanti·
1784 3644 1786 3650 ’

308 3757 371 3830 bus
399 3769 433 3831 et
459 3758 592 3848 divinis,
619 3758 738 3850 dignos
766 3760 839 3852 ipse
866 3781 928 3830 nos
955 3759 1075 3830 elliciat
1100 3756 1208 3850 gloria
1231 3757 1403 3854 splendida
1430 3761 1526 3849 regui
1553 3760 1614 3845 sui,
1642 3767 1676 3830 et

310 3873 433 3947 laetitia
460 3896 534 3945 cum
559 3874 701 3966 Angelis
728 3877 796 3948 suis
824 3878 967 3965 sanctis,
999 3884 1033 3947 et
1068 3873 1111 3946 ad
1145 3872 1375 3947 confidentiam
1408 3895 1523 3948 coram
1551 3895 1614 3964 eo,
1640 3884 1676 3946 nt

310 4002 434 4063 stemus
461 3990 503 4062 ad
530 3993 608 4092 ejus
631 3989 813 4063 dexteram.
867 3991 910 4063 Et
936 4013 1037 4086 super
1054 3993 1351 4083 congregationem
1370 4001 1516 4063 nostram
1532 3993 1676 4062 univer-

310 4129 382 4180 sam
408 4109 639 4179 miserationes
666 4115 699 4177 et
725 4106 951 4180 misericordia
978 4109 1051 4200 ejus
1077 4117 1238 4204 perpetuo
1266 4099 1488 4194 ellundantur,
1522 4127 1610 4180 nunc
1643 4115 1678 4179 et

310 4243 456 4319 semper,
482 4224 515 4294 ia
543 4220 688 4296 saecula.

711 4498 847 4571 Diebus
871 4497 1063 4570 Dominicis
1088 4503 1124 4569 et
1149 4499 1273 4570 Fectio.

414 4681 492 4784 Ipse
519 4689 572 4783 qui
599 4685 769 4759 benedixit
794 4709 858 4760 nos
885 4686 1036 4762 omnibus
1061 4671 1346 4761 benedictionibus
1358 4684 1501 4782 Spiritus
1527 4687 1561 4756 in
1587 4705 1677 4757 coe-

310 4799 362 4890 lis,
389 4825 452 4898 per
476 4803 591 4875 Jesum
625 4801 789 4876 Christum
820 4795 995 4878 Dominum
1029 4811 1196 4894 nostrum,
1231 4811 1266 4875 et
1296 4805 1512 4899 praeparavit
1542 4823 1606 4875 nos
1633 4802 1676 4874 ad

310 4939 450 5011 regnum
478 4942 582 5006 suum,
608 4922 810 5016 vocavitque
835 4943 898 4993 nos
925 4921 968 4993 ad
992 4920 1081 4994 bona
1108 4916 1354 5008 desiderabilia,
1380 4941 1466 5022 quae
1488 4941 1553 4992 nec
1579 4919 1677 4992 desi-

311 5043 402 5123 nunt,
428 5057 492 5108 nec
518 5045 668 5130 pereunt,
695 5037 780 5108 siout
805 5035 969 5132 pollicitus
1003 5045 1055 5112 est
1087 5035 1183 5109 nobis
1217 5035 1250 5107 in
1275 5034 1464 5128 Evangelio
1491 5057 1553 5109 suo
1579 5039 1676 5109 vivi-

311 5148 441 5240 licante,
470 5150 618 5248 dixitque
632 5154 886 5244 congregationi
900 5151 1096 5227 benedictae
1113 5149 1357 5250 Discipulorum
1373 5174 1528 5229 suorum:
1552 5155 1676 5251 Amen,
