4728 6028
643 532 693 606 62
1017 532 1631 612 OBSERVATIONES

642 716 679 778 ad
703 725 877 780 ornamenta
899 717 1044 781 sumenda
1066 718 1191 780 eaedem
1212 726 1298 781 sunt:
1321 719 1415 782 scitur
1443 736 1537 801 porro
1560 717 1679 783 aliunde
1699 727 1742 782 'ex
1763 721 1837 801 ipsis
1861 719 2006 803 Syrorum

641 813 742 896 libris,
775 824 806 879 et
836 837 876 878 ex
898 817 1122 899 comparatione
1146 817 1322 897 disciplinae
1349 819 1533 902 reliquarum
1561 817 1766 882 Ecclesiamm
1796 819 1989 883 Orientalium
1996 838 2006 896 ;

643 913 825 978 Sacerdotes
856 922 886 977 et
919 914 1071 980 Diaconos
1101 917 1138 980 ad
1168 917 1323 979 ministerii
1356 915 1537 980 lunationem
1566 935 1627 980 non
1656 919 1822 997 accedere,
1858 923 1915 984 nisi
1938 937 2006 984 eom

641 1013 777 1078 vestibus
800 1015 904 1078 Ordini
926 1035 982 1079 suo
1006 1016 1261 1080 convenientibus.
1285 1017 1397 1080 Preces
1420 1019 1512 1100 igitur
1535 1035 1609 1097 quas
1623 1015 1752 1081 Codices
1775 1018 1817 1080 illi
1840 1019 2005 1101 assignant,

641 1115 679 1177 ad
702 1114 768 1177 illas
791 1115 967 1195 induendas,
990 1125 1148 1198 postquam
1172 1115 1272 1179 oblata
1294 1115 1332 1178 ad
1355 1115 1451 1179 altare
1473 1117 1554 1180 illata
1577 1124 1641 1192 est,
1675 1133 1730 1180 suo
1760 1117 1829 1181 loeo
1851 1135 1912 1180 non
1935 1135 2005 1182 esse

640 1215 755 1296 positas
778 1214 980 1298 intelligimus,
1004 1222 1094 1296 atque
1118 1215 1159 1276 ita
1182 1214 1220 1278 de
1243 1214 1377 1297 reliquls,
1402 1233 1468 1278 curn
1491 1233 1595 1328 pmnes
1619 1215 1656 1278 ad
1679 1233 1769 1278 unurn
1786 1217 1875 1278 ritum
1896 1216 2006 1280 relerri

639 1315 712 1377 satis
734 1311 929 1397 intelligatur.

1095 1574 1151 1645 De
1176 1574 1277 1686 Pone
1303 1575 1557 1648 Eraaboristico.

368 1803 442 1854 Pani·
459 1801 626 1856 Euchartntci
740 1787 793 1864 Dr
815 1815 852 1859 eo
875 1795 966 1858 multa
989 1795 1115 1859 diximus
1137 1797 1168 1858 in
1191 1794 1412 1860 Commentario
1435 1796 1473 1860 ad
1503 1795 1645 1878 Copticas
1667 1797 1818 1880 liturgias
1825 1819 1835 1875 ;
1858 1803 2004 1879 quaedam

318 1891 391 1940 varia
407 1889 516 1942 uomina.

351 3097 455 3164 Syriaca
474 3097 584 3153 divorsa.

640 1901 678 1964 ad
701 1900 794 1984 Syros
817 1901 944 1963 maxime
966 1900 1147 1982 pertinentia
1176 1900 1225 1963 bie
1252 1899 1429 1963 referemus.
1474 1899 1506 1962 ln
1537 1899 1640 1962 Odlcio
1668 1899 1781 1964 Romae
1808 1903 1908 1982 edito,
1936 1923 2004 1970 curn

639 2001 779 2064 rubricae
802 1999 952 2063 Arabicae
974 1999 1042 2078 sint,
1066 2007 1228 2080 usurpatur
1249 2018 1312 2062 vax
1334 2009 1441 2090 ymon:
1463 1997 1637 2075 Burscbun,
1667 2016 1744 2080 quae
1774 2001 1853 2063 inter
1875 2001 2006 2070 Christi-

642 2118 728 2182 anos,
751 2119 860 2182 panem
882 2097 1103 2163 consecrationi
1125 2097 1303 2160 destinatum
1326 2099 1492 2180 significat,
1523 2100 1658 2178 quava
1687 2099 1786 2162 rarior
1814 2101 1897 2164 vocis
1924 2104 2003 2170 illius

640 2219 712 2264 usus
735 2201 784 2280 sit,
806 2217 864 2261 nec
887 2197 937 2260 illa
960 2197 1052 2280 vulgo
1075 2199 1105 2259 in
1128 2198 1256 2279 antiquis
1279 2197 1362 2260 libris
1385 2200 1563 2279 reperiatur.
1608 2197 1737 2280 Etymon
1764 2207 1812 2261 sat
1841 2200 2002 2266 obscurum

640 2307 698 2376 est,
721 2299 776 2362 sed
799 2316 866 2360 curn
887 2296 967 2359 illam
989 2296 1183 2377 peregrinam
1204 2315 1274 2360 esse
1297 2305 1426 2376 constet,
1450 2295 1576 2360 lorrnata
1593 2304 1639 2359 est
1660 2297 1767 2378 procul
1783 2297 1873 2361 dubio
1890 2315 1907 2360 a
1924 2319 2003 2366 voce

640 2399 757 2461 Graeca
781 2382 923 2482 ἅπαρχὴ,
947 2413 1024 2477 quae
1047 2396 1078 2458 in
1100 2393 1232 2476 Copticis
1255 2395 1339 2459 libris
1363 2415 1456 2478 saepe
1494 2397 1640 2474 occurrit,
1670 2396 1874 2478 primitiasque
1903 2397 2003 2481 signi-

637 2498 721 2560 fieat:
746 2496 869 2559 Oblatas
892 2493 1061 2575 aliquando.
1095 2495 1212 2557 Vocurn
1233 2496 1328 2575 prima
1350 2495 1467 2577 syllaba
1482 2495 1703 2559 decurtatarum
1726 2495 1763 2557 ab
1788 2495 2002 2578 Orientalibus,

638 2594 777 2677 exempla
800 2595 892 2656 multa
914 2601 994 2672 sunt,
1016 2593 1144 2655 utillud
1166 2595 1283 2671 llolalo,
1306 2593 1387 2676 quod
1410 2601 1492 2658 extat
1521 2597 1552 2656 in
1579 2594 1674 2660 Scalis
1705 2594 2003 2677 Coptica-Arabicis,

637 2714 694 2778 pro
712 2681 919 2777 Εὕχολόγιον.
957 2715 978 2773 χ
994 2693 1143 2755 Graecum
1152 2692 1271 2756 Arabes
1287 2693 1529 2775 frequentissime
1550 2712 1608 2775 per
1629 2713 1716 2757 suum
1731 2695 1818 2756 rabia
1831 2697 2002 2776 exprimere

636 2793 746 2874 solent,
771 2795 811 2857 ita
833 2793 1017 2855 Scbartenio
1038 2793 1150 2868 dicunt,
1172 2811 1228 2875 pro
1251 2787 1442 2876 χειροτονία.
1486 2793 1675 2856 Saboroubin
1696 2810 1752 2875 pro
1781 2793 1949 2875 Cherubin,
1971 2804 2003 2860 et

639 2893 696 2957 alia
718 2911 780 2955 non
801 2910 907 2973 pauca.
951 2891 999 2954 Ex
1015 2892 1186 2956 accusativo
1209 2893 1301 2976 igitur
1323 2893 1458 2956 lecerunt
1475 2891 1628 2956 Borscbr'n
1649 2894 1719 2973 quia
1742 2893 1860 2956 literam
1882 2896 1922 2956 Π
1940 2912 2001 2960 non

637 2991 748 3056 habent
769 2991 897 3054 Arabes

725 3091 784 3156 Sed
807 3091 926 3153 nomina
950 3089 1074 3173 Syriaca
1095 3091 1181 3172 panis
1203 3089 1401 3154 Eucharistici
1423 3093 1506 3153 varia
1528 3100 1612 3154 sunt:
1636 3093 1786 3174 integrum
1809 3093 1928 3173 quidem
1945 3114 2002 3177 pa-

637 3213 707 3256 nem
729 3199 846 3282 tabbatp
868 3191 1031 3252 llourbono
1053 3199 1173 3268 vocant,
1196 3189 1393 3269 oblationem,
1415 3198 1449 3252 ut
1470 3192 1566 3254 nostri
1588 3189 1685 3254 Latini
1707 3198 1829 3254 veteres
1852 3193 2003 3273 Oblatum,

638 3293 747 3356 Graeci
773 3277 984 3376 Προςφορᾶνε
1013 3288 1172 3370 aliquando
1205 3288 1379 3372 simpliciter
1407 3301 1511 3358 arnna
1529 3274 1624 3358 dnn&
1650 3290 1764 3352 Ponam
1786 3291 2002 3356 &marmeno-

636 3412 704 3454 rnm
732 3391 797 3454 sive
826 3391 1035 3473 mysteriorum
1063 3398 1202 3457 montib
1229 3389 1351 3452 Purirto
1381 3401 1484 3482 ,mnep
1506 3391 1632 3467 llotato,
1662 3407 1739 3472 quae
1768 3408 1863 3454 voces
1894 3410 2002 3474 panem

638 3508 759 3572 quoque
781 3487 959 3574 significant,
984 3495 1014 3550 et
1036 3491 1132 3570 prima
1152 3488 1268 3552 illarum
1291 3491 1404 3573 legitur
1425 3491 1455 3552 in
1477 3491 1620 3553 versione
1632 3488 1763 3552 Actnum
1784 3489 2001 3572 Apostolorum

637 3608 664 3653 c.
688 3589 718 3652 2.
741 3608 771 3654 v.
794 3588 846 3652 Ad.
875 3588 925 3650 ubi
949 3585 1083 3652 Graecus
1114 3587 1220 3653 Codex
1246 3587 1337 3652 habet
1359 3579 1463 3676 ἔριον.
1491 3597 1523 3653 et
1551 3589 1651 3652 Lucae
1676 3588 1726 3652 ta.
1748 3588 1801 3654 42.
1835 3591 2002 3672 respondet

637 3690 705 3752 voci
727 3682 944 3775 Σιτομὲτριον.

724 3787 806 3852 llaec
829 3805 923 3868 porro
947 3786 1066 3848 nomina
1089 3787 1160 3850 Pani
1183 3788 1391 3851 consecrando
1419 3789 1544 3867 dantur,
1572 3795 1732 3870 antequam
1760 3788 1799 3850 ad
1829 3789 1922 3851 altare
1945 3791 2000 3852 in-

636 3887 769 3966 feratur,
806 3905 873 3949 narn
901 3887 952 3948 abi
981 3885 1104 3967 primam
1141 3885 1380 3950 benedictionem
1410 3889 1543 3968 aceepit,
1574 3887 1662 3950 aliter
1690 3896 1721 3950 et
1755 3887 1873 3968 quidem
1902 3888 2001 3952 miultis
2101 3877 2109 3888 ⁸

635 3987 804 4050 nominibus
842 3983 1020 4066 appellatur.
1069 3984 1242 4049 Nestoriani
1273 3987 1452 4068 praesertim
1487 3993 1596 4050 vocant
1625 3997 1727 4056 trabi:
1750 3989 2000 4069 prirnopenitam;

636 4086 783 4149 allusione
806 4083 885 4147 lacta
908 4084 946 4146 ad
975 4082 1124 4148 Christum
1146 4085 1377 4168 primogenitum
1399 4086 1494 4150 omnis
1517 4095 1691 4151 creaturae:
1724 4086 1773 4150 alii
1794 4079 1921 4168 Apama,
1966 4087 2000 4150 ln

635 4185 745 4249 Rituali
773 4182 965 4262 colbertino,
1000 4191 1032 4245 et
1058 4183 1153 4246 altero
1182 4183 1340 4249 Boderiani
1362 4192 1490 4250 vocatur
1511 4197 1606 4261 aare
1629 4186 1757 4266 sipillum
1779 4203 1834 4248 seu
1856 4180 2002 4270 Σφραγὶς

637 4293 688 4348 aut
710 4296 829 4359 renum
854 4281 934 4364 quod
957 4282 1035 4344 idern
1057 4291 1113 4346 est.
1158 4284 1219 4348 Sed
1240 4284 1278 4348 de
1307 4285 1428 4369 integra
1451 4283 1558 4349 Oblata
1580 4303 1642 4348 vox
1664 4285 1714 4347 illa
1737 4302 1797 4348 non
1820 4291 1866 4348 est
1887 4281 2001 4347 intelli-

636 4384 746 4467 genda.
791 4383 830 4446 Ut
851 4383 931 4446 enim
953 4380 1078 4462 Graeci,
1111 4383 1150 4445 ita
1175 4384 1260 4466 Syri,
1295 4402 1402 4466 panem
1430 4385 1525 4467 qualis
1558 4403 1650 4465 supra
1680 4385 1850 4465 descriptus
1878 4391 1942 4463 est,
1969 4382 2000 4444 in

636 4484 744 4548 multas
767 4491 870 4565 partes
893 4482 1037 4560 dividunt,
1060 4500 1184 4564 quarum
1205 4501 1265 4546 una
1286 4485 1382 4566 major
1404 4493 1467 4563 est,
1490 4492 1521 4546 et
1541 4485 1657 4563 media,
1684 4484 1889 4566 majoremque
1911 4500 2000 4564 quam

636 4584 773 4664 reliquae
800 4590 920 4666 partes,
955 4600 1075 4644 enicem
1104 4583 1278 4664 impressam
1309 4583 1408 4648 habet.
1454 4581 1527 4646 Cum
1557 4585 1635 4646 enirn
1661 4601 1721 4646 una
1754 4581 1868 4646 tantiam
1899 4581 1998 4643 crucis

636 4683 733 4765 figura
756 4682 794 4746 sit
816 4683 847 4744 in
869 4679 983 4744 Oblatis
1007 4680 1114 4744 Graeci
1135 4681 1221 4762 ritus,
1244 4683 1275 4745 in
1298 4682 1423 4765 Syriaco
1446 4692 1516 4746 sunt
1537 4683 1724 4764 multiplices.
1765 4683 1864 4764 Major
1885 4683 1916 4744 in
1932 4698 1999 4743 me-

638 4783 688 4847 dio
710 4783 794 4845 disco
817 4781 1000 4858 collocatur,
1028 4788 1059 4842 et
1087 4783 1221 4862 quamvis
1250 4781 1404 4846 divisionis
1431 4785 1462 4845 in
1490 4781 1653 4863 particulas
1682 4783 1794 4844 mentio
1825 4780 1905 4845 nulla
1938 4780 1998 4857 liat,

637 4881 717 4945 illam
740 4890 839 4945 tamen
861 4879 1017 4942 observari
1039 4881 1118 4961 apud
1140 4880 1233 4962 Syros
1261 4883 1382 4945 rubrica
1404 4889 1548 4962 testatur,
1571 4899 1638 4942 oum
1660 4881 1825 4962 praecipit,
1856 4898 1915 4962 qua
1945 4895 1999 4942 ra-

635 4982 718 5046 tione
748 4981 847 5065 sigilla
878 4979 935 5042 alia
964 4980 1079 5042 minora
1111 4981 1141 5043 in
1172 4981 1256 5045 disco
1288 4987 1516 5064 componantur.
1559 4978 1604 5043 lta
1634 4981 1712 5043 eninr
1742 4979 1839 5061 accipi
1866 4997 1927 5043 vox
1949 4978 1998 5040 illa
