4730 6038
764 588 840 664 306
1240 625 1242 630 ·
1336 586 1566 665 NOTAE

868 775 1029 868 Populos.
1081 771 1226 846 Etcum
1253 778 1369 870 spiritu
1395 785 1462 848 tuo.

869 892 1057 963 fflocoooa.
1109 891 1193 962 Post
1218 893 1493 965 communionem.

870 1007 1032 1101 Populos.
1087 1002 1211 1078 Coram
1238 1014 1282 1076 te.
2350 1033 2358 1390 p

869 1123 1053 1195 Sacerdos.
1105 1120 1347 1195 Adorationem
1374 1122 1539 1196 offerimus
1558 1121 1617 1195 tibi
1634 1123 1713 1195 Rex
1733 1133 1868 1212 sancte,
1894 1123 2039 1197 Domine
2064 1146 2133 1198 no·-

765 1251 835 1316 ster
860 1241 942 1312 lesu
976 1237 1127 1325 Christe,
1155 1241 1210 1333 qni
1245 1241 1437 1333 praestitisti
1473 1236 1570 1312 nobis
1603 1249 1639 1311 ot
1671 1243 1869 1314 misceretur
1907 1262 2031 1337 corpus
2062 1263 2132 1314 no-

766 1367 869 1428 strum
902 1358 1036 1451 corpori
1065 1365 1120 1428 tuo
1148 1363 1286 1443 sancto,
1320 1363 1354 1426 et
1379 1359 1516 1448 sanguis
1549 1366 1665 1428 noster
1699 1359 1850 1448 sanguim
1883 1367 1940 1428 tuo
1971 1361 2132 1453 pretioso.

765 1472 894 1546 ldoirco
923 1471 1099 1544 adoramus
1115 1474 1322 1562 majestatem
1350 1480 1456 1543 tuam:
1483 1469 1652 1545 laudamus
1671 1469 1876 1544 divinitatem
1893 1481 2000 1544 mam:
2027 1495 2133 1569 prae-

767 1589 912 1661 dicamus
940 1586 1185 1662 misericordias
1211 1597 1304 1659 tuas:
1330 1610 1399 1660 non
1426 1573 1621 1659 aberrantes
1640 1610 1660 1659 a
1680 1591 1822 1659 veritate
1835 1598 1900 1660 tna.
1953 1588 2133 1685 Depreca-

765 1728 840 1777 mur
867 1707 965 1777 etiam
992 1715 1025 1775 te
1051 1712 1087 1775 ut
1112 1700 1292 1774 benedicas
1319 1725 1381 1775 nos
1410 1724 1543 1796 omnes,
1569 1700 1854 1776 benedictionibus
1877 1708 1941 1777 tuis
1968 1704 2133 1778 eoelesti-

766 1820 846 1910 bus,
886 1829 919 1892 et
951 1817 1074 1893 liberes
1109 1840 1172 1891 nos
1209 1841 1228 1889 a
1262 1822 1433 1891 tormentis
1460 1841 1546 1914 quae
1578 1829 1778 1915 praeparata
1811 1831 1885 1894 sunt
1918 1821 2132 1917 operantibus

765 1938 862 2010 mala.
915 1939 1066 2030 Dignare
1090 1957 1154 2010 nos
1185 1933 1371 2009 habitaculo
1399 1935 1487 2031 quod
1512 1939 1694 2033 promisisti
1720 1935 1930 2029 diligentibus
1956 1947 2009 2025 te,
2044 1959 2132 2008 con-

766 2058 864 2127 stitue
889 2075 953 2126 nos
980 2053 1022 2124 ad
1048 2050 1134 2125 latus
1162 2060 1251 2124 tuum
1279 2051 1452 2142 dextrum,
1479 2063 1513 2124 et
1537 2055 1678 2145 ignosce
1705 2052 1803 2126 nobis
1829 2063 1968 2149 peecata
1988 2055 2132 2125 omnium

765 2179 914 2242 nostmm
941 2169 1142 2266 aequaliter,
1181 2177 1215 2238 et
1247 2167 1430 2242 referemus
1465 2169 1525 2262 tibi
1559 2168 1701 2261 gloriam
1727 2178 1761 2240 et
1795 2168 1943 2259 laudem,
1974 2169 2132 2264 Patrique

765 2293 844 2373 tuo,
871 2297 905 2357 et
930 2286 1065 2381 Spiritui
1092 2294 1148 2355 tuo
1176 2295 1311 2373 sancto,
1336 2306 1423 2355 nunc
1450 2296 1484 2357 et
1510 2306 1651 2380 semper.

869 2400 1031 2494 Populus.
1084 2401 1203 2472 Amen.

869 2522 1056 2593 Diaconos.
1110 2517 1256 2591 Benedio
1282 2520 1435 2591 Domine.
1876 2607 1886 2622 ,

870 2636 1054 2708 Sacerdos.
1106 2633 1274 2726 Benedio,
1300 2657 1467 2710 conserva
1493 2643 1528 2705 et
1552 2644 1695 2729 protege
1720 2653 1781 2706 nos
1809 2654 1937 2706 omnes.

1185 2957 1701 3002 ..ψ-

987 3359 1051 3450 IN
1096 3355 1476 3450 tttttttttltt
1534 3353 1914 3448 PHILOXENI
2053 3349 2058 3363 ²

1281 3549 1286 3562 “
1361 3546 1531 3631 llbl'lll.

462 3833 563 3908 mapa.
581 3835 597 3887 ι
617 3835 660 3890 16.
674 3837 753 3890 aar.
867 3801 1080 3892 anoxsnos,
1103 3812 1190 3876 aliter
1211 3811 1340 3874 Xenaias
1364 3808 1547 3892 appellatus,
1579 3808 1702 3874 Graecis
1730 3808 1886 3872 autoribus
1909 3815 1998 3873 notus
2021 3819 2129 3875 estex

639 3922 642 3928 ’
766 3915 939 3999 Nicephoro
962 3917 1146 3999 quiPersam
1168 3915 1247 3978 illam
1268 3913 1361 3978 fuisse
1384 3931 1500 3997 genere
1520 3923 1682 3977 etservum
1698 3911 1868 3978 conditione
1881 3912 1994 3991 scribit,
2018 3917 2128 3997 quique

767 4016 906 4079 necdum
927 4017 1104 4098 baptisatus,
1127 4014 1278 4078 clericum
1301 4031 1339 4077 se
1374 4015 1513 4076 mentitus
1535 4012 1626 4076 luerit
1646 4014 1721 4076 etad
1731 4011 1949 4077 Antiochenam
1961 4013 2128 4078 Ecclesiam

738 4149 740 4154 ,
765 4117 900 4194 venerit,
922 4134 939 4179 a
961 4133 1020 4196 qua
1043 4113 1205 4178 Calandion
1226 4114 1395 4195 Episcopus
1418 4111 1612 4175 Orthodoxus
1635 4113 1701 4194 ejus
1723 4113 1885 4194 nequitiam
1902 4132 1943 4175 ex
1958 4114 2053 4196 signis
2068 4131 2129 4178 non

770 4213 907 4278 obscuris
930 4231 1111 4298 agrioscens,
1133 4213 1213 4276 illum
1236 4211 1358 4295 expulit
1402 4213 1507 4275 Petrus
1530 4231 1605 4276 vero
1629 4210 1790 4293 Gnapbeus
1813 4211 1896 4274 illum
1917 4203 1972 4274 ἔτι
1986 4199 2129 4298 dataro

768 4301 844 4376 dotat
853 4310 912 4398 τῆς
924 4307 1066 4397 γείτονος
1078 4307 1168 4401 ἱερᾶς
1181 4299 1307 4386 πόλεως
1320 4301 1479 4399 πρόεδρον
1494 4299 1732 4398 κατεστήσατοε
1752 4313 1822 4374 licet
1837 4312 1967 4374 nondum
1980 4314 2130 4376 mitratum

766 4415 886 4476 niciam
906 4415 1103 4494 Hieropoteoe
1130 4415 1291 4476 antistitem
1313 4414 1473 4476 caconit.
1517 4412 1546 4475 ls
1569 4419 1676 4493 postea
1698 4427 1822 4494 magnas
1846 4418 1949 4474 contra
1974 4411 2128 4494 Synodum

768 4512 1045 4577 Calchedonensem
1068 4520 1099 4576 et
1119 4513 1292 4575 Flavianum
1314 4511 1533 4575 Antiochenum
1554 4511 1657 4574 turbas
1685 4512 1844 4590 excitavit,
1875 4529 1949 4591 quas
1978 4511 2045 4575 lose
2073 4530 2129 4574 re-

766 4620 872 4677 censet
893 4613 972 4676 idem
994 4612 1192 4694 Nicephorus.
1227 4611 1312 4674 Unde
1335 4630 1402 4674 cum
1412 4613 1643 4694 blonopbysitae
1665 4611 1776 4674 similes
1792 4611 1907 4675 zelotes
1928 4629 1990 4675 non
2012 4627 2126 4693 paucos

765 4712 933 4790 habuerint,
957 4730 1032 4793 quos
1055 4713 1170 4796 magnis
1192 4711 1356 4775 bonoribus
1379 4719 1611 4794 prosequuntur,
1636 4711 1829 4774 Philoxenum
1851 4711 1931 4774 inter
1952 4729 2006 4774 eos
2028 4709 2127 4773 locum

764 4810 878 4875 babere
899 4813 1005 4874 mirum
1025 4811 1122 4876 videri
1143 4829 1205 4875 non
1227 4810 1326 4875 debet.
1369 4811 1442 4893 Ejus
1464 4830 1538 4875 sane
1560 4811 1702 4874 memoria
1725 4809 1894 4873 celebratur
1915 4811 1946 4872 in
1966 4807 2126 4891 Diptycbis

765 4909 922 4974 multarum
943 4910 1144 4994 liturgiarum
1166 4909 1369 4993 Syriacarum:
1392 4918 1424 4974 ut
1446 4912 1533 4974 etiam
1555 4929 1665 4974 nomen
1686 4909 1752 4992 ejus
1773 4918 1951 4973 recensetur
1972 4910 2050 4971 inter
2062 4908 2126 4971 Ec-

766 5009 878 5072 clesiac
901 5009 1042 5074 doctores
1071 5012 1102 5074 in
1130 5010 1275 5089 formula,
1304 5029 1392 5092 mam
1415 5009 1593 5074 Ordinandis
1615 5009 1744 5092 proponi
1766 5008 1883 5072 solitam
1905 5009 2073 5090 reperimus
2094 5007 2126 5070 in

765 5108 929 5173 Pontifioali
941 5109 1090 5176 blediceo.
1127 5109 1314 5175 liecensetur
1332 5126 1453 5193 quoque
1466 5109 1498 5170 in
1516 5127 1620 5174 eorum
1635 5125 1771 5190 numero,
1793 5108 1830 5172 ab
1847 5114 1953 5172 autore
1967 5107 2126 5172 'innotatus
