<?xml version="1.0" encoding="UTF-8"?>
<!DOCTYPE html PUBLIC "-//W3C//DTD XHTML 1.0 Transitional//EN"
    "http://www.w3.org/TR/xhtml1/DTD/xhtml1-transitional.dtd">
<html xmlns="http://www.w3.org/1999/xhtml" xml:lang="en" lang="en">
 <head>
  <title>
</title>
<meta http-equiv="Content-Type" content="text/html;charset=utf-8" />
  <meta name='ocr-system' content='tesseract 3.04.00' />
  <meta name='ocr-capabilities' content='ocr_page ocr_carea ocr_par ocr_line ocrx_word'/>
</head>
<body>
  <div class='ocr_page' id='page_1' title='image "./liturgiarumorie04renagoog_0636.png"; bbox 0 0 4782 6068; ppageno 0'>
   <div class='ocr_carea' id='block_1_1' title="bbox 611 487 1683 588">
    <p class='ocr_par' dir='ltr' id='par_1_1' title="bbox 611 487 1683 588">
     <span class='ocr_line' id='line_1_1' title="bbox 611 487 1683 588; baseline 0.007 -22"><span class='ocrx_word' id='word_1_1' title='bbox 611 487 657 566; x_wconf 78' lang='lat' dir='ltr'><strong>lit</strong></span> <span class='ocrx_word' id='word_1_2' title='bbox 687 488 940 569; x_wconf 84' lang='lat' dir='ltr'>LITURGIAS</span> <span class='ocrx_word' id='word_1_3' title='bbox 975 489 1384 571; x_wconf 78' lang='lat' dir='ltr'><strong>NESTORIANORUM.</strong></span> <span class='ocrx_word' id='word_1_4' title='bbox 1562 580 1566 588; x_wconf 54' lang='grc'><strong>,</strong></span> <span class='ocrx_word' id='word_1_5' title='bbox 1606 494 1683 574; x_wconf 82' lang='grc'><strong>599</strong></span> 
     </span>
    </p>
   </div>
   <div class='ocr_carea' id='block_1_2' title="bbox 230 671 1684 1952">
    <p class='ocr_par' dir='ltr' id='par_1_2' title="bbox 230 671 1684 1952">
     <span class='ocr_line' id='line_1_2' title="bbox 310 671 1682 757; baseline 0.007 -21"><span class='ocrx_word' id='word_1_6' title='bbox 310 671 380 736; x_wconf 89' lang='lat' dir='ltr'><strong>licio</strong></span> <span class='ocrx_word' id='word_1_7' title='bbox 402 673 528 754; x_wconf 88' lang='lat' dir='ltr'><strong>proprie</strong></span> <span class='ocrx_word' id='word_1_8' title='bbox 550 671 630 734; x_wconf 89' lang='lat' dir='ltr'><strong>dioto</strong></span> <span class='ocrx_word' id='word_1_9' title='bbox 652 673 830 754; x_wconf 79' lang='lat' dir='ltr'><strong>saepissime</strong></span> <span class='ocrx_word' id='word_1_10' title='bbox 850 684 1023 757; x_wconf 91' lang='lat' dir='ltr'><strong>usurpatur.</strong></span> <span class='ocrx_word' id='word_1_11' title='bbox 1075 677 1158 740; x_wconf 90' lang='lat' dir='ltr'><strong>llaec</strong></span> <span class='ocrx_word' id='word_1_12' title='bbox 1186 695 1262 742; x_wconf 90' lang='lat' dir='ltr'><strong>vero</strong></span> <span class='ocrx_word' id='word_1_13' title='bbox 1289 678 1383 741; x_wconf 87' lang='lat' dir='ltr'><strong>verba</strong></span> <span class='ocrx_word' id='word_1_14' title='bbox 1411 679 1443 742; x_wconf 91' lang='lat' dir='ltr'><strong>in</strong></span> <span class='ocrx_word' id='word_1_15' title='bbox 1475 678 1541 742; x_wconf 87' lang='lat' dir='ltr'><strong>aliis</strong></span> <span class='ocrx_word' id='word_1_16' title='bbox 1571 679 1682 746; x_wconf 90' lang='lat' dir='ltr'><strong>Ollloiis</strong></span> 
     </span>
     <span class='ocr_line' id='line_1_3' title="bbox 310 771 1683 863; baseline 0.009 -30"><span class='ocrx_word' id='word_1_17' title='bbox 310 789 373 834; x_wconf 88' lang='lat' dir='ltr'><strong>non</strong></span> <span class='ocrx_word' id='word_1_18' title='bbox 401 772 608 852; x_wconf 86' lang='lat' dir='ltr'><strong>reperiuntur,</strong></span> <span class='ocrx_word' id='word_1_19' title='bbox 637 771 692 834; x_wconf 91' lang='lat' dir='ltr'><strong>sed</strong></span> <span class='ocrx_word' id='word_1_20' title='bbox 722 790 827 836; x_wconf 88' lang='lat' dir='ltr'><strong>eorum</strong></span> <span class='ocrx_word' id='word_1_21' title='bbox 855 775 924 838; x_wconf 91' lang='lat' dir='ltr'><strong>loco</strong></span> <span class='ocrx_word' id='word_1_22' title='bbox 954 776 1081 838; x_wconf 77' lang='lat' dir='ltr'><strong>Gratias</strong></span> <span class='ocrx_word' id='word_1_23' title='bbox 1110 795 1239 858; x_wconf 60' lang='lat' dir='ltr'><strong>mamus</strong></span> <span class='ocrx_word' id='word_1_24' title='bbox 1265 776 1405 843; x_wconf 83' lang='lat' dir='ltr'><strong>Domino.</strong></span> <span class='ocrx_word' id='word_1_25' title='bbox 1457 777 1532 842; x_wconf 95' lang='lat' dir='ltr'><strong>lllud</strong></span> <span class='ocrx_word' id='word_1_26' title='bbox 1562 798 1683 863; x_wconf 91' lang='lat' dir='ltr'><strong>quoque</strong></span> 
     </span>
     <span class='ocr_line' id='line_1_4' title="bbox 309 871 1683 960; baseline 0.005 -24"><span class='ocrx_word' id='word_1_27' title='bbox 309 871 465 954; x_wconf 83' lang='lat' dir='ltr'><strong>singulare</strong></span> <span class='ocrx_word' id='word_1_28' title='bbox 489 879 536 936; x_wconf 88' lang='lat' dir='ltr'><strong>est</strong></span> <span class='ocrx_word' id='word_1_29' title='bbox 558 873 589 935; x_wconf 94' lang='lat' dir='ltr'><strong>in</strong></span> <span class='ocrx_word' id='word_1_30' title='bbox 610 875 670 936; x_wconf 88' lang='lat' dir='ltr'><strong>ritu</strong></span> <span class='ocrx_word' id='word_1_31' title='bbox 692 871 884 949; x_wconf 71' lang='lat' dir='ltr'><strong>Nestorium,</strong></span> <span class='ocrx_word' id='word_1_32' title='bbox 907 874 988 955; x_wconf 93' lang='lat' dir='ltr'><strong>quod</strong></span> <span class='ocrx_word' id='word_1_33' title='bbox 1011 875 1211 957; x_wconf 78' lang='lat' dir='ltr'><strong>interponitur</strong></span> <span class='ocrx_word' id='word_1_34' title='bbox 1232 877 1349 940; x_wconf 87' lang='lat' dir='ltr'><strong>incensi</strong></span> <span class='ocrx_word' id='word_1_35' title='bbox 1370 879 1531 960; x_wconf 83' lang='lat' dir='ltr'><strong>impositio,</strong></span> <span class='ocrx_word' id='word_1_36' title='bbox 1554 886 1586 942; x_wconf 85' lang='lat' dir='ltr'><strong>et</strong></span> <span class='ocrx_word' id='word_1_37' title='bbox 1608 897 1683 944; x_wconf 88' lang='lat' dir='ltr'><strong>ora·</strong></span> 
     </span>
     <span class='ocr_line' id='line_1_5' title="bbox 309 973 1683 1059; baseline 0.007 -27"><span class='ocrx_word' id='word_1_38' title='bbox 309 973 353 1035; x_wconf 91' lang='lat' dir='ltr'><strong>tio</strong></span> <span class='ocrx_word' id='word_1_39' title='bbox 376 979 506 1050; x_wconf 89' lang='lat' dir='ltr'><strong>secreta,</strong></span> <span class='ocrx_word' id='word_1_40' title='bbox 530 973 568 1035; x_wconf 90' lang='lat' dir='ltr'><strong>ad</strong></span> <span class='ocrx_word' id='word_1_41' title='bbox 590 974 719 1054; x_wconf 74' lang='lat' dir='ltr'><strong>graciam</strong></span> <span class='ocrx_word' id='word_1_42' title='bbox 735 975 960 1054; x_wconf 81' lang='lat' dir='ltr'><strong>postulandam,</strong></span> <span class='ocrx_word' id='word_1_43' title='bbox 983 993 1051 1037; x_wconf 87' lang='lat' dir='ltr'><strong>cum</strong></span> <span class='ocrx_word' id='word_1_44' title='bbox 1069 975 1182 1038; x_wconf 90' lang='lat' dir='ltr'><strong>in·aliis</strong></span> <span class='ocrx_word' id='word_1_45' title='bbox 1205 974 1316 1039; x_wconf 89' lang='lat' dir='ltr'><strong>Olllciis</strong></span> <span class='ocrx_word' id='word_1_46' title='bbox 1339 979 1439 1040; x_wconf 86' lang='lat' dir='ltr'><strong>statim</strong></span> <span class='ocrx_word' id='word_1_47' title='bbox 1465 984 1536 1058; x_wconf 90' lang='lat' dir='ltr'><strong>post</strong></span> <span class='ocrx_word' id='word_1_48' title='bbox 1552 978 1683 1059; x_wconf 79' lang='lat' dir='ltr'><strong>Dipncm</strong></span> 
     </span>
     <span class='ocr_line' id='line_1_6' title="bbox 310 1071 1682 1159; baseline 0.005 -25"><span class='ocrx_word' id='word_1_49' title='bbox 310 1077 342 1134; x_wconf 84' lang='lat' dir='ltr'><strong>et</strong></span> <span class='ocrx_word' id='word_1_50' title='bbox 354 1074 471 1150; x_wconf 84' lang='lat' dir='ltr'><strong>justum</strong></span> <span class='ocrx_word' id='word_1_51' title='bbox 493 1080 540 1134; x_wconf 83' lang='lat' dir='ltr'><strong>eat</strong></span> <span class='ocrx_word' id='word_1_52' title='bbox 561 1071 712 1137; x_wconf 82' lang='lat' dir='ltr'><strong>Sacerdos</strong></span> <span class='ocrx_word' id='word_1_53' title='bbox 741 1075 864 1155; x_wconf 90' lang='lat' dir='ltr'><strong>incipiat</strong></span> <span class='ocrx_word' id='word_1_54' title='bbox 884 1073 1102 1156; x_wconf 85' lang='lat' dir='ltr'><strong>praelationem</strong></span> <span class='ocrx_word' id='word_1_55' title='bbox 1132 1074 1170 1137; x_wconf 89' lang='lat' dir='ltr'><strong>ab</strong></span> <span class='ocrx_word' id='word_1_56' title='bbox 1194 1074 1300 1138; x_wconf 89' lang='lat' dir='ltr'><strong>iisdem</strong></span> <span class='ocrx_word' id='word_1_57' title='bbox 1322 1076 1442 1155; x_wconf 89' lang='lat' dir='ltr'><strong>verbis,</strong></span> <span class='ocrx_word' id='word_1_58' title='bbox 1471 1095 1598 1159; x_wconf 90' lang='lat' dir='ltr'><strong>eamque</strong></span> <span class='ocrx_word' id='word_1_59' title='bbox 1620 1095 1682 1141; x_wconf 93' lang='lat' dir='ltr'><strong>uno</strong></span> 
     </span>
     <span class='ocr_line' id='line_1_7' title="bbox 312 1171 1683 1256; baseline 0.002 -20"><span class='ocrx_word' id='word_1_60' title='bbox 312 1177 420 1236; x_wconf 87' lang='lat' dir='ltr'><strong>tenore</strong></span> <span class='ocrx_word' id='word_1_61' title='bbox 443 1189 538 1252; x_wconf 90' lang='lat' dir='ltr'><strong>usque</strong></span> <span class='ocrx_word' id='word_1_62' title='bbox 562 1172 599 1234; x_wconf 92' lang='lat' dir='ltr'><strong>ad</strong></span> <span class='ocrx_word' id='word_1_63' title='bbox 621 1171 762 1254; x_wconf 79' lang='lat' dir='ltr'><strong>hymnum</strong></span> <span class='ocrx_word' id='word_1_64' title='bbox 786 1174 985 1238; x_wconf 79' lang='lat' dir='ltr'><strong>cherubicum</strong></span> <span class='ocrx_word' id='word_1_65' title='bbox 1014 1182 1227 1256; x_wconf 87' lang='lat' dir='ltr'><strong>prosequatur.</strong></span> <span class='ocrx_word' id='word_1_66' title='bbox 1276 1175 1310 1238; x_wconf 94' lang='lat' dir='ltr'><strong>ln</strong></span> <span class='ocrx_word' id='word_1_67' title='bbox 1334 1175 1497 1240; x_wconf 80' lang='lat' dir='ltr'><strong>codicibus</strong></span> <span class='ocrx_word' id='word_1_68' title='bbox 1525 1175 1683 1240; x_wconf 82' lang='lat' dir='ltr'><strong>Ecclesiae</strong></span> 
     </span>
     <span class='ocr_line' id='line_1_8' title="bbox 311 1270 1684 1356; baseline 0.005 -22"><span class='ocrx_word' id='word_1_69' title='bbox 311 1270 514 1334; x_wconf 79' lang='lat' dir='ltr'><strong>dlalabaricae</strong></span> <span class='ocrx_word' id='word_1_70' title='bbox 535 1271 647 1356; x_wconf 79' lang='lat' dir='ltr'><strong>legitur</strong></span> <span class='ocrx_word' id='word_1_71' title='bbox 669 1274 776 1336; x_wconf 88' lang='lat' dir='ltr'><strong>eadem</strong></span> <span class='ocrx_word' id='word_1_72' title='bbox 800 1275 908 1352; x_wconf 89' lang='lat' dir='ltr'><strong>oratio,</strong></span> <span class='ocrx_word' id='word_1_73' title='bbox 931 1281 963 1336; x_wconf 92' lang='lat' dir='ltr'><strong>ut</strong></span> <span class='ocrx_word' id='word_1_74' title='bbox 985 1281 1160 1356; x_wconf 87' lang='lat' dir='ltr'><strong>sequentes,</strong></span> <span class='ocrx_word' id='word_1_75' title='bbox 1182 1276 1212 1336; x_wconf 93' lang='lat' dir='ltr'><strong>in</strong></span> <span class='ocrx_word' id='word_1_76' title='bbox 1235 1275 1343 1356; x_wconf 81' lang='lat' dir='ltr'><strong>quibus</strong></span> <span class='ocrx_word' id='word_1_77' title='bbox 1365 1278 1474 1340; x_wconf 89' lang='lat' dir='ltr'><strong>iterum</strong></span> <span class='ocrx_word' id='word_1_78' title='bbox 1497 1294 1684 1340; x_wconf 89' lang='lat' dir='ltr'><strong>commemo-</strong></span> 
     </span>
     <span class='ocr_line' id='line_1_9' title="bbox 311 1369 1683 1461; baseline 0.006 -30"><span class='ocrx_word' id='word_1_79' title='bbox 311 1371 445 1432; x_wconf 87' lang='lat' dir='ltr'><strong>rationes</strong></span> <span class='ocrx_word' id='word_1_80' title='bbox 467 1369 541 1434; x_wconf 88' lang='lat' dir='ltr'><strong>liuut</strong></span> <span class='ocrx_word' id='word_1_81' title='bbox 563 1380 752 1460; x_wconf 72' lang='lat' dir='ltr'><strong>sanctorum3</strong></span> <span class='ocrx_word' id='word_1_82' title='bbox 775 1391 846 1436; x_wconf 85' lang='lat' dir='ltr'><strong>mox</strong></span> <span class='ocrx_word' id='word_1_83' title='bbox 867 1375 1007 1438; x_wconf 89' lang='lat' dir='ltr'><strong>vivorum</strong></span> <span class='ocrx_word' id='word_1_84' title='bbox 1030 1380 1060 1436; x_wconf 87' lang='lat' dir='ltr'><strong>et</strong></span> <span class='ocrx_word' id='word_1_85' title='bbox 1083 1381 1278 1452; x_wconf 89' lang='lat' dir='ltr'><strong>mortuorum,</strong></span> <span class='ocrx_word' id='word_1_86' title='bbox 1302 1376 1382 1456; x_wconf 94' lang='lat' dir='ltr'><strong>quod</strong></span> <span class='ocrx_word' id='word_1_87' title='bbox 1405 1377 1435 1439; x_wconf 91' lang='lat' dir='ltr'><strong>in</strong></span> <span class='ocrx_word' id='word_1_88' title='bbox 1458 1374 1524 1440; x_wconf 90' lang='lat' dir='ltr'><strong>aliis</strong></span> <span class='ocrx_word' id='word_1_89' title='bbox 1539 1376 1683 1461; x_wconf 78' lang='lat' dir='ltr'><strong>liturgiis</strong></span> 
     </span>
     <span class='ocr_line' id='line_1_10' title="bbox 313 1470 1684 1558; baseline 0.002 -24"><span class='ocrx_word' id='word_1_90' title='bbox 313 1470 493 1534; x_wconf 91' lang='lat' dir='ltr'><strong>observatur</strong></span> <span class='ocrx_word' id='word_1_91' title='bbox 516 1478 585 1532; x_wconf 87' lang='lat' dir='ltr'><strong>ante</strong></span> <span class='ocrx_word' id='word_1_92' title='bbox 609 1473 881 1554; x_wconf 90' lang='lat' dir='ltr'><strong>consecrationem,</strong></span> <span class='ocrx_word' id='word_1_93' title='bbox 905 1472 1052 1555; x_wconf 82' lang='lat' dir='ltr'><strong>prolixius</strong></span> <span class='ocrx_word' id='word_1_94' title='bbox 1076 1473 1165 1535; x_wconf 87' lang='lat' dir='ltr'><strong>etiam</strong></span> <span class='ocrx_word' id='word_1_95' title='bbox 1188 1474 1347 1556; x_wconf 91' lang='lat' dir='ltr'><strong>aliquando</strong></span> <span class='ocrx_word' id='word_1_96' title='bbox 1370 1475 1536 1558; x_wconf 89' lang='lat' dir='ltr'><strong>interjectis</strong></span> <span class='ocrx_word' id='word_1_97' title='bbox 1558 1474 1684 1538; x_wconf 88' lang='lat' dir='ltr'><strong>Diaconi</strong></span> 
     </span>
     <span class='ocr_line' id='line_1_11' title="bbox 310 1570 1684 1656; baseline 0.004 -24"><span class='ocrx_word' id='word_1_98' title='bbox 310 1570 525 1632; x_wconf 87' lang='lat' dir='ltr'><strong>monitionibus</strong></span> <span class='ocrx_word' id='word_1_99' title='bbox 548 1571 584 1633; x_wconf 91' lang='lat' dir='ltr'><strong>ad</strong></span> <span class='ocrx_word' id='word_1_100' title='bbox 609 1572 765 1650; x_wconf 86' lang='lat' dir='ltr'><strong>orandum,</strong></span> <span class='ocrx_word' id='word_1_101' title='bbox 801 1580 831 1635; x_wconf 93' lang='lat' dir='ltr'><strong>et</strong></span> <span class='ocrx_word' id='word_1_102' title='bbox 853 1573 958 1654; x_wconf 93' lang='lat' dir='ltr'><strong>populi</strong></span> <span class='ocrx_word' id='word_1_103' title='bbox 980 1573 1133 1655; x_wconf 87' lang='lat' dir='ltr'><strong>precibus,</strong></span> <span class='ocrx_word' id='word_1_104' title='bbox 1157 1571 1250 1656; x_wconf 77' lang='lat' dir='ltr'><strong>llyrie</strong></span> <span class='ocrx_word' id='word_1_105' title='bbox 1273 1573 1403 1651; x_wconf 78' lang='lat' dir='ltr'><strong>eleison,</strong></span> <span class='ocrx_word' id='word_1_106' title='bbox 1433 1574 1616 1656; x_wconf 86' lang='lat' dir='ltr'><strong>repetentis:</strong></span> <span class='ocrx_word' id='word_1_107' title='bbox 1650 1582 1684 1637; x_wconf 92' lang='lat' dir='ltr'><strong>ut</strong></span> 
     </span>
     <span class='ocr_line' id='line_1_12' title="bbox 312 1670 1683 1756; baseline 0.003 -25"><span class='ocrx_word' id='word_1_108' title='bbox 312 1670 493 1750; x_wconf 90' lang='lat' dir='ltr'><strong>praesertim</strong></span> <span class='ocrx_word' id='word_1_109' title='bbox 514 1670 544 1731; x_wconf 96' lang='lat' dir='ltr'><strong>in</strong></span> <span class='ocrx_word' id='word_1_110' title='bbox 569 1670 662 1734; x_wconf 85' lang='lat' dir='ltr'><strong>Marci</strong></span> <span class='ocrx_word' id='word_1_111' title='bbox 686 1671 812 1745; x_wconf 88' lang='lat' dir='ltr'><strong>Graeca,</strong></span> <span class='ocrx_word' id='word_1_112' title='bbox 837 1680 868 1734; x_wconf 90' lang='lat' dir='ltr'><strong>et</strong></span> <span class='ocrx_word' id='word_1_113' title='bbox 890 1672 995 1754; x_wconf 80' lang='lat' dir='ltr'><strong>Cyrilli</strong></span> <span class='ocrx_word' id='word_1_114' title='bbox 1019 1672 1156 1753; x_wconf 87' lang='lat' dir='ltr'><strong>Coptica,</strong></span> <span class='ocrx_word' id='word_1_115' title='bbox 1179 1690 1256 1752; x_wconf 89' lang='lat' dir='ltr'><strong>quae</strong></span> <span class='ocrx_word' id='word_1_116' title='bbox 1280 1681 1350 1735; x_wconf 91' lang='lat' dir='ltr'><strong>sunt</strong></span> <span class='ocrx_word' id='word_1_117' title='bbox 1372 1673 1489 1740; x_wconf 88' lang='lat' dir='ltr'><strong>eadem.</strong></span> <span class='ocrx_word' id='word_1_118' title='bbox 1519 1675 1559 1738; x_wconf 86' lang='lat' dir='ltr'><strong>ln&#39;</strong></span> <span class='ocrx_word' id='word_1_119' title='bbox 1577 1673 1683 1756; x_wconf 84' lang='lat' dir='ltr'><strong>Syria-</strong></span> 
     </span>
     <span class='ocr_line' id='line_1_13' title="bbox 230 1761 1683 1851; baseline 0.004 -21"><span class='ocrx_word' id='word_1_120' title='bbox 230 1761 240 1770; x_wconf 81' lang='grc'>’</span> <span class='ocrx_word' id='word_1_121' title='bbox 312 1769 357 1831; x_wconf 92' lang='lat' dir='ltr'><strong>cis</strong></span> <span class='ocrx_word' id='word_1_122' title='bbox 378 1768 581 1833; x_wconf 88' lang='lat' dir='ltr'><strong>Jacobltarum</strong></span> <span class='ocrx_word' id='word_1_123' title='bbox 604 1772 703 1834; x_wconf 89' lang='lat' dir='ltr'><strong>statim</strong></span> <span class='ocrx_word' id='word_1_124' title='bbox 731 1771 907 1851; x_wconf 87' lang='lat' dir='ltr'><strong>proceditur</strong></span> <span class='ocrx_word' id='word_1_125' title='bbox 935 1772 973 1835; x_wconf 88' lang='lat' dir='ltr'><strong>ad</strong></span> <span class='ocrx_word' id='word_1_126' title='bbox 1002 1771 1272 1838; x_wconf 88' lang='lat' dir='ltr'><strong>consecrationem.</strong></span> <span class='ocrx_word' id='word_1_127' title='bbox 1322 1772 1355 1835; x_wconf 93' lang='lat' dir='ltr'><strong>ln</strong></span> <span class='ocrx_word' id='word_1_128' title='bbox 1377 1771 1446 1835; x_wconf 87' lang='lat' dir='ltr'><strong>llitu</strong></span> <span class='ocrx_word' id='word_1_129' title='bbox 1468 1773 1574 1836; x_wconf 88' lang='lat' dir='ltr'><strong>Latino</strong></span> <span class='ocrx_word' id='word_1_130' title='bbox 1597 1789 1683 1836; x_wconf 93' lang='lat' dir='ltr'><strong>com-</strong></span> 
     </span>
     <span class='ocr_line' id='line_1_14' title="bbox 311 1869 1653 1952; baseline 0.006 -23"><span class='ocrx_word' id='word_1_131' title='bbox 311 1869 544 1932; x_wconf 89' lang='lat' dir='ltr'><strong>memorationes</strong></span> <span class='ocrx_word' id='word_1_132' title='bbox 566 1878 750 1950; x_wconf 88' lang='lat' dir='ltr'><strong>sanctorum,</strong></span> <span class='ocrx_word' id='word_1_133' title='bbox 774 1877 805 1932; x_wconf 90' lang='lat' dir='ltr'><strong>et</strong></span> <span class='ocrx_word' id='word_1_134' title='bbox 827 1872 961 1935; x_wconf 89' lang='lat' dir='ltr'><strong>vivorum</strong></span> <span class='ocrx_word' id='word_1_135' title='bbox 985 1871 1225 1952; x_wconf 89' lang='lat' dir='ltr'><strong>praemittuntur,</strong></span> <span class='ocrx_word' id='word_1_136' title='bbox 1247 1870 1302 1934; x_wconf 87' lang='lat' dir='ltr'><strong>sed</strong></span> <span class='ocrx_word' id='word_1_137' title='bbox 1324 1872 1516 1952; x_wconf 87' lang='lat' dir='ltr'><strong>paucioribus</strong></span> <span class='ocrx_word' id='word_1_138' title='bbox 1534 1871 1653 1937; x_wconf 83' lang='lat' dir='ltr'><strong>verbis.</strong></span> 
     </span>
    </p>
   </div>
   <div class='ocr_carea' id='block_1_3' title="bbox 537 2129 1456 2226">
    <p class='ocr_par' dir='ltr' id='par_1_3' title="bbox 537 2129 1456 2226">
     <span class='ocr_line' id='line_1_15' title="bbox 537 2129 1456 2226; baseline 0.004 -25"><span class='ocrx_word' id='word_1_139' title='bbox 537 2129 558 2200; x_wconf 92' lang='lat'><strong><em>1</em></strong></span> <span class='ocrx_word' id='word_1_140' title='bbox 564 2134 597 2202; x_wconf 80' lang='lat' dir='ltr'><strong>d.</strong></span> <span class='ocrx_word' id='word_1_141' title='bbox 637 2132 685 2202; x_wconf 85' lang='lat' dir='ltr'><strong>Et</strong></span> <span class='ocrx_word' id='word_1_142' title='bbox 710 2136 828 2203; x_wconf 82' lang='lat' dir='ltr'><strong>ueniet</strong></span> <span class='ocrx_word' id='word_1_143' title='bbox 852 2133 998 2205; x_wconf 84' lang='lat' dir='ltr'><strong>Domine</strong></span> <span class='ocrx_word' id='word_1_144' title='bbox 1024 2131 1177 2226; x_wconf 77' lang='lat' dir='ltr'><strong>Spiritus</strong></span> <span class='ocrx_word' id='word_1_145' title='bbox 1202 2131 1364 2223; x_wconf 85' lang='lat' dir='ltr'><strong>Sanctus,</strong></span> <span class='ocrx_word' id='word_1_146' title='bbox 1391 2140 1456 2206; x_wconf 84' lang='lat' dir='ltr'><strong>etc.</strong></span> 
     </span>
    </p>
   </div>
   <div class='ocr_carea' id='block_1_4' title="bbox 307 2315 1699 5105">
    <p class='ocr_par' dir='ltr' id='par_1_4' title="bbox 307 2315 1699 5105">
     <span class='ocr_line' id='line_1_16' title="bbox 423 2315 1680 2418; baseline -0.002 -18"><span class='ocrx_word' id='word_1_147' title='bbox 423 2322 459 2400; x_wconf 86' lang='lat' dir='ltr'><strong>ln</strong></span> <span class='ocrx_word' id='word_1_148' title='bbox 481 2333 538 2396; x_wconf 88' lang='lat' dir='ltr'><strong>bac</strong></span> <span class='ocrx_word' id='word_1_149' title='bbox 560 2336 697 2398; x_wconf 89' lang='lat' dir='ltr'><strong>oratione</strong></span> <span class='ocrx_word' id='word_1_150' title='bbox 720 2334 910 2399; x_wconf 89' lang='lat' dir='ltr'><strong>observanda</strong></span> <span class='ocrx_word' id='word_1_151' title='bbox 934 2343 1003 2398; x_wconf 90' lang='lat' dir='ltr'><strong>suot</strong></span> <span class='ocrx_word' id='word_1_152' title='bbox 1026 2335 1116 2399; x_wconf 91' lang='lat' dir='ltr'><strong>multa</strong></span> <span class='ocrx_word' id='word_1_153' title='bbox 1139 2354 1217 2416; x_wconf 90' lang='lat' dir='ltr'><strong>quae</strong></span> <span class='ocrx_word' id='word_1_154' title='bbox 1240 2315 1358 2399; x_wconf 76' lang='lat' dir='ltr'><strong>maximi</strong></span> <span class='ocrx_word' id='word_1_155' title='bbox 1381 2336 1419 2398; x_wconf 93' lang='lat' dir='ltr'><strong>ad</strong></span> <span class='ocrx_word' id='word_1_156' title='bbox 1445 2333 1598 2418; x_wconf 81' lang='lat' dir='ltr'><strong>Liturgias</strong></span> <span class='ocrx_word' id='word_1_157' title='bbox 1621 2356 1680 2400; x_wconf 87' lang='lat' dir='ltr'><strong>ex-</strong></span> 
     </span>
     <span class='ocr_line' id='line_1_17' title="bbox 311 2437 1682 2521; baseline 0.004 -23"><span class='ocrx_word' id='word_1_158' title='bbox 311 2437 468 2519; x_wconf 89' lang='lat' dir='ltr'><strong>plicandas</strong></span> <span class='ocrx_word' id='word_1_159' title='bbox 490 2439 631 2500; x_wconf 89' lang='lat' dir='ltr'><strong>momenti</strong></span> <span class='ocrx_word' id='word_1_160' title='bbox 654 2447 731 2502; x_wconf 78' lang='lat' dir='ltr'><strong>sunt</strong></span> <span class='ocrx_word' id='word_1_161' title='bbox 755 2437 897 2501; x_wconf 87' lang='lat' dir='ltr'><strong>Continet</strong></span> <span class='ocrx_word' id='word_1_162' title='bbox 914 2437 964 2501; x_wconf 90' lang='lat' dir='ltr'><strong>illa</strong></span> <span class='ocrx_word' id='word_1_163' title='bbox 987 2437 1211 2504; x_wconf 90' lang='lat' dir='ltr'><strong>lnvocatiooem</strong></span> <span class='ocrx_word' id='word_1_164' title='bbox 1222 2439 1351 2520; x_wconf 87' lang='lat' dir='ltr'><strong>Spiritus</strong></span> <span class='ocrx_word' id='word_1_165' title='bbox 1373 2439 1470 2502; x_wconf 85' lang='lat' dir='ltr'><strong>saurcti</strong></span> <span class='ocrx_word' id='word_1_166' title='bbox 1486 2457 1580 2521; x_wconf 91' lang='lat' dir='ltr'><strong>super</strong></span> <span class='ocrx_word' id='word_1_167' title='bbox 1602 2440 1682 2503; x_wconf 90' lang='lat' dir='ltr'><strong>dona</strong></span> 
     </span>
     <span class='ocr_line' id='line_1_18' title="bbox 310 2536 1681 2621; baseline 0.004 -22"><span class='ocrx_word' id='word_1_168' title='bbox 310 2538 480 2619; x_wconf 88' lang='lat' dir='ltr'><strong>proposita,</strong></span> <span class='ocrx_word' id='word_1_169' title='bbox 504 2536 624 2617; x_wconf 88' lang='lat' dir='ltr'><strong>illisque</strong></span> <span class='ocrx_word' id='word_1_170' title='bbox 646 2538 864 2620; x_wconf 91' lang='lat' dir='ltr'><strong>propemodum</strong></span> <span class='ocrx_word' id='word_1_171' title='bbox 879 2537 992 2615; x_wconf 90' lang='lat' dir='ltr'><strong>verbis,</strong></span> <span class='ocrx_word' id='word_1_172' title='bbox 1015 2539 1123 2620; x_wconf 91' lang='lat' dir='ltr'><strong>quibus</strong></span> <span class='ocrx_word' id='word_1_173' title='bbox 1146 2539 1177 2600; x_wconf 93' lang='lat' dir='ltr'><strong>in</strong></span> <span class='ocrx_word' id='word_1_174' title='bbox 1199 2538 1265 2601; x_wconf 90' lang='lat' dir='ltr'><strong>aliis</strong></span> <span class='ocrx_word' id='word_1_175' title='bbox 1278 2537 1403 2601; x_wconf 86' lang='lat' dir='ltr'><strong>Graecis</strong></span> <span class='ocrx_word' id='word_1_176' title='bbox 1418 2537 1681 2621; x_wconf 84' lang='lat' dir='ltr'><strong>Orientalibusque</strong></span> 
     </span>
     <span class='ocr_line' id='line_1_19' title="bbox 309 2635 1683 2720; baseline 0.001 -20"><span class='ocrx_word' id='word_1_177' title='bbox 309 2635 454 2719; x_wconf 80' lang='lat' dir='ltr'><strong>liturgiis</strong></span> <span class='ocrx_word' id='word_1_178' title='bbox 477 2637 668 2716; x_wconf 81' lang='lat' dir='ltr'><strong>exprimitur3</strong></span> <span class='ocrx_word' id='word_1_179' title='bbox 690 2638 747 2701; x_wconf 92' lang='lat' dir='ltr'><strong>nisi</strong></span> <span class='ocrx_word' id='word_1_180' title='bbox 770 2637 851 2720; x_wconf 93' lang='lat' dir='ltr'><strong>quod</strong></span> <span class='ocrx_word' id='word_1_181' title='bbox 873 2655 944 2718; x_wconf 86' lang='lat' dir='ltr'><strong>pers</strong></span> <span class='ocrx_word' id='word_1_182' title='bbox 966 2637 1046 2700; x_wconf 89' lang='lat' dir='ltr'><strong>illius</strong></span> <span class='ocrx_word' id='word_1_183' title='bbox 1068 2637 1237 2718; x_wconf 86' lang='lat' dir='ltr'><strong>posterior,</strong></span> <span class='ocrx_word' id='word_1_184' title='bbox 1264 2638 1295 2700; x_wconf 90' lang='lat' dir='ltr'><strong>in</strong></span> <span class='ocrx_word' id='word_1_185' title='bbox 1317 2655 1376 2719; x_wconf 87' lang='lat' dir='ltr'><strong>qua</strong></span> <span class='ocrx_word' id='word_1_186' title='bbox 1399 2637 1523 2716; x_wconf 90' lang='lat' dir='ltr'><strong>dicitur,</strong></span> <span class='ocrx_word' id='word_1_187' title='bbox 1552 2646 1584 2700; x_wconf 85' lang='lat' dir='ltr'><strong>et</strong></span> <span class='ocrx_word' id='word_1_188' title='bbox 1602 2639 1683 2701; x_wconf 87' lang='lat' dir='ltr'><strong>bunc</strong></span> 
     </span>
     <span class='ocr_line' id='line_1_20' title="bbox 310 2735 1683 2819; baseline 0.001 -21"><span class='ocrx_word' id='word_1_189' title='bbox 310 2737 430 2818; x_wconf 89' lang='lat' dir='ltr'><strong>quidem</strong></span> <span class='ocrx_word' id='word_1_190' title='bbox 448 2755 561 2816; x_wconf 84' lang='lat' dir='ltr'><strong>ponem</strong></span> <span class='ocrx_word' id='word_1_191' title='bbox 579 2736 681 2817; x_wconf 78' lang='lat' dir='ltr'><strong>societ</strong></span> <span class='ocrx_word' id='word_1_192' title='bbox 702 2757 813 2817; x_wconf 80' lang='lat' dir='ltr'><strong>corpus</strong></span> <span class='ocrx_word' id='word_1_193' title='bbox 826 2735 948 2815; x_wconf 77' lang='lat' dir='ltr'><strong>Christi,</strong></span> <span class='ocrx_word' id='word_1_194' title='bbox 971 2739 1102 2819; x_wconf 80' lang='lat' dir='ltr'><strong>ecquod</strong></span> <span class='ocrx_word' id='word_1_195' title='bbox 1122 2741 1154 2800; x_wconf 88' lang='lat' dir='ltr'><strong>in</strong></span> <span class='ocrx_word' id='word_1_196' title='bbox 1176 2739 1272 2801; x_wconf 84' lang='lat' dir='ltr'><strong>eolice</strong></span> <span class='ocrx_word' id='word_1_197' title='bbox 1294 2745 1340 2800; x_wconf 80' lang='lat' dir='ltr'><strong>eat</strong></span> <span class='ocrx_word' id='word_1_198' title='bbox 1359 2739 1536 2818; x_wconf 76' lang='lat' dir='ltr'><strong>sanquinem</strong></span> <span class='ocrx_word' id='word_1_199' title='bbox 1558 2735 1683 2814; x_wconf 79' lang='lat' dir='ltr'><strong>Christi,</strong></span> 
     </span>
     <span class='ocr_line' id='line_1_21' title="bbox 310 2834 1682 2917; baseline 0.001 -20"><span class='ocrx_word' id='word_1_200' title='bbox 310 2853 373 2898; x_wconf 89' lang='lat' dir='ltr'><strong>oon</strong></span> <span class='ocrx_word' id='word_1_201' title='bbox 396 2835 577 2917; x_wconf 82' lang='lat' dir='ltr'><strong>adjungitur.</strong></span> <span class='ocrx_word' id='word_1_202' title='bbox 624 2834 684 2898; x_wconf 88' lang='lat' dir='ltr'><strong>Sed</strong></span> <span class='ocrx_word' id='word_1_203' title='bbox 706 2836 801 2898; x_wconf 92' lang='lat' dir='ltr'><strong>verba</strong></span> <span class='ocrx_word' id='word_1_204' title='bbox 823 2837 879 2899; x_wconf 92' lang='lat' dir='ltr'><strong>ista</strong></span> <span class='ocrx_word' id='word_1_205' title='bbox 912 2845 945 2899; x_wconf 84' lang='lat' dir='ltr'><strong>ot</strong></span> <span class='ocrx_word' id='word_1_206' title='bbox 965 2855 1033 2898; x_wconf 84' lang='lat' dir='ltr'><strong>eom</strong></span> <span class='ocrx_word' id='word_1_207' title='bbox 1055 2836 1236 2899; x_wconf 84' lang='lat' dir='ltr'><strong>oblationem</strong></span> <span class='ocrx_word' id='word_1_208' title='bbox 1258 2836 1416 2899; x_wconf 82' lang='lat' dir='ltr'><strong>bcraedicot</strong></span> <span class='ocrx_word' id='word_1_209' title='bbox 1444 2844 1475 2898; x_wconf 88' lang='lat' dir='ltr'><strong>et</strong></span> <span class='ocrx_word' id='word_1_210' title='bbox 1499 2836 1682 2916; x_wconf 75' lang='lat' dir='ltr'><strong>sanctificet,</strong></span> 
     </span>
     <span class='ocr_line' id='line_1_22' title="bbox 311 2933 1681 3017; baseline 0 -19"><span class='ocrx_word' id='word_1_211' title='bbox 311 2934 446 2998; x_wconf 89' lang='lat' dir='ltr'><strong>eamdem</strong></span> <span class='ocrx_word' id='word_1_212' title='bbox 468 2942 648 3016; x_wconf 88' lang='lat' dir='ltr'><strong>potestatem</strong></span> <span class='ocrx_word' id='word_1_213' title='bbox 670 2933 790 2998; x_wconf 89' lang='lat' dir='ltr'><strong>habent.</strong></span> <span class='ocrx_word' id='word_1_214' title='bbox 819 2935 876 2998; x_wconf 86' lang='lat' dir='ltr'><strong>Est</strong></span> <span class='ocrx_word' id='word_1_215' title='bbox 898 2942 997 2998; x_wconf 89' lang='lat' dir='ltr'><strong>autem</strong></span> <span class='ocrx_word' id='word_1_216' title='bbox 1019 2935 1094 2998; x_wconf 91' lang='lat' dir='ltr'><strong>haec</strong></span> <span class='ocrx_word' id='word_1_217' title='bbox 1117 2935 1269 2997; x_wconf 88' lang='lat' dir='ltr'><strong>invocatio</strong></span> <span class='ocrx_word' id='word_1_218' title='bbox 1293 2952 1331 2997; x_wconf 92' lang='lat' dir='ltr'><strong>eo</strong></span> <span class='ocrx_word' id='word_1_219' title='bbox 1352 2933 1508 3016; x_wconf 78' lang='lat' dir='ltr'><strong>Liturgiae</strong></span> <span class='ocrx_word' id='word_1_220' title='bbox 1529 2933 1598 2999; x_wconf 91' lang='lat' dir='ltr'><strong>loco</strong></span> <span class='ocrx_word' id='word_1_221' title='bbox 1619 2952 1681 3017; x_wconf 93' lang='lat' dir='ltr'><strong>po-</strong></span> 
     </span>
     <span class='ocr_line' id='line_1_23' title="bbox 310 3032 1680 3116; baseline -0.001 -18"><span class='ocrx_word' id='word_1_222' title='bbox 310 3035 379 3113; x_wconf 89' lang='lat' dir='ltr'><strong>site,</strong></span> <span class='ocrx_word' id='word_1_223' title='bbox 401 3054 462 3116; x_wconf 95' lang='lat' dir='ltr'><strong>quo</strong></span> <span class='ocrx_word' id='word_1_224' title='bbox 485 3034 647 3116; x_wconf 87' lang='lat' dir='ltr'><strong>antiquitus</strong></span> <span class='ocrx_word' id='word_1_225' title='bbox 669 3034 749 3096; x_wconf 88' lang='lat' dir='ltr'><strong>illam</strong></span> <span class='ocrx_word' id='word_1_226' title='bbox 771 3034 865 3097; x_wconf 87' lang='lat' dir='ltr'><strong>luisse</strong></span> <span class='ocrx_word' id='word_1_227' title='bbox 899 3034 1034 3097; x_wconf 84' lang='lat' dir='ltr'><strong>nonnulli</strong></span> <span class='ocrx_word' id='word_1_228' title='bbox 1055 3034 1226 3110; x_wconf 88' lang='lat' dir='ltr'><strong>voluerunt,</strong></span> <span class='ocrx_word' id='word_1_229' title='bbox 1249 3040 1281 3096; x_wconf 91' lang='lat' dir='ltr'><strong>ut</strong></span> <span class='ocrx_word' id='word_1_230' title='bbox 1303 3033 1382 3096; x_wconf 89' lang='lat' dir='ltr'><strong>inter</strong></span> <span class='ocrx_word' id='word_1_231' title='bbox 1403 3033 1480 3096; x_wconf 87' lang='lat' dir='ltr'><strong>alios</strong></span> <span class='ocrx_word' id='word_1_232' title='bbox 1501 3032 1680 3116; x_wconf 78' lang='lat' dir='ltr'><strong>Neophytos</strong></span> 
     </span>
     <span class='ocr_line' id='line_1_24' title="bbox 309 3131 1682 3215; baseline 0 -19"><span class='ocrx_word' id='word_1_233' title='bbox 309 3131 474 3212; x_wconf 77' lang='lat' dir='ltr'><strong>Rhodium,</strong></span> <span class='ocrx_word' id='word_1_234' title='bbox 497 3140 527 3196; x_wconf 90' lang='lat' dir='ltr'><strong>et</strong></span> <span class='ocrx_word' id='word_1_235' title='bbox 550 3134 745 3198; x_wconf 84' lang='lat' dir='ltr'><strong>obscuriores</strong></span> <span class='ocrx_word' id='word_1_236' title='bbox 763 3152 824 3197; x_wconf 92' lang='lat' dir='ltr'><strong>non</strong></span> <span class='ocrx_word' id='word_1_237' title='bbox 847 3135 946 3215; x_wconf 91' lang='lat' dir='ltr'><strong>pauci,</strong></span> <span class='ocrx_word' id='word_1_238' title='bbox 969 3135 1020 3214; x_wconf 92' lang='lat' dir='ltr'><strong>qui</strong></span> <span class='ocrx_word' id='word_1_239' title='bbox 1049 3132 1271 3195; x_wconf 88' lang='lat' dir='ltr'><strong>invocationem</strong></span> <span class='ocrx_word' id='word_1_240' title='bbox 1295 3131 1391 3212; x_wconf 90' lang='lat' dir='ltr'><strong>qualis</strong></span> <span class='ocrx_word' id='word_1_241' title='bbox 1414 3140 1497 3195; x_wconf 85' lang='lat' dir='ltr'><strong>exlat</strong></span> <span class='ocrx_word' id='word_1_242' title='bbox 1526 3133 1557 3194; x_wconf 93' lang='lat' dir='ltr'><strong>in</strong></span> <span class='ocrx_word' id='word_1_243' title='bbox 1578 3131 1682 3196; x_wconf 89' lang='lat' dir='ltr'><strong>Basilii</strong></span> 
     </span>
     <span class='ocr_line' id='line_1_25' title="bbox 311 3232 1681 3316; baseline -0.001 -21"><span class='ocrx_word' id='word_1_244' title='bbox 311 3232 580 3316; x_wconf 81' lang='lat' dir='ltr'><strong>Chrysostomique</strong></span> <span class='ocrx_word' id='word_1_245' title='bbox 601 3233 757 3314; x_wconf 75' lang='lat' dir='ltr'><strong>liturgiis,</strong></span> <span class='ocrx_word' id='word_1_246' title='bbox 779 3234 990 3313; x_wconf 89' lang='lat' dir='ltr'><strong>transpositam</strong></span> <span class='ocrx_word' id='word_1_247' title='bbox 1019 3233 1276 3310; x_wconf 88' lang='lat' dir='ltr'><strong>existimaverunt,</strong></span> <span class='ocrx_word' id='word_1_248' title='bbox 1298 3233 1403 3312; x_wconf 89' lang='lat' dir='ltr'><strong>paucis</strong></span> <span class='ocrx_word' id='word_1_249' title='bbox 1426 3239 1525 3295; x_wconf 84' lang='lat' dir='ltr'><strong>tamen</strong></span> <span class='ocrx_word' id='word_1_250' title='bbox 1547 3249 1681 3313; x_wconf 90' lang='lat' dir='ltr'><strong>persua-</strong></span> 
     </span>
     <span class='ocr_line' id='line_1_26' title="bbox 309 3329 1681 3416; baseline -0.002 -20"><span class='ocrx_word' id='word_1_251' title='bbox 309 3340 422 3396; x_wconf 76' lang='lat' dir='ltr'><strong>serunt</strong></span> <span class='ocrx_word' id='word_1_252' title='bbox 467 3333 511 3396; x_wconf 89' lang='lat' dir='ltr'><strong>lta</strong></span> <span class='ocrx_word' id='word_1_253' title='bbox 534 3333 657 3414; x_wconf 87' lang='lat' dir='ltr'><strong>quippe,</strong></span> <span class='ocrx_word' id='word_1_254' title='bbox 680 3331 762 3414; x_wconf 91' lang='lat' dir='ltr'><strong>quod</strong></span> <span class='ocrx_word' id='word_1_255' title='bbox 783 3348 892 3416; x_wconf 86' lang='lat' dir='ltr'><strong>magno</strong></span> <span class='ocrx_word' id='word_1_256' title='bbox 922 3340 1033 3396; x_wconf 90' lang='lat' dir='ltr'><strong>conatu</strong></span> <span class='ocrx_word' id='word_1_257' title='bbox 1063 3329 1262 3394; x_wconf 88' lang='lat' dir='ltr'><strong>amoliendum</strong></span> <span class='ocrx_word' id='word_1_258' title='bbox 1284 3337 1484 3408; x_wconf 89' lang='lat' dir='ltr'><strong>censuerunt,</strong></span> <span class='ocrx_word' id='word_1_259' title='bbox 1512 3348 1575 3393; x_wconf 93' lang='lat' dir='ltr'><strong>non</strong></span> <span class='ocrx_word' id='word_1_260' title='bbox 1604 3348 1681 3411; x_wconf 89' lang='lat' dir='ltr'><strong>spe-</strong></span> 
     </span>
     <span class='ocr_line' id='line_1_27' title="bbox 309 3429 1680 3512; baseline -0.001 -19"><span class='ocrx_word' id='word_1_261' title='bbox 309 3432 403 3494; x_wconf 88' lang='lat' dir='ltr'><strong>ctabit</strong></span> <span class='ocrx_word' id='word_1_262' title='bbox 424 3431 578 3495; x_wconf 91' lang='lat' dir='ltr'><strong>lnvocatio</strong></span> <span class='ocrx_word' id='word_1_263' title='bbox 602 3433 639 3494; x_wconf 92' lang='lat' dir='ltr'><strong>ad</strong></span> <span class='ocrx_word' id='word_1_264' title='bbox 661 3431 875 3512; x_wconf 81' lang='lat' dir='ltr'><strong>perficiendam</strong></span> <span class='ocrx_word' id='word_1_265' title='bbox 905 3432 1182 3508; x_wconf 86' lang='lat' dir='ltr'><strong>consecrationem,</strong></span> <span class='ocrx_word' id='word_1_266' title='bbox 1211 3429 1281 3511; x_wconf 91' lang='lat' dir='ltr'><strong>quia</strong></span> <span class='ocrx_word' id='word_1_267' title='bbox 1311 3429 1389 3492; x_wconf 89' lang='lat' dir='ltr'><strong>dicta</strong></span> <span class='ocrx_word' id='word_1_268' title='bbox 1411 3431 1470 3491; x_wconf 90' lang='lat' dir='ltr'><strong>erit</strong></span> <span class='ocrx_word' id='word_1_269' title='bbox 1492 3437 1563 3493; x_wconf 92' lang='lat' dir='ltr'><strong>ante</strong></span> <span class='ocrx_word' id='word_1_270' title='bbox 1584 3429 1680 3492; x_wconf 89' lang='lat' dir='ltr'><strong>verba</strong></span> 
     </span>
     <span class='ocr_line' id='line_1_28' title="bbox 308 3530 1680 3613; baseline -0.003 -19"><span class='ocrx_word' id='word_1_271' title='bbox 308 3531 481 3596; x_wconf 86' lang='lat' dir='ltr'><strong>Dominiea:</strong></span> <span class='ocrx_word' id='word_1_272' title='bbox 505 3551 603 3613; x_wconf 88' lang='lat' dir='ltr'><strong>neque</strong></span> <span class='ocrx_word' id='word_1_273' title='bbox 626 3533 706 3594; x_wconf 90' lang='lat' dir='ltr'><strong>enim</strong></span> <span class='ocrx_word' id='word_1_274' title='bbox 728 3533 810 3594; x_wconf 88' lang='lat' dir='ltr'><strong>orari</strong></span> <span class='ocrx_word' id='word_1_275' title='bbox 831 3550 924 3613; x_wconf 90' lang='lat' dir='ltr'><strong>posse</strong></span> <span class='ocrx_word' id='word_1_276' title='bbox 948 3550 1041 3613; x_wconf 90' lang='lat' dir='ltr'><strong>super</strong></span> <span class='ocrx_word' id='word_1_277' title='bbox 1063 3530 1150 3593; x_wconf 91' lang='lat' dir='ltr'><strong>donis</strong></span> <span class='ocrx_word' id='word_1_278' title='bbox 1168 3530 1230 3610; x_wconf 89' lang='lat' dir='ltr'><strong>jam</strong></span> <span class='ocrx_word' id='word_1_279' title='bbox 1252 3530 1455 3606; x_wconf 86' lang='lat' dir='ltr'><strong>consecratis,</strong></span> <span class='ocrx_word' id='word_1_280' title='bbox 1484 3547 1597 3611; x_wconf 88' lang='lat' dir='ltr'><strong>capere</strong></span> <span class='ocrx_word' id='word_1_281' title='bbox 1619 3545 1680 3590; x_wconf 91' lang='lat' dir='ltr'><strong>un-</strong></span> 
     </span>
     <span class='ocr_line' id='line_1_29' title="bbox 309 3627 1679 3714; baseline -0.003 -20"><span class='ocrx_word' id='word_1_282' title='bbox 309 3648 397 3713; x_wconf 82' lang='lat' dir='ltr'><strong>quam</strong></span> <span class='ocrx_word' id='word_1_283' title='bbox 421 3635 518 3712; x_wconf 89' lang='lat' dir='ltr'><strong>potult</strong></span> <span class='ocrx_word' id='word_1_284' title='bbox 546 3631 664 3694; x_wconf 89' lang='lat' dir='ltr'><strong>illorum</strong></span> <span class='ocrx_word' id='word_1_285' title='bbox 694 3631 845 3694; x_wconf 86' lang='lat' dir='ltr'><strong>hominurn</strong></span> <span class='ocrx_word' id='word_1_286' title='bbox 874 3630 1050 3714; x_wconf 79' lang='lat' dir='ltr'><strong>&#39;lheologia</strong></span> <span class='ocrx_word' id='word_1_287' title='bbox 1102 3629 1185 3692; x_wconf 90' lang='lat' dir='ltr'><strong>llanc</strong></span> <span class='ocrx_word' id='word_1_288' title='bbox 1215 3627 1439 3690; x_wconf 88' lang='lat' dir='ltr'><strong>invocationem</strong></span> <span class='ocrx_word' id='word_1_289' title='bbox 1468 3629 1494 3690; x_wconf 90' lang='lat' dir='ltr'><strong>si</strong></span> <span class='ocrx_word' id='word_1_290' title='bbox 1521 3628 1679 3707; x_wconf 86' lang='lat' dir='ltr'><strong>vidissent,</strong></span> 
     </span>
     <span class='ocr_line' id='line_1_30' title="bbox 308 3726 1678 3814; baseline -0.002 -21"><span class='ocrx_word' id='word_1_291' title='bbox 308 3749 434 3813; x_wconf 86' lang='lat' dir='ltr'><strong>magnas</strong></span> <span class='ocrx_word' id='word_1_292' title='bbox 462 3731 538 3794; x_wconf 88' lang='lat' dir='ltr'><strong>haec</strong></span> <span class='ocrx_word' id='word_1_293' title='bbox 560 3731 694 3814; x_wconf 77' lang='lat' dir='ltr'><strong>liturgia</strong></span> <span class='ocrx_word' id='word_1_294' title='bbox 726 3731 830 3794; x_wconf 90' lang='lat' dir='ltr'><strong>laudes</strong></span> <span class='ocrx_word' id='word_1_295' title='bbox 860 3730 897 3793; x_wconf 88' lang='lat' dir='ltr'><strong>ab</strong></span> <span class='ocrx_word' id='word_1_296' title='bbox 928 3729 986 3792; x_wconf 91' lang='lat' dir='ltr'><strong>illis</strong></span> <span class='ocrx_word' id='word_1_297' title='bbox 1014 3736 1178 3793; x_wconf 89' lang='lat' dir='ltr'><strong>consecuta</strong></span> <span class='ocrx_word' id='word_1_298' title='bbox 1205 3726 1327 3806; x_wconf 87' lang='lat' dir='ltr'><strong>luisset,</strong></span> <span class='ocrx_word' id='word_1_299' title='bbox 1363 3744 1529 3809; x_wconf 91' lang='lat' dir='ltr'><strong>omnesque</strong></span> <span class='ocrx_word' id='word_1_300' title='bbox 1558 3746 1599 3790; x_wconf 84' lang='lat' dir='ltr'><strong>ex</strong></span> <span class='ocrx_word' id='word_1_301' title='bbox 1627 3726 1678 3790; x_wconf 90' lang='lat' dir='ltr'><strong>illa</strong></span> 
     </span>
     <span class='ocr_line' id='line_1_31' title="bbox 307 3824 1681 3912; baseline -0.005 -18"><span class='ocrx_word' id='word_1_302' title='bbox 307 3829 515 3894; x_wconf 77' lang='lat' dir='ltr'><strong>reformandas</strong></span> <span class='ocrx_word' id='word_1_303' title='bbox 537 3831 733 3912; x_wconf 89' lang='lat' dir='ltr'><strong>pronuntiare</strong></span> <span class='ocrx_word' id='word_1_304' title='bbox 761 3847 821 3892; x_wconf 89' lang='lat' dir='ltr'><strong>non</strong></span> <span class='ocrx_word' id='word_1_305' title='bbox 853 3829 1054 3908; x_wconf 88' lang='lat' dir='ltr'><strong>dubitassent,</strong></span> <span class='ocrx_word' id='word_1_306' title='bbox 1084 3828 1160 3890; x_wconf 90' lang='lat' dir='ltr'><strong>adeo</strong></span> <span class='ocrx_word' id='word_1_307' title='bbox 1188 3826 1295 3889; x_wconf 89' lang='lat' dir='ltr'><strong>haeret</strong></span> <span class='ocrx_word' id='word_1_308' title='bbox 1323 3827 1427 3888; x_wconf 89' lang='lat' dir='ltr'><strong>animis</strong></span> <span class='ocrx_word' id='word_1_309' title='bbox 1454 3824 1575 3890; x_wconf 89' lang='lat' dir='ltr'><strong>illorum</strong></span> <span class='ocrx_word' id='word_1_310' title='bbox 1604 3825 1681 3888; x_wconf 87' lang='lat' dir='ltr'><strong>haec</strong></span> 
     </span>
     <span class='ocr_line' id='line_1_32' title="bbox 309 3924 1679 4012; baseline -0.006 -18"><span class='ocrx_word' id='word_1_311' title='bbox 309 3931 423 4012; x_wconf 86' lang='lat' dir='ltr'><strong>opinio.</strong></span> <span class='ocrx_word' id='word_1_312' title='bbox 461 3928 503 3992; x_wconf 79' lang='lat' dir='ltr'><strong>At</strong></span> <span class='ocrx_word' id='word_1_313' title='bbox 523 3937 645 3992; x_wconf 90' lang='lat' dir='ltr'><strong>veteres</strong></span> <span class='ocrx_word' id='word_1_314' title='bbox 667 3929 709 3991; x_wconf 90' lang='lat' dir='ltr'><strong>illi</strong></span> <span class='ocrx_word' id='word_1_315' title='bbox 732 3929 802 4008; x_wconf 80' lang='lat' dir='ltr'><strong>syri</strong></span> <span class='ocrx_word' id='word_1_316' title='bbox 824 3946 950 4008; x_wconf 90' lang='lat' dir='ltr'><strong>quorum</strong></span> <span class='ocrx_word' id='word_1_317' title='bbox 972 3926 1056 3991; x_wconf 86' lang='lat' dir='ltr'><strong>Ritus</strong></span> <span class='ocrx_word' id='word_1_318' title='bbox 1080 3925 1251 3990; x_wconf 85' lang='lat' dir='ltr'><strong>Nestoriani</strong></span> <span class='ocrx_word' id='word_1_319' title='bbox 1277 3927 1419 4006; x_wconf 89' lang='lat' dir='ltr'><strong>proprios</strong></span> <span class='ocrx_word' id='word_1_320' title='bbox 1442 3924 1498 3989; x_wconf 90' lang='lat' dir='ltr'><strong>sibi</strong></span> <span class='ocrx_word' id='word_1_321' title='bbox 1531 3925 1679 4006; x_wconf 85' lang='lat' dir='ltr'><strong>iecerunt,</strong></span> 
     </span>
     <span class='ocr_line' id='line_1_33' title="bbox 308 4023 1677 4111; baseline -0.006 -17"><span class='ocrx_word' id='word_1_322' title='bbox 308 4039 340 4095; x_wconf 87' lang='lat' dir='ltr'><strong>et</strong></span> <span class='ocrx_word' id='word_1_323' title='bbox 361 4030 551 4093; x_wconf 88' lang='lat' dir='ltr'><strong>recentiores</strong></span> <span class='ocrx_word' id='word_1_324' title='bbox 580 4029 631 4111; x_wconf 92' lang='lat' dir='ltr'><strong>qui</strong></span> <span class='ocrx_word' id='word_1_325' title='bbox 660 4027 708 4090; x_wconf 89' lang='lat' dir='ltr'><strong>illa</strong></span> <span class='ocrx_word' id='word_1_326' title='bbox 732 4027 834 4090; x_wconf 84' lang='lat' dir='ltr'><strong>Obicio</strong></span> <span class='ocrx_word' id='word_1_327' title='bbox 857 4028 969 4108; x_wconf 91' lang='lat' dir='ltr'><strong>scripta</strong></span> <span class='ocrx_word' id='word_1_328' title='bbox 991 4027 1196 4109; x_wconf 85' lang='lat' dir='ltr'><strong>reliquerunt,</strong></span> <span class='ocrx_word' id='word_1_329' title='bbox 1231 4031 1282 4087; x_wconf 88' lang='lat' dir='ltr'><strong>aut</strong></span> <span class='ocrx_word' id='word_1_330' title='bbox 1311 4042 1372 4087; x_wconf 91' lang='lat' dir='ltr'><strong>non</strong></span> <span class='ocrx_word' id='word_1_331' title='bbox 1402 4025 1459 4087; x_wconf 87' lang='lat' dir='ltr'><strong>sibi</strong></span> <span class='ocrx_word' id='word_1_332' title='bbox 1488 4023 1677 4105; x_wconf 81' lang='lat' dir='ltr'><strong>constabant,</strong></span> 
     </span>
     <span class='ocr_line' id='line_1_34' title="bbox 309 4120 1678 4208; baseline -0.006 -14"><span class='ocrx_word' id='word_1_333' title='bbox 309 4139 361 4194; x_wconf 88' lang='lat' dir='ltr'><strong>aut</strong></span> <span class='ocrx_word' id='word_1_334' title='bbox 382 4131 470 4194; x_wconf 89' lang='lat' dir='ltr'><strong>aliter</strong></span> <span class='ocrx_word' id='word_1_335' title='bbox 491 4128 671 4205; x_wconf 78' lang='lat' dir='ltr'><strong>sentiebant,</strong></span> <span class='ocrx_word' id='word_1_336' title='bbox 694 4146 762 4191; x_wconf 92' lang='lat' dir='ltr'><strong>cum</strong></span> <span class='ocrx_word' id='word_1_337' title='bbox 784 4128 810 4190; x_wconf 91' lang='lat' dir='ltr'><strong>si</strong></span> <span class='ocrx_word' id='word_1_338' title='bbox 833 4127 863 4188; x_wconf 92' lang='lat' dir='ltr'><strong>in</strong></span> <span class='ocrx_word' id='word_1_339' title='bbox 885 4127 981 4208; x_wconf 89' lang='lat' dir='ltr'><strong>prima</strong></span> <span class='ocrx_word' id='word_1_340' title='bbox 1012 4127 1069 4189; x_wconf 90' lang='lat' dir='ltr'><strong>ista</strong></span> <span class='ocrx_word' id='word_1_341' title='bbox 1091 4125 1228 4207; x_wconf 78' lang='lat' dir='ltr'><strong>liturgia</strong></span> <span class='ocrx_word' id='word_1_342' title='bbox 1249 4122 1405 4187; x_wconf 90' lang='lat' dir='ltr'><strong>lnvocatio</strong></span> <span class='ocrx_word' id='word_1_343' title='bbox 1428 4120 1557 4204; x_wconf 86' lang='lat' dir='ltr'><strong>Spiritus</strong></span> <span class='ocrx_word' id='word_1_344' title='bbox 1580 4125 1678 4187; x_wconf 89' lang='lat' dir='ltr'><strong>sancti</strong></span> 
     </span>
     <span class='ocr_line' id='line_1_35' title="bbox 307 4223 1677 4312; baseline -0.007 -18"><span class='ocrx_word' id='word_1_345' title='bbox 307 4248 402 4312; x_wconf 89' lang='lat' dir='ltr'><strong>super</strong></span> <span class='ocrx_word' id='word_1_346' title='bbox 424 4228 502 4292; x_wconf 89' lang='lat' dir='ltr'><strong>dona</strong></span> <span class='ocrx_word' id='word_1_347' title='bbox 525 4230 679 4308; x_wconf 89' lang='lat' dir='ltr'><strong>proposita</strong></span> <span class='ocrx_word' id='word_1_348' title='bbox 701 4227 761 4306; x_wconf 86' lang='lat' dir='ltr'><strong>liat,</strong></span> <span class='ocrx_word' id='word_1_349' title='bbox 785 4234 854 4289; x_wconf 92' lang='lat' dir='ltr'><strong>ante</strong></span> <span class='ocrx_word' id='word_1_350' title='bbox 874 4226 1066 4306; x_wconf 87' lang='lat' dir='ltr'><strong>pronuntiata</strong></span> <span class='ocrx_word' id='word_1_351' title='bbox 1079 4224 1191 4288; x_wconf 89' lang='lat' dir='ltr'><strong>Christi</strong></span> <span class='ocrx_word' id='word_1_352' title='bbox 1203 4225 1310 4302; x_wconf 90' lang='lat' dir='ltr'><strong>verba,</strong></span> <span class='ocrx_word' id='word_1_353' title='bbox 1332 4239 1432 4304; x_wconf 89' lang='lat' dir='ltr'><strong>neque</strong></span> <span class='ocrx_word' id='word_1_354' title='bbox 1454 4223 1558 4286; x_wconf 89' lang='lat' dir='ltr'><strong>similis</strong></span> <span class='ocrx_word' id='word_1_355' title='bbox 1580 4223 1677 4286; x_wconf 91' lang='lat' dir='ltr'><strong>altera</strong></span> 
     </span>
     <span class='ocr_line' id='line_1_36' title="bbox 308 4319 1677 4410; baseline -0.007 -17"><span class='ocrx_word' id='word_1_356' title='bbox 308 4330 454 4410; x_wconf 90' lang='lat' dir='ltr'><strong>deinceps</strong></span> <span class='ocrx_word' id='word_1_357' title='bbox 477 4327 718 4409; x_wconf 87' lang='lat' dir='ltr'><strong>praescribatur,</strong></span> <span class='ocrx_word' id='word_1_358' title='bbox 748 4329 779 4389; x_wconf 91' lang='lat' dir='ltr'><strong>in</strong></span> <span class='ocrx_word' id='word_1_359' title='bbox 801 4324 917 4388; x_wconf 90' lang='lat' dir='ltr'><strong>duabus</strong></span> <span class='ocrx_word' id='word_1_360' title='bbox 940 4324 1042 4388; x_wconf 90' lang='lat' dir='ltr'><strong>alleris</strong></span> <span class='ocrx_word' id='word_1_361' title='bbox 1066 4323 1218 4387; x_wconf 87' lang='lat' dir='ltr'><strong>Theodori</strong></span> <span class='ocrx_word' id='word_1_362' title='bbox 1241 4330 1272 4386; x_wconf 93' lang='lat' dir='ltr'><strong>et</strong></span> <span class='ocrx_word' id='word_1_363' title='bbox 1293 4319 1442 4400; x_wconf 88' lang='lat' dir='ltr'><strong>Nestorii,</strong></span> <span class='ocrx_word' id='word_1_364' title='bbox 1470 4321 1578 4385; x_wconf 90' lang='lat' dir='ltr'><strong>eodem</strong></span> <span class='ocrx_word' id='word_1_365' title='bbox 1608 4319 1677 4384; x_wconf 91' lang='lat' dir='ltr'><strong>loco</strong></span> 
     </span>
     <span class='ocr_line' id='line_1_37' title="bbox 308 4417 1678 4510; baseline -0.009 -18"><span class='ocrx_word' id='word_1_366' title='bbox 308 4430 491 4510; x_wconf 80' lang='lat' dir='ltr'><strong>assignatur,</strong></span> <span class='ocrx_word' id='word_1_367' title='bbox 514 4445 574 4507; x_wconf 91' lang='lat' dir='ltr'><strong>quo</strong></span> <span class='ocrx_word' id='word_1_368' title='bbox 599 4433 680 4488; x_wconf 86' lang='lat' dir='ltr'><strong>extat</strong></span> <span class='ocrx_word' id='word_1_369' title='bbox 703 4429 732 4488; x_wconf 92' lang='lat' dir='ltr'><strong>in</strong></span> <span class='ocrx_word' id='word_1_370' title='bbox 755 4425 897 4504; x_wconf 88' lang='lat' dir='ltr'><strong>Graecis,</strong></span> <span class='ocrx_word' id='word_1_371' title='bbox 928 4431 959 4487; x_wconf 91' lang='lat' dir='ltr'><strong>et</strong></span> <span class='ocrx_word' id='word_1_372' title='bbox 981 4422 1184 4486; x_wconf 87' lang='lat' dir='ltr'><strong>Orientalibus</strong></span> <span class='ocrx_word' id='word_1_373' title='bbox 1206 4421 1369 4504; x_wconf 81' lang='lat' dir='ltr'><strong>Liturgiis,</strong></span> <span class='ocrx_word' id='word_1_374' title='bbox 1399 4419 1534 4501; x_wconf 88' lang='lat' dir='ltr'><strong>ipsisque</strong></span> <span class='ocrx_word' id='word_1_375' title='bbox 1564 4417 1678 4498; x_wconf 87' lang='lat' dir='ltr'><strong>verbis,</strong></span> 
     </span>
     <span class='ocr_line' id='line_1_38' title="bbox 309 4516 1699 4609; baseline -0.006 -20"><span class='ocrx_word' id='word_1_376' title='bbox 309 4546 387 4609; x_wconf 90' lang='lat' dir='ltr'><strong>quae</strong></span> <span class='ocrx_word' id='word_1_377' title='bbox 409 4544 528 4603; x_wconf 89' lang='lat' dir='ltr'><strong>novam,</strong></span> <span class='ocrx_word' id='word_1_378' title='bbox 552 4533 584 4587; x_wconf 93' lang='lat' dir='ltr'><strong>ut</strong></span> <span class='ocrx_word' id='word_1_379' title='bbox 606 4527 689 4588; x_wconf 90' lang='lat' dir='ltr'><strong>aiunt</strong></span> <span class='ocrx_word' id='word_1_380' title='bbox 712 4524 898 4588; x_wconf 88' lang='lat' dir='ltr'><strong>Graecorum</strong></span> <span class='ocrx_word' id='word_1_381' title='bbox 920 4522 1061 4586; x_wconf 87' lang='lat' dir='ltr'><strong>haeresin</strong></span> <span class='ocrx_word' id='word_1_382' title='bbox 1084 4530 1189 4605; x_wconf 91' lang='lat' dir='ltr'><strong>aperte</strong></span> <span class='ocrx_word' id='word_1_383' title='bbox 1216 4521 1404 4585; x_wconf 84' lang='lat' dir='ltr'><strong>confirmant.</strong></span> <span class='ocrx_word' id='word_1_384' title='bbox 1448 4519 1509 4581; x_wconf 91' lang='lat' dir='ltr'><strong>lrno</strong></span> <span class='ocrx_word' id='word_1_385' title='bbox 1532 4519 1562 4581; x_wconf 91' lang='lat' dir='ltr'><strong>in</strong></span> <span class='ocrx_word' id='word_1_386' title='bbox 1583 4516 1699 4581; x_wconf 67' lang='lat' dir='ltr'><strong>uisse·</strong></span> 
     </span>
     <span class='ocr_line' id='line_1_39' title="bbox 309 4617 1676 4706; baseline -0.007 -16"><span class='ocrx_word' id='word_1_387' title='bbox 309 4625 463 4690; x_wconf 85' lang='lat' dir='ltr'><strong>Theodori</strong></span> <span class='ocrx_word' id='word_1_388' title='bbox 492 4624 712 4706; x_wconf 89' lang='lat' dir='ltr'><strong>interjiciuntur</strong></span> <span class='ocrx_word' id='word_1_389' title='bbox 735 4626 885 4688; x_wconf 90' lang='lat' dir='ltr'><strong>orationes</strong></span> <span class='ocrx_word' id='word_1_390' title='bbox 907 4621 1019 4686; x_wconf 88' lang='lat' dir='ltr'><strong>multae</strong></span> <span class='ocrx_word' id='word_1_391' title='bbox 1041 4623 1121 4684; x_wconf 88' lang='lat' dir='ltr'><strong>inter</strong></span> <span class='ocrx_word' id='word_1_392' title='bbox 1135 4620 1246 4684; x_wconf 87' lang='lat' dir='ltr'><strong>Christi</strong></span> <span class='ocrx_word' id='word_1_393' title='bbox 1268 4618 1363 4682; x_wconf 89' lang='lat' dir='ltr'><strong>verba</strong></span> <span class='ocrx_word' id='word_1_394' title='bbox 1386 4626 1416 4680; x_wconf 92' lang='lat' dir='ltr'><strong>et</strong></span> <span class='ocrx_word' id='word_1_395' title='bbox 1438 4617 1676 4698; x_wconf 74' lang='lat' dir='ltr'><strong>{avocationem</strong></span> 
     </span>
     <span class='ocr_line' id='line_1_40' title="bbox 309 4717 1677 4808; baseline -0.004 -22"><span class='ocrx_word' id='word_1_396' title='bbox 309 4724 390 4807; x_wconf 92' lang='lat' dir='ltr'><strong>quod</strong></span> <span class='ocrx_word' id='word_1_397' title='bbox 411 4741 472 4786; x_wconf 95' lang='lat' dir='ltr'><strong>non</strong></span> <span class='ocrx_word' id='word_1_398' title='bbox 495 4723 627 4787; x_wconf 90' lang='lat' dir='ltr'><strong>occurrit</strong></span> <span class='ocrx_word' id='word_1_399' title='bbox 649 4725 679 4786; x_wconf 92' lang='lat' dir='ltr'><strong>in</strong></span> <span class='ocrx_word' id='word_1_400' title='bbox 702 4724 778 4789; x_wconf 86' lang='lat' dir='ltr'><strong>aliis.</strong></span> <span class='ocrx_word' id='word_1_401' title='bbox 828 4723 876 4786; x_wconf 85' lang='lat' dir='ltr'><strong>Ex</strong></span> <span class='ocrx_word' id='word_1_402' title='bbox 898 4722 962 4786; x_wconf 89' lang='lat' dir='ltr'><strong>sola</strong></span> <span class='ocrx_word' id='word_1_403' title='bbox 985 4720 1186 4784; x_wconf 87' lang='lat' dir='ltr'><strong>blalabarieae</strong></span> <span class='ocrx_word' id='word_1_404' title='bbox 1209 4719 1319 4782; x_wconf 87' lang='lat' dir='ltr'><strong>Missae</strong></span> <span class='ocrx_word' id='word_1_405' title='bbox 1341 4717 1447 4780; x_wconf 89' lang='lat' dir='ltr'><strong>Latina</strong></span> <span class='ocrx_word' id='word_1_406' title='bbox 1469 4717 1677 4808; x_wconf 80' lang='lat' dir='ltr'><strong>versione,ut</strong></span> 
     </span>
     <span class='ocr_line' id='line_1_41' title="bbox 308 4816 1677 4904; baseline -0.004 -17"><span class='ocrx_word' id='word_1_407' title='bbox 308 4825 396 4888; x_wconf 87' lang='lat' dir='ltr'><strong>etiarn</strong></span> <span class='ocrx_word' id='word_1_408' title='bbox 426 4843 466 4886; x_wconf 89' lang='lat' dir='ltr'><strong>ex</strong></span> <span class='ocrx_word' id='word_1_409' title='bbox 494 4823 609 4887; x_wconf 93' lang='lat' dir='ltr'><strong>Codice</strong></span> <span class='ocrx_word' id='word_1_410' title='bbox 637 4825 751 4904; x_wconf 91' lang='lat' dir='ltr'><strong>scripto</strong></span> <span class='ocrx_word' id='word_1_411' title='bbox 782 4841 871 4888; x_wconf 93' lang='lat' dir='ltr'><strong>manu</strong></span> <span class='ocrx_word' id='word_1_412' title='bbox 899 4819 1024 4903; x_wconf 89' lang='lat' dir='ltr'><strong>lo&#39;sephi</strong></span> <span class='ocrx_word' id='word_1_413' title='bbox 1057 4818 1247 4883; x_wconf 89' lang='lat' dir='ltr'><strong>Patriarchae</strong></span> <span class='ocrx_word' id='word_1_414' title='bbox 1281 4816 1413 4897; x_wconf 89' lang='lat' dir='ltr'><strong>suspicio</strong></span> <span class='ocrx_word' id='word_1_415' title='bbox 1439 4819 1524 4881; x_wconf 91' lang='lat' dir='ltr'><strong>nasci</strong></span> <span class='ocrx_word' id='word_1_416' title='bbox 1555 4823 1677 4900; x_wconf 89' lang='lat' dir='ltr'><strong>poterat</strong></span> 
     </span>
     <span class='ocr_line' id='line_1_42' title="bbox 307 4915 1676 5007; baseline -0.004 -21"><span class='ocrx_word' id='word_1_417' title='bbox 307 4941 504 5005; x_wconf 88' lang='lat' dir='ltr'><strong>suppressam</strong></span> <span class='ocrx_word' id='word_1_418' title='bbox 526 4922 619 4986; x_wconf 89' lang='lat' dir='ltr'><strong>luisse</strong></span> <span class='ocrx_word' id='word_1_419' title='bbox 642 4930 691 4985; x_wconf 87' lang='lat' dir='ltr'><strong>aut</strong></span> <span class='ocrx_word' id='word_1_420' title='bbox 714 4923 924 5007; x_wconf 86' lang='lat' dir='ltr'><strong>transpositam</strong></span> <span class='ocrx_word' id='word_1_421' title='bbox 954 4918 1195 4996; x_wconf 88' lang='lat' dir='ltr'><strong>lnvocationem,</strong></span> <span class='ocrx_word' id='word_1_422' title='bbox 1225 4937 1267 4981; x_wconf 87' lang='lat' dir='ltr'><strong>cx</strong></span> <span class='ocrx_word' id='word_1_423' title='bbox 1287 4915 1493 4999; x_wconf 88' lang='lat' dir='ltr'><strong>praejudicata</strong></span> <span class='ocrx_word' id='word_1_424' title='bbox 1522 4917 1676 4999; x_wconf 91' lang='lat' dir='ltr'><strong>opinione,</strong></span> 
     </span>
     <span class='ocr_line' id='line_1_43' title="bbox 307 5014 1676 5105; baseline -0.004 -21"><span class='ocrx_word' id='word_1_425' title='bbox 307 5023 392 5105; x_wconf 89' lang='lat' dir='ltr'><strong>eujus</strong></span> <span class='ocrx_word' id='word_1_426' title='bbox 415 5022 524 5086; x_wconf 86' lang='lat' dir='ltr'><strong>landus</strong></span> <span class='ocrx_word' id='word_1_427' title='bbox 548 5022 601 5087; x_wconf 86' lang='lat' dir='ltr'><strong>luit</strong></span> <span class='ocrx_word' id='word_1_428' title='bbox 624 5023 874 5088; x_wconf 88' lang='lat' dir='ltr'><strong>Turrecremutae</strong></span> <span class='ocrx_word' id='word_1_429' title='bbox 896 5019 1057 5103; x_wconf 86' lang='lat' dir='ltr'><strong>disputatio</strong></span> <span class='ocrx_word' id='word_1_430' title='bbox 1079 5017 1262 5100; x_wconf 86' lang='lat' dir='ltr'><strong>Florentiae,</strong></span> <span class='ocrx_word' id='word_1_431' title='bbox 1286 5016 1372 5100; x_wconf 89' lang='lat' dir='ltr'><strong>cujus</strong></span> <span class='ocrx_word' id='word_1_432' title='bbox 1393 5024 1494 5081; x_wconf 88' lang='lat' dir='ltr'><strong>tomen</strong></span> <span class='ocrx_word' id='word_1_433' title='bbox 1516 5017 1593 5081; x_wconf 90' lang='lat' dir='ltr'><strong>ratio</strong></span> <span class='ocrx_word' id='word_1_434' title='bbox 1616 5014 1676 5078; x_wconf 90' lang='lat' dir='ltr'><strong>ha-</strong></span> 
     </span>
    </p>
   </div>
   <div class='ocr_carea' id='block_1_5' title="bbox 0 0 2396 6068">
    <p class='ocr_par' dir='ltr' id='par_1_5' title="bbox 0 0 2396 6068">
     <span class='ocr_line' id='line_1_44' title="bbox 0 0 2396 6068; baseline 0 1"><span class='ocrx_word' id='word_1_435' title='bbox 0 0 2396 6068; x_wconf 95' lang='lat' dir='ltr'><strong> </strong></span> 
     </span>
    </p>
   </div>
  </div>
 </body>
</html>
