4804 6026
1116 575 1292 655 ORDO
1345 575 1723 656 oonnnnls

1313 901 1399 972 Alia
1433 901 1563 972 Oratis.

855 1105 903 1179 Os
930 1113 1018 1178 tuum
1044 1105 1188 1178 Domine
1213 1127 1330 1201 purum
1356 1115 1391 1178 ct
1417 1116 1565 1200 sanctum
1592 1107 1844 1202 pronunciavit,
1878 1107 1982 1177 etita
2015 1104 2115 1178 dixit:

752 1227 948 1318 quicumque
973 1220 1234 1294 manducaverit«
1250 1243 1372 1318 corpus
1398 1245 1526 1312 meum,
1559 1230 1593 1293 et
1625 1219 1748 1294 biberit
1765 1223 1970 1313 sanguinem
1995 1245 2116 1314 meum,

753 1339 894 1411 credens
921 1341 953 1409 in
980 1361 1052 1428 me,
1079 1341 1212 1434 ipsein
1238 1361 1292 1410 me
1317 1347 1429 1410 manet
1455 1349 1488 1411 et
1514 1361 1580 1430 ego
1607 1341 1641 1409 in
1668 1361 1726 1426 eo,
1754 1347 1788 1409 et
1814 1359 1880 1430 ego
1907 1337 2116 1412 resuscitabo

752 1476 828 1526 eum
854 1457 887 1525 in
913 1456 1099 1527 novissimo
1127 1453 1196 1526 die:
1223 1453 1320 1527 nobis
1347 1457 1447 1547 igitur
1472 1453 1635 1544 Domine,
1671 1458 1726 1549 qui
1759 1453 1961 1527 comedimus
1995 1477 2118 1551 corpus

752 1581 842 1643 tunm
868 1581 1014 1644 sanctum
1043 1579 1077 1642 et
1101 1567 1243 1642 bibimus
1270 1574 1465 1663 sangninem
1490 1581 1580 1642 arum
1605 1573 1885 1666 propitiatorium,
1911 1591 1980 1642 non
2006 1573 2049 1643 sit
2075 1571 2117 1652 ad

748 1686 924 1777 judicium,
951 1695 1007 1758 aut
1033 1686 1339 1759 condemnationem
1366 1696 1400 1759 et
1425 1689 1688 1776 accusationem,
1713 1694 1750 1758 ut
1775 1708 1884 1780 noque
1909 1685 2034 1782 populo
2060 1697 2116 1758 tuo
2227 1676 2228 1684 ἵ

754 1801 858 1874 tideli:
892 1802 953 1874 sed
987 1801 1028 1874 ad
1060 1804 1191 1874 veniam
1225 1801 1434 1874 delictorum:
1475 1803 1517 1874 ad
1550 1806 1779 1876 remissionem
1810 1811 2045 1898 peccatorum,
2076 1802 2119 1875 ad

753 1921 1032 1990 resurrectionem
1066 1942 1086 1990 a
1119 1921 1275 2007 mortuis,
1317 1929 1350 1990 et
1383 1918 1534 1991 fiduciam
1571 1941 1685 1992 coram
1721 1919 1806 1992 solio
1841 1928 1898 1990 tuo
1933 1917 2118 2010 tremendo,

753 2033 897 2106 Domine
922 2035 1015 2106 Dens
1040 2044 1174 2122 noster,
1200 2038 1234 2106 in
1261 2033 1405 2106 saecula.

855 2149 1040 2243 Postquam
1079 2153 1193 2221 omnia
1227 2153 1418 2244 perfecerit
1452 2173 1539 2246 quae
1578 2151 1625 2221 ad
1659 2150 1956 2221 administrandam
1996 2171 2120 2244 corpas

754 2263 882 2336 Christi
902 2269 1095 2358 pertineat,
1123 2265 1216 2338 dicit.
1268 2265 1429 2338 Dominus
1455 2271 1563 2362 pascit
1588 2289 1642 2338 me
1668 2277 1701 2338 et
1726 2265 1805 2337 nihil
1829 2263 1907 2338 mibi
1934 2266 2056 2355 deerit,
2084 2272 2119 2338 et

752 2379 917 2474 reliquum
942 2371 1120 2453 Psalmum.

855 2497 1097 2594 Absterqitque
1123 2499 1249 2570 discum
1275 2499 1566 2588 Eucharisticam,
1595 2505 1630 2571 et
1655 2499 1749 2572 dicit.
2081 2580 2084 2584 ,

856 2611 894 2686 Si
919 2611 1103 2687 membrum
1129 2613 1278 2710 aliquod,
1307 2615 1399 2705 (sive
1414 2615 1594 2713 particula)
1614 2624 1785 2712 superest,
1811 2605 1983 2689 remaneat
1997 2616 2117 2706 (com-

750 2728 961 2821 mendatum)
989 2734 1148 2803 scientiae
1173 2741 1252 2803 tuae
1279 2753 1362 2826 quac
1388 2732 1541 2805 mundum
1569 2735 1705 2806 creavit
1764 2731 1801 2804 Si
1833 2730 2015 2804 membrum
2048 2731 2118 2804 ali-

754 2844 843 2940 quod
869 2857 1038 2942 superest,
1066 2851 1109 2921 sit
1134 2847 1180 2919 illi
1205 2847 1366 2922 Dominus
1393 2857 1506 2921 custos
1534 2860 1567 2921 et
1592 2850 1689 2923 nobis
1716 2853 1886 2945 propitius.

854 2963 904 3033 Et
925 2969 1102 3057 postquam
1123 2967 1316 3057 perfecerit
1342 2965 1585 3037 abstersionem
1613 2966 1750 3056 calicis,
1778 2967 1870 3036 dicit.

857 3078 943 3164 Quid
969 3077 1148 3151 retribuam
1177 3079 1321 3153 Domino
1352 3102 1413 3175 pro
1440 3082 1592 3156 omnibus
1620 3105 1705 3178 quae
1731 3081 1882 3154 retribuit
1907 3079 2012 3155 mihi?
2043 3073 2118 3151 Ca-

751 3189 847 3264 licem
875 3193 989 3267 salutis
1017 3197 1196 3291 accipiam,
1224 3207 1257 3270 et
1283 3219 1404 3270 nomen
1429 3199 1562 3271 Domini
1588 3195 1764 3272 invocabo.
1816 3197 1906 3272 Vota
1936 3219 2012 3270 mea
2038 3196 2118 3270 Do·

752 3317 841 3385 mino
868 3311 1019 3404 reddam,
1048 3327 1110 3389 etc.

1057 3555 1137 3627 Tam
1163 3559 1247 3629 dicit
1272 3557 1362 3628 banc
1390 3557 1586 3628 Orationem
1611 3553 1656 3626 D.
1682 3552 1818 3626 Jacobi.

856 3761 919 3833 Fili
946 3759 1055 3850 Deus,
1084 3767 1139 3858 qui
1164 3785 1226 3858 per
1251 3739 1504 3836 immolationem
1532 3764 1596 3850 tui,
1624 3759 1763 3833 salvasti
1787 3781 1887 3848 reos,
1919 3781 1981 3855 per
2006 3762 2120 3832 sacri-

752 3877 862 3950 ficium
887 3887 978 3951 tunm
1003 3883 1137 3951 vivum:
1170 3880 1295 3974 dissipa
1321 3884 1496 3976 passiones
1532 3899 1643 3967 meas,
1676 3897 1756 3949 sana
1787 3875 1991 3949 infirmitates
2023 3898 2117 3952 meas

753 4005 786 4065 et
812 3997 974 4066 miserere
998 3997 1075 4066 mei.

855 4108 1041 4205 Postquam
1067 4109 1228 4183 abstersit
1253 4111 1394 4182 calicem
1420 4109 1582 4205 spoaqia,
1610 4110 1695 4180 dicit
1725 4108 1815 4180 bunc
1849 4111 2048 4182 Drabonem
2071 4109 2117 4182 D.

754 4224 911 4319 prrem.

856 4339 1027 4436 Absterge
1053 4345 1196 4418 Domine
1222 4346 1363 4440 spongia
1390 4342 1637 4416 misericordiae
1662 4355 1760 4433 tuae,
1794 4344 1902 4415 omnia
1938 4341 2057 4414 delicta
2083 4353 2119 4416 et

753 4469 892 4554 peccata
920 4481 1005 4553 quae
1032 4463 1180 4533 commisi
1207 4482 1320 4534 coram
1346 4471 1390 4533 te.
1417 4461 1561 4553 Ignosce
1586 4481 1648 4554 per
1673 4458 1878 4531 clementiam
1911 4469 2000 4532 tuam
2026 4458 2118 4549 Rex,

756 4574 887 4648 Christe
913 4575 1101 4650 vivificator
1125 4589 1259 4667 noster,
1284 4575 1361 4649 mihi
1389 4579 1443 4672 qui
1470 4575 1695 4649 administravi
1725 4577 1884 4671 mysteria
1911 4585 1966 4647 trra
1993 4587 2118 4648 saneta.

754 4691 895 4765 Praesta
920 4691 997 4762 mihi
1023 4704 1058 4765 ut
1084 4715 1158 4764 cum
1184 4696 1248 4789 piis
1275 4704 1309 4765 et
1331 4695 1429 4785 justis
1456 4694 1511 4788 qui
1538 4701 1731 4764 amavenmt
1760 4702 1815 4782 te,
1848 4693 2028 4764 ministrem
2060 4689 2119 4763 tibi

755 4807 898 4880 Domine
924 4810 957 4879 in
984 4831 1090 4900 regno
1117 4820 1173 4883 tuo
1200 4807 1358 4900 coelesti,
1384 4813 1417 4880 in
1444 4807 1578 4884 saecula
1604 4819 1788 4905 perpetuo,
1813 4809 1966 4882 Domine.
1997 4809 2119 4900 Amen,

754 4926 790 4995 in
816 4924 950 4998 saecula
976 4925 1194 5000 saeculorum.

802 5067 805 5074 ·
858 5041 906 5114 Et
931 5063 1004 5113 crati
1029 5041 1136 5114 abluit
1160 5065 1294 5132 maus,
1321 5043 1414 5114 dicit.
