4712 6032
679 675 1309 754 SANCTllGllblll.
1602 677 1679 750 217

305 866 464 958 judicium
491 866 676 952 nobiscum,
703 884 769 934 non
796 863 938 934 reducas
966 866 998 934 in
1017 866 1411 968 memoriam-iniquitates
1438 874 1585 953 nostras,
1612 888 1680 938 non
1733 886 1737 896 ⁴

311 983 352 1054 ad
385 1004 529 1053 examen
556 984 724 1067 strictum,
757 1001 865 1051 voces
893 1001 956 1052 nos
984 993 1017 1053 et
1057 985 1254 1053 constituas:
1290 1003 1333 1051 ne
1368 983 1470 1053 simus
1506 981 1625 1055 exules
1660 1008 1680 1054 a

309 1101 417 1187 gretia
444 1109 512 1182 tua,
538 1119 646 1190 neque
672 1093 771 1165 alieni
798 1093 839 1163 ab
866 1091 1069 1163 haereditate
1097 1105 1168 1164 tua:
1201 1115 1245 1163 ne
1272 1093 1350 1162 diris
1378 1091 1576 1163 cruciatibus
1604 1103 1680 1164 tra-

310 1211 436 1301 damur,
462 1213 530 1282 non
557 1210 599 1281 ad
625 1231 775 1280 vermem
811 1207 985 1279 rodentem
1019 1207 1236 1302 praecordia,
1271 1230 1345 1278 cum
1381 1211 1488 1302 impiis
1521 1207 1680 1280 amandes

308 1349 388 1416 nos3
423 1349 492 1398 non
518 1329 551 1397 in
577 1334 673 1422 parte
707 1346 822 1395 eornm
850 1326 905 1417 qni
939 1333 971 1394 te
1005 1324 1240 1395 crucifixerunt
1266 1346 1483 1396 censeamur:
1510 1348 1577 1397 non
1604 1349 1678 1397 cum

309 1446 417 1538 impiis
445 1451 643 1516 stamamnr:
670 1462 739 1512 non
765 1442 945 1536 participes
972 1440 1156 1534 iniquomm
1191 1442 1310 1512 simus:
1346 1461 1414 1512 non
1448 1443 1481 1510 in
1517 1438 1678 1537 supplicia

309 1569 342 1631 et
369 1557 530 1632 stridores
558 1557 702 1628 dentium
728 1559 959 1652 projiciamur:
993 1577 1061 1626 non
1094 1554 1244 1646 abneges
1271 1576 1354 1644 nos,
1390 1556 1494 1627 veluti
1530 1579 1590 1630 eos
1624 1561 1679 1653 qui

309 1685 342 1746 te
368 1697 434 1746 non
461 1683 641 1745 novemnt:
669 1693 778 1767 neque
804 1670 926 1766 perdas
952 1693 1015 1743 nos
1043 1670 1139 1743 simul
1166 1671 1330 1745 cumillis
1365 1675 1420 1766 qui
1456 1683 1489 1744 te
1521 1695 1587 1745 non
1622 1673 1680 1744 di-

308 1789 471 1861 lexemnt.
523 1788 650 1860 Vemm
683 1787 879 1860 illucescere
915 1787 1012 1859 nobis
1046 1785 1101 1858 sac
1136 1787 1276 1858 salutem
1309 1797 1415 1879 tnam3
1448 1811 1550 1883 parce
1581 1790 1679 1862 nobis

311 1907 491 1979 secundum
518 1927 667 1977 amorem
693 1913 783 1974 tuum
811 1924 893 1995 erga
920 1901 1079 1975 homines.
1122 1902 1216 1975 Mitte
1242 1902 1339 1976 nobis
1367 1901 1498 1976 divitias
1526 1905 1680 1977 clemen-

309 2025 376 2094 tiae
403 2033 491 2111 tuae,
518 2031 626 2093 statue
652 2040 714 2091 nos
741 2017 782 2090 ad
811 2011 983 2090 dexteram
1010 2029 1119 2108 tuam3
1154 2021 1320 2091 memento
1357 2025 1499 2092 omnium
1531 2033 1678 2096 nostmm

308 2161 370 2234 per
404 2136 663 2211 misericordiam
699 2144 804 2207 tuam:
838 2133 935 2207 salva
968 2158 1031 2207 nos
1065 2133 1247 2208 secundum
1279 2135 1515 2209 multitudinem
1549 2143 1679 2231 gratiae

204 2245 209 2262 '
310 2265 403 2342 tuae,
439 2263 473 2324 et
499 2252 620 2344 adjuva
647 2273 710 2322 nos
737 2272 798 2345 per
824 2250 1030 2322 clementiam
1058 2261 1156 2322 tuam.
1208 2251 1366 2343 Adjunge
1392 2258 1583 2345 nos'gregi
1610 2265 1677 2343 tuo,

309 2378 342 2440 et
366 2391 503 2441 numera
529 2390 592 2440 nos
619 2371 705 2438 inter
732 2365 866 2438 ordines
893 2366 1088 2439 dilectorum
1107 2378 1247 2454 tuorum,
1273 2366 1329 2439 iac
1345 2390 1408 2439 nos
1436 2369 1555 2460 dignos
1572 2392 1678 2462 regno

310 2493 375 2570 tuo,
404 2495 437 2555 et
462 2483 561 2555 induc
588 2505 651 2556 nos
677 2486 710 2554 in
738 2480 914 2554 thalamum
941 2493 1039 2554 tuum.
1092 2480 1136 2554 Et
1162 2487 1299 2577 prdpter
1333 2483 1417 2555 baec
1443 2483 1596 2558 Ecclesia
1622 2494 1679 2558 tna

311 2609 343 2670 et
368 2621 456 2691 grex
483 2610 556 2672 tuus
585 2598 784 2694 deprecatur
811 2605 855 2685 te,
882 2607 915 2668 et
941 2609 1061 2693 perte
1088 2607 1121 2670 et
1147 2609 1254 2670 tecum
1270 2599 1403 2670 Patrem
1425 2609 1528 2691 mum,
1555 2602 1679 2678 dicens.

412 2715 574 2808 Papulae.
627 2713 813 2788 Miserere..

411 2831 596 2903 Sacerdos.
649 2830 721 2903 Nos
750 2851 894 2924 quoque,
921 2837 984 2900 etc.

411 2947 572 3040 Populos.
625 2945 677 3017 'l'e
703 2945 939 3037 glorificamus.

413 3064 600 3135 Diaconos.
655 3062 763 3148 Quam
790 3059 934 3132 timenda
963 3070 1014 3133 est
1041 3059 1125 3133 haec
1151 3060 1244 3150 bora,
1272 3070 1334 3134 etc.

412 3179 589 3252 Sacerdos
615 3180 700 3250 dicit
726 3179 980 3249 invocationem
1005 3176 1157 3271 Spiritus
1182 3184 1303 3248 sancti.

411 3297 575 3368 Miserere
601 3293 699 3366 nobis
726 3295 818 3366 Deus
846 3294 946 3365 Pater
973 3296 1195 3388 omnipotens
1223 3304 1256 3364 et
1271 3297 1363 3366 mitte
1388 3317 1488 3389 snper
1514 3319 1576 3370 nos
1593 3296 1678 3393 Spi-

314 3417 409 3485 ritum
435 3420 524 3482 tunm
552 3421 697 3484 sanctum
727 3415 781 3504 qui
809 3411 918 3482 omnia
945 3407 1064 3503 replet,
1091 3410 1249 3504 Deosque
1276 3420 1326 3480 est
1354 3413 1603 3505 superomnia,
1631 3416 1678 3482 ti-

309 3529 408 3624 bique
440 3526 728 3601 consubstantialis
763 3535 796 3596 et
831 3527 1001 3616 unigenito
1035 3522 1119 3596 Filio
1153 3533 1227 3612 tuo;
1262 3526 1316 3619 qui
1347 3529 1435 3598 omni
1474 3524 1556 3597 hora
1590 3528 1677 3600 dona

311 3643 489 3733 distribuit3
515 3643 698 3738 dividitque
725 3652 759 3713 et
785 3641 841 3713 dat
867 3640 1025 3732 singulis,
1058 3651 1157 3734 prout
1187 3639 1273 3715 vult:
1310 3644 1366 3735 qni
1393 3641 1544 3713 omnibus
1571 3664 1678 3737 prae-

311 3783 388 3834 sens
417 3771 481 3848 est,
509 3782 617 3855 neque
643 3759 718 3832 loco
747 3756 1042 3844 circumscribitur,
1076 3759 1130 3851 qui
1156 3759 1256 3828 vitam
1293 3761 1437 3829 continet
1472 3778 1586 3829 eornm
1622 3763 1678 3854 qui

311 3877 449 3967 vivunt‚'
468 3887 502 3948 et
527 3874 697 3972 perfector
724 3875 904 3947 sanctitatis
931 3881 1122 3944 sanctorum
1149 3884 1216 3946 est:
1252 3884 1288 3945 ut
1313 3873 1431 3968 illapsu
1458 3894 1519 3944 sno
1546 3877 1676 3945 sancti-

309 3993 412 4066 ficans
444 3995 603 4088 mysteria
629 3990 712 4062 baec
739 4013 841 4086 pura,
869 4011 923 4060 me
957 4010 1089 4083 quoque
1123 4012 1143 4060 a
1177 3988 1331 4062 sordibus
1363 3988 1516 4061 mundum
1550 3989 1676 4062 efficiat.

412 4109 594 4180 Sacerdos.
648 4106 780 4178 Exaudi
806 4128 860 4177 me
886 4105 1039 4176 Domine.

411 4225 571 4318 Papulas.
623 4224 729 4319 llyrie
756 4221 901 4308 eleison,
928 4220 1034 4316 Kyrie
1060 4218 1200 4309 eleison,
1227 4219 1332 4316 Kyrie
1359 4220 1496 4294 eleison.

414 4340 589 4412 Sacerdos
615 4340 751 4410 eleaaas
777 4359 901 4410 uocem.
954 4337 1096 4430 Ipseque
1121 4336 1258 4430 illapsus
1286 4347 1320 4409 et
1346 4339 1572 4430 sanctificans,
1600 4340 1676 4413 effi-

310 4461 374 4528 ciat
399 4479 519 4552 panem
547 4454 677 4551 quidem
704 4458 810 4541 istum,
838 4474 959 4546 corpus
986 4461 1135 4523 sanctum
1162 4461 1195 4523 et
1210 4451 1439 4543 sanctificans3
1466 4477 1588 4552 corpus
1606 4480 1675 4551 pn-

310 4573 442 4645 ribcans
486 4582 520 4644 et
562 4573 842 4669 propitiatorium3
882 4589 1004 4662 corpus
1046 4565 1174 4639 donans
1209 4570 1506 4664 inconuptionem:
1552 4595 1676 4668 corpus

309 4688 442 4762 Domini
468 4690 533 4760 Dei
559 4699 592 4761 et
618 4687 805 4760 Salvatoris
832 4686 937 4757 nostri
961 4683 1046 4754 lesu
1074 4682 1215 4774 Christi,
1246 4685 1289 4755 ad
1325 4689 1554 4760 remissionem
1587 4711 1675 4783 pec-

310 4815 459 4876 catomm
486 4815 519 4876 et
545 4807 648 4876 vitam
676 4813 844 4874 aeternam
872 4801 1126 4893 suscipientium.

412 4919 574 5013 Papulae.
625 4921 744 4993 Amen.

415 5035 599 5109 Sacerdos.
651 5035 695 5108 Et
721 5033 857 5105 calicem
882 5029 989 5123 bunc,
1022 5030 1141 5104 efficiat
1174 5034 1369 5124 sanguinem
1404 5038 1518 5108 vimrm
1550 5047 1583 5109 et
1613 5041 1676 5110 vi-

312 5151 466 5242 vificum
488 5154 683 5246 sangninem
703 5172 821 5248 purum
838 5159 873 5222 ct
889 5159 1050 5241 sanctum,
1077 5151 1274 5241 sanguinem
1290 5149 1513 5246 purificantem
1529 5162 1563 5227 et
1589 5177 1675 5230 san-
