4730 6038
763 613 837 706 aaa
1264 614 1624 696 irrorari

759 798 877 874 beatos
904 802 1098 891 efficerem,
1123 799 1287 897 bonisque
1312 801 1520 896 Angelorum
1539 801 1715 875 ditaretur:
1740 813 1776 876 nt
1791 826 1853 900 per
1878 807 1988 878 omnia
2015 829 2123 902 opera

760 926 794 990 te
821 920 966 1010 agnitum
993 918 1145 1014 opificem
1171 917 1423 1010 admiraremur3
1457 930 1491 991 et
1515 942 1591 991 cum
1613 941 1741 992 summo
1769 921 1917 1010 silentio,
1949 932 1984 994 te
2008 922 2124 996 bono-

758 1056 917 1108 raremus.

677 1233 679 1242 Α
862 1151 1013 1222 Elecena
1034 1173 1159 1223 vocem.
1198 1150 1329 1224 Etenim
1353 1163 1469 1225 coetus
1488 1151 1713 1245 Angelorum,
1740 1151 1872 1225 ordines
1899 1155 2023 1247 antiqui
2047 1155 2122 1226 Ar-

759 1267 1009 1361 changelorum,
1035 1267 1160 1341 turoni
1186 1267 1306 1341 dudum
1331 1271 1447 1366 positi,
1473 1265 1556 1339 firmi
1588 1279 1621 1340 et
1646 1266 1847 1356 immobiles,
1874 1268 2063 1342 Potestates
2092 1281 2125 1343 et

759 1385 976 1480 Principatus,
1002 1389 1197 1478 majestates
1222 1385 1399 1474 Virtutum,
1426 1383 1586 1457 celsitudo
1600 1383 1878 1472 Dominationum,
1905 1388 2038 1478 spiritus
2061 1389 2122 1478 J‘u-

761 1508 903 1582 storum,
937 1499 1091 1573 Ecclesia
1124 1504 1418 1598 primogenitorum
1452 1500 1692 1597 descriptorum
1726 1500 1909 1588 incaelis,
1944 1499 2122 1574 Cherubim

760 1615 951 1705 multioculi,
977 1616 1152 1714 Seraphim
1180 1640 1243 1691 sex
1269 1617 1330 1690 alis
1357 1621 1517 1704 instructi,
1538 1628 1682 1691 naanac
1695 1620 1842 1689 maxima
1860 1619 1998 1691 scientia
2015 1640 2122 1713 prae-

761 1731 861 1821 ditae,
887 1743 1065 1807 trementes
1093 1759 1112 1807 a
1140 1735 1309 1818 divinitate
1335 1745 1390 1807 tua
1416 1733 1572 1807 invisibili
1599 1744 1633 1805 et
1657 1732 1993 1829 incomprehensibili,
2019 1735 2121 1810 adse

758 1852 851 1944 ipsas
878 1872 1078 1938 conversae,
1105 1861 1139 1922 et
1163 1855 1308 1923 intentae
1334 1850 1376 1922 ad
1402 1849 1658 1922 invisibilitatem
1685 1859 1719 1921 et
1739 1841 2122 1946 incomprehensibilita-

759 1974 826 2037 tem
852 1969 1003 2056 visioniS,
1030 1967 1175 2056 laudant,
1200 1967 1422 2063 hymnumque
1449 1965 1491 2038 de
1505 1968 1604 2038 Patre
1630 1975 1664 2038 et
1680 1963 1765 2038 Filio
1793 1976 1827 2038 et
1842 1965 1966 2062 Spiritu
1992 1977 2121 2058 sancto,

760 2081 913 2171 clamant,
940 2083 1166 2157 vociferantur
1192 2094 1227 2155 et
1252 2082 1371 2156 dicunt.

864 2197 1025 2292 Populea.
1078 2198 1235 2288 Sanctus,
1262 2200 1423 2291 Sanctus,
1453 2200 1606 2271 Sanctus.

864 2313 1039 2388 Sacerdos
1071 2316 1261 2388 inclinetur.
1321 2315 1404 2402 Quis
1421 2345 1426 2350 ·
1445 2319 1532 2387 enim
1567 2315 1705 2388 idonens
1738 2317 1781 2387 sit
1813 2311 1855 2384 ad
1889 2311 2121 2408 explicandam

758 2433 939 2528 potentiam
972 2442 1079 2522 tuam,
1120 2444 1177 2505 aut
1206 2435 1277 2528 quis
1311 2433 1459 2505 narrabit
1492 2430 1607 2504 laudes
1642 2429 1741 2503 tuas?
1786 2429 1838 2501 'ln
1872 2430 2000 2503 scilicet
2034 2454 2119 2504 vere

759 2557 895 2620 sanctus
922 2569 976 2636 es,
1011 2549 1105 2620 Deus
1130 2550 1231 2620 Pater
1257 2558 1291 2620 et
1318 2551 1462 2620 omnium
1487 2570 1597 2620 rernm
1629 2548 1843 2642 principium,
1879 2554 1912 2617 et
1946 2549 2000 2641 qui
2032 2571 2054 2620 a
2086 2558 2119 2620 te

759 2673 812 2735 est
836 2661 954 2754 Filius,
980 2663 1129 2759 aequalis
1156 2667 1350 2737 aeternitate
1377 2675 1411 2736 et
1436 2667 1614 2760 sapientia;
1642 2662 1852 2756 singulariter
1878 2661 2119 2754 exsubstantia

758 2787 825 2867 tna,
851 2801 915 2852 nec
940 2779 1165 2875 temporaliter
1193 2791 1302 2870 ortus,
1329 2780 1476 2876 aequalis
1503 2783 1592 2856 omni
1617 2778 1750 2853 bononis
1776 2801 1904 2872 genere
1930 2801 2005 2852 curn
2031 2780 2117 2853 Deo.

757 2894 900 2968 Sancus
927 2898 1025 2968 etiam
1052 2907 1086 2969 et
1110 2898 1335 2970 sanctissimus
1361 2897 1505 2993 Spiritus
1529 2909 1604 2970 trus
1629 2896 1814 2984 vivificans,
1842 2905 1875 2968 et
1901 2899 2010 2968 omnia
2031 2921 2118 2994 per·
2168 2945 2172 2954 ·

757 3009 889 3102 ficiens,
921 3016 975 3107 qui
1001 3037 1022 3085 a
1048 3022 1082 3086 te
1107 3011 1223 3100 Pater,
1259 3010 1385 3107 absque
1411 3015 1503 3085 initio
1530 3023 1564 3085 et
1589 3023 1739 3109 tempore
1764 3015 1937 3110 processit.
1991 3011 2117 3090 Omnes

757 3127 857 3219 igitur
882 3150 1047 3225 supernae
1072 3131 1213 3202 virtutes
1238 3127 1425 3221 glorificant
1450 3139 1496 3218 te,
1524 3140 1559 3200 et
1584 3132 1784 3221 unigenitum
1811 3129 1929 3202 Filium
1955 3139 2058 3222 tumn,
2085 3142 2120 3205 et
2195 3147 2203 3166 ·

757 3241 914 3338 Spiritum
937 3253 1030 3333 tuum
1055 3254 1223 3333 sanctum,
1244 3266 1327 3316 unus
1354 3249 1441 3318 enim
1467 3267 1505 3319 es
1531 3250 1564 3316 in
1590 3246 1705 3318 tribus.
1758 3245 1840 3332 Quis
1866 3267 1951 3318 vero
1978 3250 2120 3319 scrutari

757 3362 863 3454 possit
896 3359 1093 3456 profundum
1128 3363 1251 3434 amoris
1286 3363 1331 3433 tui
1366 3383 1449 3454 erga
1484 3360 1654 3450 homines3
1686 3363 1740 3456 qui
1775 3384 1849 3434 eum
1883 3363 1934 3432 rei
1966 3383 2118 3436 essemus

757 3479 1033 3569 transgressionis
1058 3480 1246 3572 praecepti,
1279 3476 1386 3548 Deum
1413 3474 1579 3566 Verbum,
1612 3477 1730 3549 Filium
1762 3478 1964 3569 unigenitum
1997 3478 2117 3574 splen-

758 3591 873 3665 dorem
899 3592 1047 3685 gloriae,
1082 3593 1195 3667 salutis
1221 3603 1357 3665 nostrae
1384 3593 1647 3688 dispensatorem
1674 3614 1752 3666 esse
1777 3591 1939 3664 voluisti?
1979 3593 2045 3680 Qui
2071 3619 2115 3670 ex

756 3704 966 3805 beneplacito
992 3719 1049 3782 tuo
1083 3719 1115 3781 et
1148 3707 1334 3781 voluntaria
1369 3713 1466 3781 animi
1500 3713 1678 3798 sententia,
1713 3709 1994 3804 dispensationem
2027 3711 2116 3784 illam

756 3846 818 3920 pro
845 3824 943 3898 nobis
970 3827 1165 3921 suscipiens,
1192 3828 1380 3897 incarnatus
1407 3835 1475 3912 est,
1508 3849 1554 3898 ex
1579 3836 1694 3898 sancta
1720 3827 1784 3897 Dei
1810 3827 1989 3917 genitrice,
2022 3850 2116 3900 sem-
2211 3879 2215 3884 -

755 3962 883 4036 parque
907 3941 1048 4034 Virgine
1072 3940 1191 4029 Maria,
1218 3941 1420 4014 sanctificata
1446 3964 1507 4038 per
1534 3940 1710 4014 adventum
1728 3939 1869 4037 Spiritus
1884 3945 2008 4015 sancti:
2026 3965 2115 4015 con-

757 4067 891 4153 ceptus,
926 4067 1041 4144 natus,
1073 4057 1246 4153 factusque
1276 4057 1364 4129 idern
1391 4061 1524 4130 omnino
1554 4057 1641 4153 quod
1659 4080 1748 4147 nos,
1789 4079 1930 4154 corpus,
1963 4060 2115 4152 animam,

758 4183 917 4262 mentem,
956 4183 1123 4269 totumque
1157 4174 1242 4246 adeo
1278 4173 1443 4245 hominem
1476 4176 1663 4263 assumsit,¹
1681 4184 1714 4245 et
1744 4195 1806 4270 per
1838 4172 2117 4269 dispensationem

757 4312 851 4362 snam
878 4291 1038 4384 dignitate
1062 4291 1206 4386 plenam,
1231 4287 1328 4365 nobis
1355 4313 1528 4364 ascensum
1554 4289 1597 4362 ad
1623 4289 1737 4362 coelos
1762 4269 1851 4360 lecit

859 4405 1034 4480 Sacerdos
1066 4408 1202 4480 elevans
1233 4429 1358 4479 vocem.
1425 4407 1489 4494 Qui
1525 4429 1597 4479 cum
1630 4409 1822 4504 passionem
1852 4405 2049 4494 salutarem,
2083 4415 2117 4478 et

757 4546 901 4614 crucem,
929 4525 1188 4598 admemoriam
1214 4524 1311 4598 nobis
1339 4523 1481 4618 reliquit,
1506 4521 1563 4594 illa
1588 4525 1804 4618 nequitiarum
1829 4532 2017 4594 nostrarum
2037 4545 2115 4594 me-

757 4641 861 4732 dicus,
888 4641 1087 4742 oblationem
1116 4645 1167 4714 sui
1191 4662 1254 4737 pro
1280 4640 1375 4712 nobis
1403 4637 1546 4713 ollerens
1572 4638 1631 4711 tibi
1656 4639 1749 4710 Deus
1775 4647 1809 4709 et
1833 4639 1952 4709 Pater:
1987 4641 2116 4734 accepit

755 4781 877 4854 panem
902 4762 935 4829 in
961 4780 1077 4831 manus
1104 4779 1195 4846 suas,
1222 4769 1256 4829 et
1282 4755 1466 4829 extendens
1494 4777 1552 4827 eas
1578 4757 1612 4825 in
1631 4753 1774 4843 coelum,
1799 4752 2114 4843 benedixitisan-

757 4875 924 4962 ctificavit,
950 4881 971 4957 τ
996 4872 1106 4967 fregit,
1133 4880 1154 4956 †
1180 4873 1356 4968 divisitque
1382 4869 1549 4966 discipulis
1576 4873 1644 4943 suis
1658 4871 1832 4967 Apostolis
1859 4871 1990 4944 dicens:
2017 4874 2114 4943 acci-

758 4995 835 5086 pite,
863 4989 949 5062 edite
976 5013 1108 5078 exeo,
1144 4991 1219 5085 quia
1246 4989 1319 5061 Hoc
1345 4997 1398 5059 est
1430 5008 1552 5082 eorpus
1585 5009 1693 5060 meum
1729 4985 1817 5083 quod
1850 4997 1912 5082 pro
1947 4987 2045 5060 vobis
2080 4995 2113 5058 et

757 5130 820 5204 pro
847 5106 955 5180 multis
980 5104 1143 5198 frangitur
1169 5115 1203 5177 et
1228 5104 1321 5176 datur
1347 5103 1389 5176 ad
1415 5105 1517 5177 vitam
1543 5111 1723 5193 aeternam.
