4730 6038
732 573 764 650 S.
805 576 1059 654 ΜΑΒΠΤΑΕ
1104 575 1412 657 olrflonror.
1483 643 1486 654 .
1678 583 1756 658 267

390 755 572 850 gloriosum
599 762 732 832 omnino
759 771 793 833 et
818 760 1038 856 benedictum,
1063 771 1099 836 ut
1125 767 1222 838 etiam
1244 766 1379 841 Domini
1397 769 1502 842 nostri
1518 767 1600 843 Jcsu
1621 763 1754 862 Christi,

391 883 426 947 et
451 874 593 972 Spiritus
621 879 744 962 sancti,
770 899 875 969 nuno,
901 888 964 951 etc.

493 992 655 1086 Populea.
708 991 761 1066 Ut.

493 1107 677 1181 Sacerdos.
730 1111 813 1182 Pax.

493 1223 655 1318 Papulas.
706 1223 850 1298 Etcum
878 1229 1086 1322 spiritutuo.

493 1339 678 1413 Sacerdos.
730 1340 983 1416 Misericordiae
1008 1343 1142 1416 Domini
1169 1345 1243 1415 sint.

493 1455 668 1529 Sacerdos
691 1461 825 1551 fraapit
851 1463 885 1529 et
910 1462 1033 1552 agnat

491 1573 678 1646 Diaconos.
730 1575 851 1648 lterum
878 1585 978 1670 atque
1006 1578 1134 1647 iterum.

627 1917 802 1992 Sacerdos
828 1919 913 1990 dicit
940 1918 1137 1991 Orationem
1162 1925 1243 1991 arcte
1269 1918 1369 1993 Pater
1394 1931 1519 1995 noster.

491 2124 586 2200 Deus
611 2127 712 2198 Pater
737 2148 821 2198 vere
848 2124 921 2199 Filii
953 2129 1047 2213 veri,
1078 2129 1153 2222 ipse
1185 2129 1279 2220 cujus
1312 2126 1429 2202 laudes
1462 2127 1549 2200 coeli
1584 2142 1753 2222 enarrant,

388 2252 423 2315 et
448 2247 542 2337 cujus
567 2243 712 2337 gloriam
738 2265 854 2316 omnes
881 2253 1056 2316 creaturae
1081 2243 1286 2338 praedicant,
1313 2255 1403 2317 terra
1421 2255 1455 2318 et
1473 2247 1578 2318 meria
1594 2247 1753 2320 miracula

388 2363 461 2453 ejus
488 2359 732 2434 demonstrant:
756 2358 881 2452 Angeli
907 2370 943 2432 et
968 2358 1118 2433 homines
1144 2364 1324 2456 praeconis
1352 2363 1424 2453 ejus
1450 2373 1586 2436 canunt:
1618 2373 1753 2436 tecum

386 2479 546 2570 majestas
572 2485 626 2550 tua
654 2479 696 2550 sit
721 2475 978 2550 inaccessibilis:
1005 2479 1150 2548 essentia
1171 2486 1226 2548 tue
1245 2477 1531 2570 ininvestigabilis,
1558 2476 1753 2554 abscondita

385 2605 503 2666 natura
519 2601 573 2665 tua
588 2591 863 2689 impenetrabilis:
880 2593 1068 2686 infinitaque
1083 2591 1306 2667 manifestatio
1325 2603 1396 2666 tua:
1410 2603 1445 2666 te
1464 2593 1614 2666 exaltant
1633 2618 1751 2669 omnes

387 2709 522 2782 ordines
544 2719 578 2781 et
596 2709 730 2781 militiae
754 2707 933 2797 coelestes,
959 2707 1005 2780 illi
1024 2729 1107 2802 quies
1128 2711 1251 2780 creasti
1271 2708 1314 2782 ad
1334 2710 1548 2782 ministerium
1567 2715 1750 2805 majestatis

387 2835 472 2912 tuae,
500 2836 533 2897 et
555 2829 680 2898 ornasti
705 2825 807 2898 radiis
822 2824 1005 2922 praeclaris
1020 2824 1197 2896 munitatis
1217 2835 1310 2897 tuae:
1338 2828 1460 2922 quippe
1475 2843 1537 2923 per
1562 2839 1595 2900 ts
1622 2831 1751 2918 vimmt,

384 2951 562 3014 movonmr
589 2950 624 3012 et
646 2941 881 3014 illuminantur:
908 2951 1007 3036 atque
1034 2938 1195 3034 obsequia
1222 2950 1380 3014 accurato
1407 2953 1441 3015 et
1474 2943 1608 3034 sedulo,
1639 2955 1753 3018 numm

384 3059 614 3131 mandatorum
641 3067 768 3131 tuomm
796 3080 882 3151 quae
908 3055 1096 3150 transgredi
1121 3053 1217 3128 melas
1244 3067 1308 3146 est,
1336 3056 1528 3132 observant.
1563 3059 1636 3133 Nos
1660 3085 1751 3156 quo-

387 3198 452 3270 que
478 3174 595 3246 infirmi
621 3185 656 3246 et
680 3184 878 3270 peccatores
906 3175 1082 3262 servitui,
1109 3163 1278 3244 orationes
1306 3183 1340 3245 et
1365 3173 1623 3270 supplicationes
1640 3175 1752 3250 elion-

387 3291 492 3366 dimus
511 3314 632 3380 coram
659 3301 707 3364 te:
735 3290 915 3364 secundum
939 3291 1168 3382 magisterium
1195 3297 1229 3359 et
1254 3291 1487 3363 institutionem
1503 3291 1577 3364 Filii
1598 3296 1645 3364 tui
1670 3297 1751 3366 uni·
1852 3339 1856 3348 ·

385 3410 506 3500 geniti:
533 3411 687 3502 quicum
713 3409 747 3478 in
773 3428 875 3478 carne
902 3414 994 3478 essct
1019 3424 1120 3498 super
1149 3413 1292 3492 terram,
1324 3408 1510 3479 orationem
1542 3405 1751 3500 dominicam,

383 3527 417 3596 iu
444 3546 510 3619 qua
535 3533 604 3596 tota
631 3523 721 3596 salus
746 3524 838 3594 vitae
863 3531 999 3594 nostrae
1025 3523 1134 3616 posita
1160 3529 1224 3610 est,
1251 3521 1362 3595 docuit
1387 3544 1460 3596 nas.
1495 3523 1635 3596 Praesta
1651 3523 1749 3598 uoltis

383 3639 528 3714 Domine
552 3640 658 3728 Deus,
684 3647 720 3712 ut
744 3637 834 3713 illam
859 3639 999 3711 fidenter
1024 3639 1203 3711 recitemus
1229 3661 1342 3711 coram
1363 3647 1413 3712 tc:
1441 3637 1687 3735 clamemusque
1707 3641 1751 3714 ad

384 3765 429 3847 te,
455 3758 557 3830 Pater
582 3759 787 3844 misericors,
814 3765 849 3827 et
874 3755 1030 3828 dicamus.
1083 3755 1184 3826 Pater
1211 3765 1325 3828 noster
1352 3759 1406 3852 qui
1433 3779 1471 3829 es
1497 3757 1531 3826 in
1557 3755 1671 3830 coelis.
1796 3741 1808 3771 ⁸

485 3873 646 3966 Poprdos.
700 3871 939 3944 Sanctificetur.

485 3989 667 4062 Sacerdos.
719 3989 852 4062 Exaudi
877 3989 1019 4062 Domine
1045 3989 1119 4085 depr
1128 3991 1312 4061 ouationem
1338 3987 1452 4085 populi
1478 3990 1523 4060 tui
1557 3987 1683 4077 fidelis,
1716 3999 1750 4062 ct
1822 4025 1825 4032 λ

381 4103 489 4180 libera
517 4123 576 4178 eos
604 4130 623 4179 a
650 4104 751 4194 malo,
778 4114 812 4176 et
837 4129 857 4176 a
882 4106 1040 4176 ministris
1067 4107 1138 4197 ejus
1166 4103 1382 4178 daemonibus
1415 4087 1607 4200 corporeis,
1639 4113 1673 4176 et
1705 4103 1748 4178 alr
1799 4091 1802 4104 '

382 4226 471 4294 omni
492 4226 672 4294 tentatione
694 4244 781 4317 quae
800 4223 894 4294 vires
917 4228 1062 4314 superet
1088 4219 1146 4292 Pcr
1158 4219 1219 4293 fica
1238 4220 1324 4310 illos,
1343 4242 1405 4316 per
1423 4219 1629 4294 voluntatem
1643 4231 1748 4293 mam:

380 4341 467 4410 nutri
494 4338 569 4411 illos
595 4361 657 4435 per
683 4342 824 4430 gratiam
850 4347 955 4424 tuam3
988 4345 1022 4407 et
1055 4339 1138 4410 satia
1171 4336 1246 4410 illos
1279 4336 1477 4434 pinguedine
1510 4337 1628 4410 domus
1656 4348 1748 4410 tuae:

381 4457 458 4549 quia
485 4464 573 4526 tuum
600 4464 653 4527 est
677 4476 835 4548 regnum,
861 4461 1012 4550 potestas
1040 4463 1073 4525 et
1099 4453 1223 4547 gloria,
1240 4465 1281 4552 ¹ct
1306 4451 1364 4526 tibi
1391 4452 1531 4545 gloriam
1557 4464 1592 4527 et
1617 4453 1748 4526 laudem

380 4569 583 4660 referemus,
610 4581 644 4643 et
669 4573 858 4664 unigenito,
886 4579 951 4642 eto.

483 4686 644 4780 Populos.
696 4689 816 4761 Amen.

483 4803 667 4876 Sacerdos.
720 4804 803 4876 Pax.

482 4918 644 5012 Populos.
697 4918 840 4992 Etcum
867 4920 982 5014 spiritu
1009 4929 1076 4992 tuo.

481 5034 668 5108 Diaconos.
721 5035 879 5108 Inclinate
905 5037 1015 5133 capita
1041 5045 1167 5109 vestra.

405 5171 490 5217 tomus
503 5173 527 5217 11.
