4728 6028
633 503 724 607 lm
1152 503 1512 610 nmmnola

648 717 686 782 de
708 721 795 800 panis
817 719 921 800 specie
942 737 1000 800 per
1016 713 1115 785 bodl]
1132 701 1291 800 τελειώσῃ
1308 717 1465 796 perfla-lut,
1489 716 1527 780 de
1549 717 1654 780 calice.
1700 713 1743 778 ltu
1777 714 1856 779 eninr
1887 713 2011 799 Grego-

646 819 727 896 rius,
759 819 916 881 cavillandi
946 837 986 880 ex
1014 819 1214 900 grammaticis
1236 816 1506 879 observatinnculis
1528 817 1719 880 occasionem
1739 815 1905 896 praecidit,
1940 815 2010 880 dum

648 917 775 982 vocibus
797 935 869 981 usus
892 925 954 996 est,
984 935 1061 998 qnae
1083 916 1273 980 obscuritatis
1295 914 1370 977 nibil
1391 915 1555 979 baberent:
1582 924 1613 979 ct
1634 916 1661 979 si
1683 933 1742 996 qua
1764 913 1916 978 lucratio
1937 935 2012 978 ma·-

643 1018 706 1099 jori
727 1016 882 1102 liturgia,
904 1017 983 1079 illam
1005 1015 1132 1080 sustulit
1175 1014 1255 1078 Nihil
1275 1021 1436 1096 praeterea
1458 1017 1488 1077 in
1509 1015 1643 1079 breviori
1663 1015 1721 1078 ista
1744 1017 1878 1078 occurrit
1899 1014 2012 1090 obser-

648 1114 789 1182 vandum.

1032 1822 1634 2065 urionem

701 2157 993 2276 sllcll
1045 2155 1284 2275 llsll
1336 2158 1592 2274 Pllln
1644 2155 1963 2276 nonnul.

1047 2427 1199 2498 Primam
1226 2426 1347 2497 Oratio
1374 2431 1454 2496 aule
1478 2424 1616 2496 Pacem.

720 2639 1062 2752 Tanuounnrrnnnn
1089 2676 1123 2738 el
1146 2689 1278 2762 paoem,
1305 2676 1338 2738 et
1351 2668 1523 2739 caritatem
1537 2686 1643 2761 usqne
1657 2667 1691 2737 in
1718 2665 1899 2756 saeculnm,
1925 2689 2011 2762 per-

647 2793 749 2882 petuo
776 2784 924 2856 concede
950 2781 1124 2855 Ecclesiae
1150 2793 1227 2854 tuae
1253 2793 1287 2854 ct
1313 2782 1434 2856 ovibus
1460 2784 1575 2875 gregis
1608 2785 1670 2874 tui,
1697 2783 1856 2854 Domine:
1889 2791 1924 2853 et
1948 2805 2011 2854 ro-

647 2900 794 2973 lcremus
822 2897 880 2971 tibi
913 2899 1071 2992 gloriam,
1111 2908 1145 2970 ot
1178 2897 1329 2988 landem,
1373 2897 1534 2994 simulque
1566 2901 1736 2989 unigenito
1771 2897 1856 2971 Filio
1888 2909 1945 2970 tuo
1979 2909 2013 2970 ot

650 3017 785 3112 Spiritui
811 3025 868 3089 tno
895 3018 1116 3105 sanctissimo,
1143 3015 1244 3102 bono,
1273 3015 1441 3088 adorando
1478 3025 1511 3086 et
1544 3014 1744 3102 vivificanti,
1772 3013 1895 3110 tibique
1921 3037 2011 3087 con-

648 3131 867 3206 substantiali:
902 3154 989 3203 nunc
1016 3142 1050 3203 et
1075 3153 1208 3227 semper
1233 3135 1268 3204 in
1294 3133 1438 3204 saccula.

751 3249 911 3343 Populus.
962 3249 1081 3320 Arnen.

750 3365 929 3437 Diaconos
955 3364 1041 3435 dicit
1065 3364 1222 3435 Mediam.
1270 3363 1403 3438 Stemus
1431 3364 1598 3452 decenter,
1625 3385 1770 3455 oremus,
1796 3364 2011 3438 conliteamur

647 3492 682 3553 ot
708 3481 897 3569 adoremus,
924 3491 987 3552 etc.

751 3597 936 3668 Sacerdos.
987 3597 1025 3668 ln
1057 3605 1100 3683 tc,
1136 3596 1296 3684 nomme,
1329 3595 1565 3668 benedicamur
1598 3619 1733 3687 omnes,
1760 3608 1794 3670 et
1820 3596 1910 3690 digni
1936 3597 2012 3670 edl-

628 3713 773 3784 clamur
798 3712 912 3784 ultimo
939 3712 996 3785 illo
1022 3711 1125 3802 hono,
1152 3711 1239 3805 quod
1265 3723 1416 3807 paratum
1442 3723 1495 3785 est
1520 3712 1705 3787 hominibus
1731 3713 1887 3810 pacificis.

749 3829 911 3923 Populus.
964 3829 1083 3901 Arnen.

750 3946 934 4018 Sacerdos.
987 3943 1276 4016 Abalienationcm
1304 3969 1324 4018 a
1351 3948 1539 4040 praestigiis
1566 3949 1715 4041 peccati,
1749 3959 1784 4039 el
1817 3947 2010 4020 familiarem

646 4062 868 4136 babitudlnem
896 4061 938 4134 ad
964 4082 1068 4156 opera
1089 4063 1247 4153 justitiae,
1273 4073 1442 4158 praestent
1467 4061 1564 4136 nobis
1589 4062 1675 4136 haec
1698 4068 1859 4160 mysteria
1885 4075 2012 4154 sancta,

647 4201 710 4275 per
736 4177 949 4268 oblationem,
975 4199 1072 4272 quam
1100 4175 1158 4249 libi
1184 4175 1369 4269 ollerimuS,
1394 4179 1548 4270 Domine,
1580 4190 1613 4251 ot
1638 4180 1822 4254 referemus
1848 4179 1906 4252 libi
1931 4179 2012 4273 glo-

648 4298 742 4380 riam,
765 4301 827 4364 elo.

751 4408 912 4502 Populus.
965 4409 1084 4483 Amen.
1174 4497 1178 4506 ¹

750 4525 938 4596 Diaconos.
990 4523 1077 4598 Dato
1102 4528 1235 4600 Pacem.

751 4641 927 4746 Sacerdos
952 4641 1013 4712 dal
1038 4643 1166 4717 Pacem
1192 4645 1298 4716 altari
1324 4667 1367 4715 ac
1393 4642 1476 4714 illud
1508 4644 1700 4716 occulatur:
1735 4645 1860 4739 datque
1890 4669 2012 4740 pacem

648 4755 820 4847 Dicendo,
839 4764 874 4830 et
893 4758 986 4829 dicit.

754 4875 828 4947 Pax
854 4873 921 4968 libi,
948 4875 1052 4948 altare
1077 4877 1151 4967 Dei,
1177 4889 1211 4951 et
1236 4880 1311 4952 Pax
1335 4881 1503 4974 mysteriis
1530 4891 1690 4973 superte
1715 4881 1843 4977 positis.

754 4991 803 5062 Et
828 4991 988 5062 Dioocao
1015 4993 1108 5065 dicit.
1160 4997 1235 5069 Pax
1267 4992 1337 5083 tibi,
1369 4994 1520 5066 Diaconc
1546 4993 1687 5089 Spiritus
1715 5001 1830 5069 sancti.
1908 4993 1918 5014 ⁸
