4730 6038
575 500 625 576 lu
650 499 903 578 LITURGIAM
933 498 1098 578 Jlooul
1129 501 1374 578 BlleDdTl.
1585 501 1660 576 343

290 686 409 752 illorum
431 685 581 767 'lbeologi
603 691 634 746 et
653 684 787 749 loannes
808 684 964 763 Darensis,
987 687 1043 748 toti
1065 687 1178 749 sintin
1201 685 1379 767 explicanda
1402 686 1567 750 secundum
1584 687 1663 752 ttio-

289 786 379 868 nysii,
402 803 491 866 quern
513 783 729 869 Areopagitam
753 804 822 850 esse
845 785 982 864 credunt,
1003 795 1144 865 mentem,
1167 786 1293 850 coelesti
1316 785 1501 852 llierarcbia.
1526 785 1662 869 Cumque

287 884 338 948 ille
361 885 439 946 inter
462 901 571 946 novem
594 883 739 964 Ordines,
767 885 898 967 vigilum
927 902 987 949 non
1014 885 1197 964 meminerit,
1227 883 1278 947 ubi
1301 883 1369 947 illos
1393 884 1544 950 collocent
1572 885 1662 952 valde

287 983 396 1046 incerti
418 991 496 1045 sunt.

677 1245 712 1315 3.
748 1247 899 1338 Accepit
919 1266 1045 1337 panem
1072 1265 1283 1317 communem.

376 1435 452 1513 Vox
483 1445 606 1529 Syriaca
635 1459 749 1515 rru'tttt
775 1465 961 1510 communem
982 1447 1207 1530 simplicemque
1234 1447 1400 1532 significat,
1429 1449 1654 1532 respondetque

285 1551 434 1615 Arabicae
456 1557 559 1621 nubo:
583 1551 612 1612 in
635 1550 749 1614 Lexico
771 1550 831 1614 Bar
852 1549 911 1612 Ali.
955 1549 1001 1614 Eo
1029 1551 1198 1634 significatu
1227 1551 1265 1614 de
1288 1551 1408 1615 Christo
1439 1551 1546 1615 dicitur
1574 1553 1656 1634 quod

286 1669 302 1714 a
325 1655 439 1714 Joanne
461 1651 628 1733 baptisatus
651 1649 751 1727 fuerit,
774 1663 909 1747 ιιιιᾞιιιέ
928 1658 1067 1732 tanquam
1089 1649 1316 1731 simpleabomo
1340 1651 1469 1728 scilicet,
1492 1668 1570 1732 quae
1593 1671 1655 1716 vox

285 1752 387 1832 inepte
409 1767 537 1831 prorsus
561 1769 577 1812 a
599 1748 769 1814 Boderiano
793 1767 940 1831 expresso
964 1757 1011 1813 est
1032 1754 1063 1812 in
1085 1751 1164 1812 buno
1186 1749 1320 1814 modum:
1351 1753 1403 1831 qui
1430 1757 1571 1831 tanquam
1594 1771 1655 1814 oo-

286 1867 359 1912 caus
381 1851 550 1930 baptisatus
572 1859 626 1913 est.
671 1848 718 1910 Ex
745 1848 802 1912 bac
831 1856 930 1913 tamen
960 1867 1037 1913 voce
1069 1851 1249 1913 existimavit
1277 1850 1405 1913 Faustus
1436 1847 1585 1912 Nnironus
1615 1851 1654 1912 nd

284 1947 468 2030 Azylnomm
492 1966 577 2012 usum
600 1947 843 2027 confirmandum,
867 1956 1073 2032 argumentum
1102 1965 1194 2031 posse
1217 1949 1296 2014 duci.
1343 1947 1421 2011 Citat
1449 1967 1488 2010 ex
1517 1949 1652 2013 llarutaa

285 2047 420 2131 Liturgia
437 2049 516 2133 ¹lanea
540 2047 634 2110 verba
663 2047 862 2112 luvocationls
894 2047 1021 2130 Spiritus
1049 2050 1160 2124 sancti,
1189 2057 1218 2111 et
1243 2067 1353 2128 panem
1382 2049 1461 2110 banc
1489 2049 1653 2128 simplicem

284 2156 443 2210 commutet
463 2155 493 2209 et
510 2149 651 2233 perficiat
672 2146 789 2228 Corpus
810 2149 890 2230 quod
909 2167 967 2228 pro
994 2148 1083 2210 nobis
1104 2149 1285 2210 immolatum
1309 2155 1355 2209 est
1375 2149 1407 2210 iu
1436 2165 1542 2210 cruce:
1578 2149 1651 2210 Tum

284 2247 328 2310 sio
350 2248 552 2328 prosequitur.
599 2246 656 2308 Ubi
675 2247 839 2309 antaradum
867 2255 913 2310 est
936 2266 1048 2327 panem
1069 2247 1234 2327 simplicem
1264 2267 1330 2310 esse
1355 2265 1468 2327 ponem
1495 2245 1651 2329 Aapmum,

283 2346 341 2408 boc
363 2349 442 2408 mam
463 2365 570 2409 nomm
591 2358 715 2422 anano,
738 2345 888 2426 Scbbimo,
908 2348 1060 2428 siynificnt
1073 2348 1247 2426 simplicant,
1269 2350 1431 2424 sinam,
1450 2363 1571 2425 puram,
1593 2345 1652 2408 boa

283 2448 424 2509 estsine
453 2447 633 2510 admistione
659 2447 740 2522 aba,
770 2453 845 2508 teste
871 2447 991 2510 donnae
1020 2445 1161 2526 Baptista
1189 2445 1333 2510 Feraria
1361 2452 1393 2512 in
1419 2451 1652 2518 Nomenclatore

283 2543 424 2628 Syriaco,
454 2563 543 2626 quam
572 2544 821 2628 significationem
853 2564 922 2610 esse
953 2546 1037 2609 vocis
1068 2533 1194 2623 ἆζυμος
1221 2545 1351 2625 probare
1382 2551 1544 2614 contendit.
1590 2550 1651 2615 Sed

282 2643 342 2708 hoc
362 2664 425 2709 non
447 2647 562 2730 agitur:
586 2664 691 2708 verum
714 2663 752 2707 an
774 2664 810 2708 ea
833 2664 910 2709 voce
933 2647 963 2708 in
986 2652 1031 2709 tot
1052 2663 1159 2707 sacrae
1182 2644 1356 2726 Scripturas
1377 2649 1465 2730 locis,
1488 2651 1540 2714 ubi
1562 2650 1652 2732 Azy-

281 2763 397 2808 morum
419 2747 529 2810 mentio
553 2754 609 2825 est,
634 2763 671 2808 ea
693 2761 755 2808 vox
777 2753 957 2827 usurpatum
980 2743 1062 2826 quod
1083 2745 1214 2827 probare
1238 2763 1312 2809 sane
1334 2765 1422 2812 nemo
1444 2752 1550 2833 possit.
1576 2750 1651 2812 Tum

281 2846 398 2927 Aayma
421 2847 451 2907 iu
474 2863 529 2907 usu
552 2846 715 2926 antiquitus
738 2844 817 2926 apud
832 2844 1003 2908 Orientales
1026 2844 1130 2922 luisse,
1154 2843 1250 2906 adbuc
1273 2847 1402 2927 probatu
1424 2849 1568 2914 difficillus
1591 2856 1649 2928 est,

281 2946 332 3008 vel
354 2945 454 3026 potius
476 2944 670 3026 impossibile.
714 2945 789 3006 Nam
812 2945 1012 3007 testimouium
1043 2942 1190 3006 Gabridlis
1212 2945 1281 3008 lllai
1302 2948 1382 3027 quod
1411 2949 1553 3030 producit
1574 2949 1650 3012 Nal-

280 3063 387 3120 ronuS,
409 3043 519 3106 nullius
542 3045 708 3107 autoritatis
731 3051 788 3121 est,
812 3061 878 3106 oum
899 3041 1035 3124 Scriptor
1061 3043 1288 3107 recentissimus
1312 3049 1360 3122 sit,
1382 3057 1415 3111 ut
1437 3051 1488 3130 qui
1511 3056 1648 3130 tempore

281 3141 392 3206 Leonis
413 3144 450 3208 X.
473 3145 602 3223 vixerit,
624 3151 655 3208 et
678 3143 814 3207 omnibus
836 3151 1048 3225 praeterquam
1070 3141 1242 3220 Maronitis,
1275 3145 1314 3206 sit
1336 3147 1467 3231 Quotus.
1492 3148 1648 3212 Constitu-

282 3244 381 3306 tioues
402 3243 616 3307 Maronitarum
638 3261 713 3325 quas
736 3245 813 3323 ipse,
836 3241 1024 3304 Ecbellensls
1047 3241 1186 3321 exemplo
1208 3244 1331 3323 saepius
1354 3222 1486 3330 allegat:
1512 3245 1647 3328 ejusdem

282 3341 406 3426 generis
430 3350 511 3404 sunt:
534 3343 733 3424 nequeenim
756 3339 939 3404 Bibliotheca
968 3340 1028 3402 ulla
1051 3347 1321 3422 quantumcumque
1344 3342 1428 3408 dives
1452 3346 1648 3410 Orientalium

281 3439 437 3519 librorum,
460 3460 536 3522 opus
559 3443 631 3504 illud
654 3447 879 3522 repraesentat:
909 3440 1021 3503 similes
1050 3447 1163 3502 tantum
1191 3438 1393 3505 Collectioues
1421 3444 1577 3508 nonnullas
1608 3465 1648 3508 ex

283 3541 392 3622 quibus
414 3541 576 3603 verisimile
599 3550 646 3604 est
668 3541 844 3604 Maronitam
875 3539 1004 3621 aliquem
1027 3556 1134 3602 novam
1157 3541 1375 3621 composuisse.
1419 3544 1494 3607 Nam
1525 3564 1564 3607 ex
1593 3565 1646 3608 ra-

282 3639 350 3703 latis
373 3639 410 3701 ab
433 3633 603 3703 Echellensi
625 3642 823 3718 testimoniis,
853 3646 883 3702 et
905 3639 969 3702 aliis
992 3657 1069 3720 quae
1099 3639 1165 3702 viro
1196 3640 1362 3703 clarissimo
1389 3642 1498 3707 loanni
1528 3645 1647 3706 Morino

281 3739 528 3818 subministravit,
551 3741 752 3802 recentiorem
774 3742 894 3803 omnino
923 3737 1002 3800 illam
1031 3737 1246 3802 collectionem
1274 3757 1343 3803 esse
1371 3760 1458 3823 quam
1480 3742 1647 3806 Maronitas

282 3839 463 3917 existiment,
486 3837 674 3903 manifestum
689 3846 746 3903 est.
768 3839 876 3920 Neque
891 3839 988 3919 major
1003 3845 1050 3900 est
1061 3836 1186 3901 loannis
1202 3837 1281 3902 illius
1296 3839 1430 3904 blnronis
1443 3841 1646 3921 Patriarobae,

281 3944 313 3999 ut
334 3937 447 4015 volunt,
469 3937 734 4019 Antiocbeui,”qnl
757 3955 906 4020 nunqnam
933 3936 997 4016 fuit,
1020 3938 1174 4001 autoritas.
1219 3937 1301 4002 lllius
1323 3939 1416 4022 igitur
1437 3938 1497 4002 loci
1518 3947 1647 4003 senten-

280 4035 321 4099 tia
349 4035 427 4098 baec
456 4044 519 4114 est,
543 4035 692 4099 Christum
722 4055 788 4099 cum
824 4037 1047 4102 Sacramentum
1077 4035 1283 4102 Eucharistiae
1319 4039 1506 4118 institueret,
1536 4058 1646 4121 panem

282 4153 466 4226 communem
495 4136 525 4196 in
554 4153 658 4200 manus
681 4137 851 4218 accepisse,
883 4154 971 4216 quem
1000 4134 1211 4200 benedictione
1241 4139 1435 4219 omnipotenti
1465 4141 1495 4202 in
1526 4139 1645 4222 Corpus

281 4251 366 4297 snum
390 4238 625 4300 consecraverit.

312 4514 346 4583 ll.
381 4513 457 4584 Hoc
483 4519 535 4584 cst
562 4513 694 4608 Corpus
719 4536 835 4601 meam
862 4517 944 4606 quia
959 4513 1087 4608 absque
1104 4513 1207 4585 dubio
1228 4513 1311 4586 illud
1333 4517 1518 4608 sranpitur,
1545 4521 1609 4587 cta.

373 4705 465 4798 Quoo
495 4719 524 4779 in
559 4715 615 4780 bac
642 4732 797 4779 sacromm
825 4717 988 4780 verborum
1017 4715 1112 4780 lomna
1145 4717 1292 4799 quaedam
1323 4716 1422 4782 addita
1450 4725 1535 4797 sunt,
1566 4738 1644 4802 quae

282 4818 433 4883 Christum
462 4821 682 4903 pronunciasse
711 4836 772 4882 non
800 4827 935 4900 constat,
973 4819 1122 4884 edlcaoiae
1151 4820 1269 4884 illorum
1295 4821 1368 4885 nibil
1400 4821 1545 4886 detrabit:
1576 4841 1644 4886 oum

279 4920 441 5000 praecipua
477 4926 507 4982 et
537 4939 614 5002 quae
650 4919 709 4982 nim
739 4920 930 5000 praecipuam
960 4918 1071 4982 babent
1098 4939 1159 4984 non
1188 4921 1375 4984 omittantur:
1412 4939 1510 5003 neque
1546 4923 1642 4989 minos

278 5019 420 5083 sincerae
442 5017 638 5082 Orientalium
660 5017 699 5082 do
728 5016 916 5083 Eucharistin
945 5019 1032 5100 ndei,
1063 5019 1122 5083 ulla
1152 5019 1223 5083 inde
1250 5028 1372 5084 arentur
1399 5021 1551 5102 suspicio,
1580 5039 1641 5086 nou
