4784 6040
608 534 611 539 -
719 485 795 562 376
1227 484 1585 562 LITURGIA

718 684 753 744 et
778 695 841 745 nos
869 693 931 768 per
964 694 1080 744 eomm
1114 673 1373 744 intercessiones
1406 670 1532 743 robora
1564 682 1598 742 et
1633 671 1766 763 adjuva.
1819 676 1960 749 Animas
1994 679 2092 752 etiam

716 798 851 861 nostras
877 791 912 858 in
938 790 1080 859 veritate
1107 797 1163 858 tua
1188 787 1302 859 firmas
1330 785 1442 869 allice,
1478 785 1581 859 corda
1614 797 1729 858 nostra
1760 791 1793 859 iu
1826 789 1892 861 lide
1918 801 1975 862 tua
2002 813 2092 864 con-

717 905 830 992 firma,
858 906 934 998 quia
960 915 994 975 tu
1021 903 1117 974 dator
1144 913 1178 975 et
1202 903 1345 995 largitor
1370 901 1535 975 bonorum
1563 926 1619 988 es,
1658 903 1819 992 Domine,
1852 903 1979 998 tibique
2012 907 2092 978 lau-

721 1019 797 1091 dem
822 1017 1011 1107 referimus,
1039 1030 1073 1090 et
1098 1022 1269 1110 unigenito
1297 1018 1383 1090 Filio
1411 1027 1487 1108 tuo,
1514 1029 1547 1090 ct
1573 1017 1711 1114 Spiritui
1737 1030 1793 1090 tuo
1821 1023 2040 1094 sanctissimo.

825 1133 1001 1205 Sacerdos
1032 1134 1225 1205 inclinatos.
1290 1135 1327 1205 ln
1362 1131 1426 1204 hac
1462 1137 1561 1205 etiam
1598 1132 1681 1204 bora
1718 1143 1899 1223 memento,
1935 1134 2092 1224 Domine,

719 1250 918 1339 Doctorum,
946 1247 1229 1339 Orthodoxorum,
1255 1251 1439 1344 praecipue
1461 1241 1476 1284 ⁸
1502 1270 1588 1322 vero
1614 1249 1746 1340 lgnalii,
1772 1248 1940 1344 Dionysii,
1966 1249 2094 1339 basilii,

722 1363 897 1454 Gregorii,
925 1363 1064 1459 Cyrilli,
1091 1365 1232 1453 Severi,
1259 1365 1452 1451 Philoxeni,
1486 1361 1626 1452 lacobi,
1661 1371 1696 1434 et
1720 1362 1922 1458 reliquorum
1949 1369 2093 1436 omnium

722 1479 908 1552 Doctorum
934 1482 989 1573 qui
1016 1483 1161 1570 vestigia
1188 1480 1319 1551 illorum
1347 1483 1452 1552 secuti
1479 1489 1564 1550 sunt.

823 1594 974 1664 Eteonos
1006 1617 1133 1667 cucero.
1193 1595 1318 1667 Eorum
1353 1598 1409 1689 qui
1444 1594 1548 1666 radiis
1581 1592 1790 1686 Theologiae
1822 1617 1841 1666 a
1874 1593 1997 1688 Spiritu
2037 1602 2092 1666 tuo

721 1719 836 1781 saneto
858 1714 1050 1805 inspiratae,
1078 1709 1235 1782 tenebras
1263 1713 1405 1783 omnium
1434 1714 1580 1801 gentium
1606 1708 1871 1783 illustraverunt:
1902 1731 2018 1783 eorum
2040 1713 2094 1805 qui

719 1825 818 1898 funes
845 1826 1067 1898 extenderunt
1093 1824 1270 1898 Ecclesiae
1297 1825 1521 1917 exgentibus
1555 1835 1803 1917 congregatae,
1834 1836 1868 1896 et
1899 1825 2092 1922 redemptae

719 1944 883 2032 sauguine
909 1943 1070 2032 unigeniti
1089 1940 1166 2013 Filii
1187 1946 1245 2030 tui,
1273 1943 1430 2014 alinibus
1454 1963 1559 2036 usque
1585 1941 1627 2012 ad
1649 1941 1731 2013 fines
1754 1953 1864 2014 terrae
1888 1938 2091 2014 habitabilis:

724 2078 840 2128 eorum
875 2060 931 2150 qui
957 2056 1070 2148 gladio
1098 2060 1232 2150 spiritus
1259 2057 1466 2129 resciderunt
1501 2057 1650 2131 membra
1686 2069 1815 2131 mortua
1857 2079 1904 2128 cx
1944 2077 2090 2150 corpore

718 2168 895 2242 Ecclesiae
924 2169 1046 2242 Christi
1073 2175 1133 2243 tui:
1161 2194 1223 2267 per
1250 2196 1390 2267 quorum
1417 2175 1587 2244 orationes
1609 2171 1844 2267 acceptabiles,
1870 2170 2015 2243 Domine
2029 2191 2091 2243 nos

719 2288 817 2356 etiam
846 2285 1002 2358 confirma
1030 2296 1064 2358 et
1096 2286 1202 2379 dirige
1236 2290 1269 2359 in
1300 2288 1366 2360 lide
1400 2299 1434 2359 et
1464 2288 1615 2360 doctrina
1648 2310 1765 2360 eorum
1797 2285 1915 2375 beala3
1948 2294 1984 2358 ut
2017 2309 2091 2358 cum

717 2399 782 2471 illis
810 2412 843 2473 et
868 2404 954 2472 inter
980 2402 1068 2492 illos,
1094 2401 1279 2475 referamus
1317 2402 1373 2475 tibi
1407 2404 1569 2495 gloriam,
1605 2414 1640 2474 et
1664 2401 1797 2474 laudem
1823 2401 1986 2498 simulque
2013 2406 2091 2474 uni-

717 2517 832 2606 genito
859 2515 945 2588 Filio
973 2527 1043 2606 tuo,
1071 2527 1105 2588 et
1130 2517 1267 2614 Spiritui
1293 2521 1512 2591 sanctissimo.

821 2629 998 2702 Sacerdos
1031 2631 1223 2704 inclinatos.
1275 2634 1482 2706 Mortuerum
1525 2636 1624 2705 etiam
1663 2631 1825 2722 fidelium,
1868 2655 1930 2729 pro
1973 2633 2090 2728 quibus

717 2743 784 2814 hoc
812 2744 1009 2818 sacrificium
1037 2746 1183 2820 oblatum
1210 2760 1280 2836 est,
1317 2761 1482 2823 memento
1518 2751 1661 2823 Domine
1693 2752 1725 2821 in
1752 2749 1815 2822 buc
1848 2748 1950 2824 hora:
1976 2754 2090 2821 nomi-

718 2863 818 2930 natim
845 2882 930 2932 vero
958 2873 1162 2936 mortuorum
1191 2870 1335 2937 omnium
1363 2865 1504 2938 fidelium
1511 2922 1521 2957 ,
1548 2877 1696 2961 patrum,
1721 2862 1860 2937 fratrum
1867 2917 1877 2952 ,
1905 2870 2090 2957 magistro-

717 2998 855 3071 rumque
881 2988 1083 3069 nostrorum,
1112 2989 1178 3051 tam
1207 2981 1387 3054 secundum
1414 3004 1556 3078 corpus,
1590 3004 1689 3075 quum
1723 2980 1903 3054 secundum
1931 2983 2090 3076 spiritum.

822 3093 972 3164 Eteonos
997 3117 1123 3166 eorem.
1176 3095 1220 3168 Et
1253 3119 1370 3169 eorum
1402 3101 1559 3190 quicum
1593 3118 1654 3192 spe
1687 3118 1791 3184 vera,
1828 3106 1861 3167 et
1895 3096 2090 3169 confidentia

717 3206 795 3279 fidei
822 3211 966 3302 quaein
993 3218 1026 3281 te
1053 3221 1117 3300 est,
1144 3233 1191 3283 ex
1217 3212 1280 3283 hoe
1307 3212 1429 3284 mando
1458 3215 1686 3310 angustiarum
1713 3214 1958 3303 migraverumt,
1986 3223 2089 3283 etex

717 3326 788 3393 vita
814 3322 876 3395 hae
910 3324 1123 3416 gemebunda
1156 3326 1316 3422 profecti,
1353 3327 1395 3399 ad
1428 3338 1461 3398 te
1494 3337 1734 3423 pervenerunt,
1761 3338 1909 3422 patrum,
1940 3325 2088 3414 fratrum,

717 3443 1017 3535 magistrorumque
1044 3452 1236 3514 nostrorum
1271 3443 1461 3515 recordare.
1514 3441 1683 3514 lllemento
1711 3464 1844 3530 eorum,
1872 3450 1906 3512 et
1938 3445 2088 3536 suscipe,

717 3575 844 3649 eosque
872 3559 1047 3650 quiescere
1070 3541 1152 3649 jube
1177 3562 1210 3629 in
1239 3563 1312 3632 sinu
1338 3558 1521 3646 Abraham,
1555 3562 1587 3628 in
1623 3555 1846 3629 tabernaculis
1880 3557 2028 3628 laetitiae
2057 3564 2087 3626 et

718 3673 850 3764 quietis,
878 3674 911 3741 in
938 3670 1132 3744 habitaculis
1158 3673 1289 3764 lucidis,
1315 3678 1350 3744 in
1377 3675 1498 3747 mundo
1525 3673 1749 3768 voluptatum,
1780 3677 1814 3744 in
1841 3671 1997 3744 Ecclesia
2024 3673 2088 3743 Je-

716 3786 874 3872 rusalem,
901 3785 958 3858 ubi
985 3786 1079 3862 locus
1106 3810 1174 3860 non
1201 3800 1254 3862 est
1280 3791 1463 3880 afflictioni,
1490 3811 1599 3884 neque
1627 3793 1682 3860 via
1714 3791 1874 3860 tristitiae.
1928 3789 1995 3858 Per
2021 3791 2087 3858 mi-

717 3901 934 3974 sericordiam
962 3913 1061 3994 tuam,
1088 3904 1243 3995 Domine,
1270 3910 1403 3978 veniam
1421 3914 1678 3999 consequantur,
1707 3903 1906 3976 subterales
1934 3913 2086 3999 aspectus

716 4021 763 4088 tui
797 4016 1062 4106 abscondantur,
1098 4032 1131 4092 et
1157 4032 1298 4117 peccata
1331 4043 1446 4094 eorum
1479 4043 1547 4094 non
1580 4031 1782 4093 revocentur
1812 4024 1846 4090 in
1878 4022 2086 4092 memoriam:

717 4134 793 4225 quia
821 4132 928 4204 nullus
956 4137 1064 4205 extitit
1089 4136 1190 4231 plane
1216 4135 1301 4207 liber
1328 4136 1369 4208 ab
1397 4136 1631 4229 hujusmundi
1659 4134 1830 4223 sordibus,
1866 4157 1912 4206 ex
1938 4135 2086 4206 omnihus

717 4249 773 4341 qui
799 4268 902 4318 carne
928 4247 1030 4320 induti
1063 4272 1164 4346 super
1196 4262 1318 4323 terram
1350 4256 1526 4339 vixerunt,
1559 4255 1623 4323 nisi
1655 4252 1808 4324 salvator
1840 4260 1956 4322 noster
1989 4250 2085 4323 lesus

718 4361 868 4435 Christus
896 4367 1084 4455 unigenitus
1110 4367 1213 4439 Filius
1240 4376 1330 4440 tuus:
1364 4391 1425 4464 per
1453 4390 1550 4463 quem
1579 4370 1678 4438 etiam
1711 4366 1972 4438 misericordiam
2001 4386 2086 4436 con-

716 4482 812 4571 sequi
840 4501 1027 4574 speramus,
1055 4491 1088 4553 et
1114 4485 1345 4558 remissionem
1371 4493 1586 4579 peecatorum
1613 4492 1751 4579 propter
1777 4505 1872 4571 eum,
1900 4491 1963 4552 tam
1992 4479 2086 4552 nobis

717 4615 816 4687 quam
843 4594 917 4666 illis.

821 4711 972 4796 Quietem
1000 4723 1145 4806 praesta.
1175 4712 1220 4783 Et
1235 4735 1339 4786 onera
1355 4715 1477 4806 gravia
1503 4736 1588 4807 quae
1614 4714 1712 4786 nohis
1739 4715 1802 4808 ipsi
1827 4711 1893 4784 boc
1919 4717 1952 4785 in
1968 4714 2086 4786 mundo

716 4827 950 4920 imposuimus,
986 4827 1080 4898 aufer
1110 4850 1130 4898 a
1162 4828 1352 4900 cervicibus
1385 4832 1509 4902 nostris
1535 4828 1697 4901 Domine:
1730 4839 1871 4924 peccata
1906 4840 2021 4902 nostra
2057 4837 2087 4899 et

716 4961 832 5012 eorum
858 4944 1010 5032 ignosce,
1038 4943 1163 5016 dimitte
1190 4954 1224 5016 et
1250 4943 1355 5035 aufer,
1383 4956 1449 5018 tam
1475 4967 1517 5018 ea
1545 4969 1630 5040 quae
1646 4946 1846 5035 voluntarie,
1874 4967 1972 5041 quam
2003 4965 2087 5040 quae
