4728 6028
529 503 537 522 '
671 527 743 604 raa
1002 527 1696 608 arroanrarararu.

768 715 943 788 Sacerdos
969 716 1159 788 inclinatas.
1198 715 1342 790 Sanctus
1370 738 1421 804 es,
1448 727 1482 788 et
1506 738 1650 810 magnae
1676 719 1924 792 misericordiae
1950 719 2030 794 llo-

664 835 770 921 mine,
812 836 867 928 qui
899 855 961 929 per
997 855 1143 904 amorem
1178 842 1268 905 tuum
1300 854 1383 926 erga
1414 831 1563 904 homines
1597 831 1695 905 lilium
1728 844 1817 906 taam
1850 837 1966 908 misisti
1996 840 2030 909 in

664 949 834 1021 mundum:
863 959 897 1021 et
922 953 995 1045 ipse
1019 951 1054 1021 in
1071 949 1211 1041 Virgine
1227 949 1333 1021 llario
1349 951 1538 1020 incarnatus
1559 958 1611 1021 cst
1637 947 1679 1020 ad
1705 949 1843 1023 salutem
1870 961 2029 1025 nostram.

768 1064 918 1135 Etecaar
949 1087 1074 1136 caceaa
1133 1065 1197 1152 Qui
1230 1087 1303 1137 cum
1336 1063 1439 1137 vellet
1472 1074 1609 1157 gustare
1643 1075 1803 1154 mortem,
1838 1078 1873 1139 et
1902 1067 2031 1142 Pascha

665 1201 811 1275 vespere
836 1180 1022 1276 perliceret,
1049 1183 1179 1276 accepit
1204 1203 1325 1276 panem
1350 1183 1384 1251 in
1410 1202 1527 1256 manus
1554 1180 1683 1268 suas,†
1697 1180 1879 1272 benedixit,
1897 1186 1925 1272 †
1945 1205 2030 1257 aan-

667 1296 842 1388 ctiiicavit,
877 1297 965 1384 †et
989 1296 1108 1390 fregit,
1141 1296 1295 1392 deditque
1330 1294 1447 1368 turbae
1477 1296 1713 1392 Apostolorum
1750 1310 1961 1392 sanctorum,
1997 1312 2031 1372 et

667 1410 767 1483 dixit:
802 1414 956 1509 Accipite
991 1423 1025 1484 et
1064 1411 1078 1449 ²
1109 1411 1312 1485 manducate.
1372 1411 1446 1486 Hoc
1477 1423 1530 1485 est
1562 1435 1684 1509 corpus
1718 1437 1826 1486 meum
1854 1414 1942 1510 quod
1967 1438 2029 1512 pro

666 1527 767 1600 vobis
795 1540 828 1600 et
853 1552 914 1625 pro
941 1529 1050 1602 multis
1076 1529 1240 1622 frangitur
1266 1540 1300 1601 et
1326 1528 1481 1600 dividitur
1506 1531 1540 1599 in
1568 1531 1791 1623 expiationem
1824 1531 2030 1622 delictorum

665 1646 897 1718 remissionem
922 1656 1137 1742 peccatorum
1164 1657 1198 1719 et
1222 1646 1325 1716 vitam
1352 1655 1530 1717 aeternam.

769 1762 930 1856 Papulas.
983 1763 1099 1834 Amen.

767 1877 951 1950 Sacerdos.
1004 1877 1161 1949 Similiter
1187 1885 1221 1948 et
1247 1876 1384 1949 calicem
1411 1879 1555 1950 miscens
1582 1879 1683 1966 vino,
1719 1885 1754 1948 et
1779 1901 1881 1972 aqua,
1907 1879 1936 1967 †
1960 1877 2029 1951 he-

664 1993 809 2083 nedixit,
846 2000 867 2076 †
899 1993 1130 2079 sanctificavit,
1163 1999 1184 2075 †
1216 2002 1250 2064 et
1284 1991 1366 2063 dixit
1393 1995 1459 2064 eis:
1491 1992 1661 2086 Accipite,
1695 1991 1797 2065 bibite
1824 2016 1870 2065 ex
1895 2015 1937 2067 eo
1962 2017 2028 2068 vos

664 2131 790 2181 omnes.
832 2107 894 2179 llic
921 2117 973 2180 est
998 2107 1087 2181 calix
1114 2111 1285 2201 sanguinis
1311 2110 1376 2179 mei
1401 2106 1492 2180 Novi
1519 2106 1730 2195 Testamenti,
1759 2112 1814 2205 qui
1838 2131 1900 2207 pro
1927 2107 2026 2183 vohis

663 2235 697 2296 et
723 2246 785 2320 pro
812 2225 920 2297 multis
948 2223 1132 2315 effunditur,
1158 2227 1191 2294 in
1219 2225 1441 2319 expiationem
1462 2222 1666 2312 delictorum,
1692 2228 1922 2298 remissionem
1939 2247 2027 2320 pec-

663 2351 829 2431 catorum,
857 2344 1019 2413 civitam
1046 2350 1224 2413 aeternam.

768 2457 927 2550 Papulas.
980 2458 1100 2530 Amen.

768 2570 952 2643 Sacerdos.
1003 2572 1080 2644 Hoc
1105 2575 1287 2671 praecepit,
1314 2582 1348 2645 et
1372 2574 1498 2645 monuit
1522 2569 1616 2661 illoc,
1643 2570 1731 2666 quod
1758 2576 2028 2668 quotiescumque

662 2691 824 2786 mysteria
850 2688 934 2761 haec
959 2690 1154 2786 perficietis,
1181 2699 1341 2781 mortem,
1367 2700 1402 2762 et
1426 2691 1706 2761 resurrectionem
1738 2710 1845 2760 meam
1873 2710 2027 2762 comme-

661 2803 854 2894 morabitis,
882 2805 989 2878 donec
1014 2809 1156 2878 veniam.

766 2921 925 3014 Populus.
977 2922 1096 2996 Mortis
1122 2933 1208 2994 tuae.

766 3034 949 3110 Sacerdos.
991 3038 1182 3112 Adventum
1207 3047 1296 3110 taum
1323 3036 1501 3110 salutarem
1526 3046 1561 3107 et
1588 3035 1766 3108 secundum
1793 3034 1895 3125 illum,
1922 3059 2024 3108 com-

662 3164 897 3240 memorantes,
924 3153 1079 3243 Domine,
1104 3153 1235 3226 laudem
1262 3176 1337 3226 cnm
1363 3152 1597 3248 deprecatione
1622 3155 1787 3244 majestati
1813 3160 1890 3222 tuae
1908 3150 2026 3224 oderi-

661 3291 753 3358 mus,
779 3279 814 3341 ut
840 3273 874 3339 in
900 3269 1043 3343 timendo
1071 3269 1145 3360 illo,
1172 3278 1206 3341 et
1231 3269 1368 3342 terribili
1390 3269 1507 3362 judicii
1533 3268 1606 3358 die,
1631 3271 1666 3340 in
1692 3291 1758 3363 quo
1780 3269 1963 3360 J'ustorum,
1992 3279 2027 3342 et

659 3395 873 3480 peccatorum
900 3409 1043 3478 examen
1070 3390 1240 3476 institues,
1273 3408 1339 3457 non
1366 3384 1544 3457 secundum
1571 3396 1708 3480 peccata
1743 3393 1878 3474 aesna,
1912 3383 2025 3457 uades

659 3523 723 3574 nos
750 3501 862 3575 ardori
888 3501 1020 3576 dearum
1046 3515 1080 3576 et
1105 3526 1297 3598 poenarum,
1324 3524 1434 3598 neque
1459 3513 1598 3599 propter
1613 3503 1786 3597 nequitias,
1812 3502 2024 3597 etinsipien-

659 3621 724 3690 tias
750 3628 883 3692 nostras
911 3623 1105 3707 cruciemur,
1134 3629 1168 3692 et
1191 3623 1310 3716 poenis
1337 3620 1522 3706 afficiamur,
1550 3623 1616 3690 imo
1642 3620 1804 3713 propitius
1831 3625 1917 3706 esto,
1945 3615 2025 3687 Do-

661 3737 764 3821 mine,
801 3737 962 3806 misercre
997 3738 1121 3824 nostri,
1156 3744 1190 3806 et
1220 3745 1338 3808 averte
1363 3733 1484 3807 faciem
1510 3745 1598 3807 tuam
1625 3758 1644 3806 a
1670 3736 1816 3831 peccatis
1842 3734 1964 3807 nostris
1991 3743 2026 3804 et

662 3850 785 3943 adjuva
811 3873 892 3924 nos:
920 3860 1059 3946 propter
1082 3850 1146 3922 lroc
1170 3849 1324 3922 Ecclesia
1350 3861 1404 3922 tua
1433 3859 1466 3922 et
1496 3873 1584 3944 grex
1616 3861 1690 3923 tuus
1723 3849 1941 3946 deprecantur
1976 3859 2023 3935 te,

661 3974 696 4036 et
720 3989 782 4061 per
809 3977 842 4038 te
869 3975 902 4037 et
928 3977 1035 4039 tecum
1061 3967 1195 4039 Patrem
1221 3976 1329 4058 mum,
1357 3965 1479 4039 dicens.

763 4081 924 4174 Papulas.
977 4083 1142 4155 Miserere
1168 4084 1282 4156 nostri.
1390 4127 1392 4136 ,

762 4197 945 4268 Sacerdos.
999 4197 1072 4271 Nos
1100 4221 1242 4294 quoque.

762 4315 924 4406 Papulae.
978 4313 1029 4386 'le
1054 4313 1235 4388 laudamus.

762 4428 946 4501 Sacerdos.
999 4429 1193 4527 Praecipue.

763 4544 949 4620 Dioccarn.
1005 4547 1112 4633 Quam
1139 4544 1280 4618 timenda
1307 4553 1360 4619 'est
1383 4546 1467 4619 haec
1492 4546 1585 4620 hora.

764 4662 939 4733 Sacerdos
964 4663 1146 4735 inclinatae
1171 4663 1256 4734 dicit
1279 4663 1533 4735 lanceationem
1558 4661 1710 4756 Spiritus
1734 4667 1856 4736 suncti.

760 4777 930 4874 Miserere
956 4782 1078 4870 nostri,
1112 4779 1274 4870 Domine,
1300 4781 1461 4853 miserere
1492 4783 1614 4854 nostri:
1648 4784 1740 4852 mitte
1773 4785 1874 4879 super
1898 4800 1962 4854 nos
1988 4793 2023 4856 et

662 4913 764 4988 super
789 4893 849 4966 has
877 4893 1074 4987 oblationes
1100 4894 1256 4991 Spiritum
1283 4905 1373 4968 tuum
1398 4905 1559 4988 sananim,
1585 4900 1812 4994 mysteriaque
1830 4895 1915 4970 hacc
1933 4920 2019 4973 san-

660 5007 786 5101 ctifica,
812 5010 976 5108 uobisque
1002 5010 1159 5084 nundum
1185 5012 1293 5086 tribue
1320 5022 1354 5084 et
1378 5015 1520 5086 veniam.
1632 5065 1635 5074 .
