4804 6026
696 525 776 601 VIII
1127 532 1639 613 ulssuurnrro

693 714 793 788 MSS.
830 716 919 813 quod
954 718 997 790 de
1031 717 1120 792 nulla
1153 719 1219 791 dici
1251 727 1378 818 potest,
1414 743 1524 818 neque
1557 720 1600 795 de
1637 731 1708 796 toto
1743 722 1873 796 illanrm
1909 745 2063 822 corpore.

572 821 577 834 ’
693 831 781 905 Nam
802 832 1193 932 praemittitur-panibus
1212 859 1358 932 eaquae
1375 837 1475 934 Xysti
1499 838 1640 910 Romani
1660 837 1827 912 PontificIs
1854 837 1984 930 dicibrr,
2011 844 2065 914 cui

693 948 786 1021 velut
811 954 1012 1048 praepruae
1037 952 1182 1046 reliquas
1210 953 1468 1026 accommodare
1495 963 1659 1051 oporteat.
1701 953 1827 1028 Verum
1845 961 1997 1049 mammo
2017 961 2064 1031 ita

694 1087 733 1138 se
760 1064 882 1140 habeat
908 1071 942 1139 in
968 1068 1092 1162 abquot
1116 1065 1352 1165 blanuscriptb
1379 1067 1578 1159 codicibus,
1605 1073 1679 1162 ejus
1696 1094 1777 1146 usus
1799 1073 1988 1144 rarissimus
2000 1082 2064 1162 est,

695 1192 729 1253 et
754 1183 842 1258 illam
869 1182 1036 1276 reingere
1062 1205 1205 1258 necesse
1230 1185 1303 1270 brit,
1329 1195 1365 1258 ut
1390 1208 1473 1259 sana
1499 1184 1679 1259 videretur.
1731 1186 1779 1260 At
1804 1208 1919 1260 omnes
1944 1187 2063 1260 Litur-

694 1304 785 1394 giam
810 1300 930 1374 Jacobi
956 1308 992 1371 ut
1016 1303 1229 1395 praecipuam
1255 1311 1526 1398 repraesentant,
1559 1301 1648 1396 quod
1679 1323 1747 1375 non
1772 1302 1872 1376 modo
1900 1301 2062 1378 Jacobitis

694 1417 912 1491 observatum
938 1426 1015 1506 est,
1042 1416 1103 1490 sed
1128 1415 1312 1506 llelcbitis,
1339 1439 1401 1490 seu
1417 1415 1639 1506 0rtbodoxis,
1665 1420 1750 1490 inter
1776 1440 1862 1513 quos
1876 1418 2062 1491 Maronitas

681 1535 816 1627 primas
848 1541 962 1627 partes
993 1534 1027 1602 in
1060 1532 1162 1627 Syria
1195 1553 1330 1628 semper
1362 1531 1520 1607 babuisse
1552 1553 1591 1606 se
1622 1535 1769 1625 jactant,
1803 1543 1838 1606 ot
1869 1556 1890 1606 a
1923 1555 2062 1629 quorum

686 1647 849 1745 ‚exemplo
875 1669 944 1720 non
971 1657 1042 1720 erat
1067 1647 1298 1720 recedendum.
1350 1647 1438 1721 Nam
1464 1651 1519 1743 qui
1544 1669 1654 1745 neque
1681 1647 1911 1722 Orthodoxam
1932 1649 2060 1723 Eccle-

692 1766 774 1838 siam
803 1773 1002 1860 sequuntuu,
1028 1767 1063 1836 in
1084 1762 1193 1836 forma
1212 1786 1386 1837 sacrorum
1403 1764 1609 1855 Οιιὶοίοιιιιιι,
1634 1785 1698 1836 nec
1715 1764 1944 1856 tacobiucam,
1964 1776 2061 1840 erunt

690 1882 724 1951 in
750 1881 849 1953 nulla.
884 1879 1081 1953 Provocara
1105 1902 1208 1976 porro
1235 1878 1279 1952 ad
1304 1888 1440 1953 veteres
1457 1879 1603 1954 Codices
1630 1903 1710 1955 suos
1719 1879 1947 1971 Maroniticos,
1975 1903 2059 1980 quos

690 2017 789 2071 nemo
824 1996 926 2088 vIdit,
956 2005 992 2068 ut
1027 1994 1109 2067 ordo
1142 1995 1198 2067 ille
1230 2005 1469 2092 praeposterus
1504 1994 1707 2087 stabiliatur,
1740 2001 1860 2090 nugari
1886 2009 1956 2088 est,
1984 2021 2059 2070 cunr

690 2111 780 2183 nulla
806 2111 949 2208 Syriaca
974 2109 1122 2185 blissabs
1149 2111 1228 2183 editi
1253 2110 1405 2205 Liturgia
1431 2113 1475 2185 sit
1501 2133 1598 2207 quam
1619 2110 1795 2186 Jacobitae
1809 2136 1877 2187 non
1902 2112 2059 2206 habeant,

690 2248 759 2299 nou
790 2227 890 2301 modo
926 2254 947 2302 a
982 2225 1163 2319 majoribus
1199 2236 1390 2324 acceptam,
1424 2227 1485 2301 sed
1518 2226 1676 2324 quasdam
1711 2226 1755 2302 ab
1789 2228 1852 2303 uus
1887 2227 2058 2306 autoribus

691 2347 912 2440 compositas,
945 2345 1000 2438 qui
1031 2346 1064 2414 iu
1097 2342 1247 2436 ejusdem
1272 2352 1387 2416 sectae
1416 2342 1628 2441 professione
1660 2347 1827 2417 vixerunt.
1887 2343 1926 2418 ld
1959 2349 2059 2420 etiam

691 2463 832 2553 agnosci
856 2458 955 2531 facile
982 2468 1092 2556 potest
1129 2481 1175 2532 ex
1208 2463 1449 2535 commentariis
1483 2459 1609 2556 aliquot
1638 2463 1673 2533 in
1698 2457 1868 2553 Litargias
1895 2459 2058 2556 Syriacis,

691 2580 746 2673 qui
771 2581 805 2649 in
830 2575 1043 2649 Bibliothecis
1070 2583 1268 2667 servantur,
1293 2575 1340 2648 illi
1366 2581 1472 2669 enim,
1497 2579 1584 2649 inter
1601 2562 1783 2673 quos'prae
1797 2579 1940 2651 caeteris
1958 2598 2057 2649 com-

688 2693 862 2766 mendatur
887 2697 915 2766 Is
942 2694 997 2789 qui
1023 2691 1222 2789 Dionysium
1247 2692 1411 2768 barsalibi
1447 2704 1597 2767 autorem
1632 2691 1749 2785 babet,
1782 2715 1853 2780 nou,
1884 2692 1928 2765 ad
1956 2693 2058 2789 Xysti

689 2819 745 2881 aut
772 2811 925 2905 quamvis
952 2807 1068 2900 aliam,
1095 2808 1156 2882 sed
1183 2808 1226 2881 ad
1250 2807 1370 2882 Jacobi
1395 2809 1604 2903 Liturgiam,
1636 2820 1673 2882 ut
1703 2807 1746 2882 ad
1771 2817 1899 2880 terbum
1921 2810 2057 2903 prima-

688 2927 772 2995 rium
799 2934 875 2996 sunt
900 2923 1158 2997 accommodati:
1184 2927 1251 2997 imo
1279 2935 1312 2997 et
1339 2947 1436 3021 quem
1460 2924 1668 3000 EchellensIs
1696 2946 1800 3020 saepe
1826 2922 1974 2996 laudavit
1993 2923 2055 2997 sub

689 3045 823 3113 nomine
848 3041 986 3114 Ioannis
1013 3040 1181 3132 Maronis,
1208 3041 1357 3113 eamdem
1385 3040 1549 3139 explicat,
1576 3044 1727 3138 quamvis
1755 3039 1797 3110 da
1824 3060 1867 3110 ao
1895 3060 1999 3134 opere
2014 3042 2058 3112 sit

690 3178 895 3253 magnopere
922 3158 1142 3230 dubitandum.

377 3263 676 3371 'Dutetnsipnapnua-
792 3273 849 3345 XI.
878 3274 1003 3346 Omnes
1036 3278 1132 3346 etiam
1159 3275 1327 3368 Liturgias
1352 3274 1497 3347 Romani
1529 3273 1674 3346 editores
1705 3271 1835 3346 duobus
1859 3276 2056 3369 praesertim

364 3355 772 3500 {ssffnbssffiifflrffffgtoets
799 3389 1081 3463 reformaverunt:
1107 3393 1141 3461 in
1166 3388 1275 3463 forma
1301 3389 1484 3463 verborum
1511 3388 1633 3464 Christi
1658 3391 1811 3463 Domini:
1839 3398 1873 3459 et
1897 3392 1931 3459 in
1945 3387 2055 3461 Invo-

363 4423 452 4475 sancti.

688 3511 820 3580 catione
847 3507 988 3604 Spiritus
1016 3509 1131 3579 sancti.
1158 3505 1252 3579 Illam
1278 3506 1409 3601 quridem
1434 3505 1575 3578 formam
1603 3527 1688 3600 quae
1714 3502 1855 3577 Graecis
1873 3501 1996 3576 ,similis
2022 3506 2057 3577 in

633 3627 636 3634 '
686 3622 854 3719 plerisque
889 3631 960 3712 est,
994 3625 1128 3694 omuino
1165 3621 1384 3712 sustulerunt,
1418 3630 1455 3693 ιιι
1488 3643 1574 3717 quae
1606 3625 1641 3692 in
1666 3620 1786 3692 Latino
1815 3618 1956 3693 canone
1992 3628 2055 3710 est,

686 3741 821 3812 totidem
840 3737 955 3814 verbis
976 3759 1141 3833 expressa
1158 3736 1429 3827 substitueretur,
1455 3741 1566 3834 spisso
1583 3746 1694 3808 tamen
1714 3756 1848 3807 errore:
1875 3756 1950 3806 cum
1969 3757 2055 3830 par·

685 3857 817 3928 ticulam
846 3859 933 3928 cotue
960 3877 1058 3950 quam
1083 3853 1163 3951 Syri
1190 3877 1209 3926 a
1237 3853 1378 3927 Graecis
1403 3851 1543 3944 babent,
1569 3874 1637 3924 non
1662 3853 1871 3946 receperint,
1898 3848 1959 3922 sed
1981 3854 2054 3944 ejus

686 3973 763 4043 loco
789 3977 845 4089 pl't
874 3992 959 4066 quae
984 3991 1052 4042 non
1079 3972 1184 4058 cutm,
1212 3970 1274 4042 sed
1301 3977 1413 4042 uotam
1438 3969 1617 4061 significat,
1645 3977 1761 4041 contra
1784 3965 1884 4040 MSS.
1911 3969 2056 4040 omnium

686 4086 784 4158 Iidem
812 4087 1044 4160 substituerint.
1097 4086 1134 4158 ln
1159 4085 1269 4160 forma
1296 4085 1339 4158 ad
1371 4083 1509 4158 calicem
1544 4083 1828 4173 consecrandum,
1863 4088 2055 4175 atpaterium

685 4204 768 4295 fidei
793 4205 866 4299 pari
891 4207 1021 4274 ratIone
1048 4201 1251 4275 addiderunt

398 4333 529 4388 luvocauo
565 4339 675 4406 Spiritus
790 4319 863 4392 XII.
915 4319 1165 4392 invocabonem
1192 4319 1335 4414 SpIribas
1362 4319 1468 4392 sancti
1493 4319 1617 4413 pariter
1642 4319 1915 4408 irnmutaverrmt,
1948 4317 1993 4385 ita
2018 4321 2056 4384 ut

688 4439 884 4510 sententiam
910 4435 996 4508 illius
1024 4437 1204 4525 orationis,
1230 4456 1299 4507 non
1331 4433 1373 4507 ad
1407 4432 1629 4522 efficiendam,
1665 4441 1721 4505 aut
1746 4435 1856 4528 potius
1891 4451 2054 4503 consum-

687 4553 839 4625 mandam
867 4553 1104 4627 elementorum
1128 4553 1163 4622 in
1190 4573 1311 4646 corpus
1339 4559 1373 4622 et
1387 4552 1583 4641 sanguinem
1599 4547 1721 4622 Obristi
1736 4549 2053 4635 transmutationem,

687 4668 746 4742 sed
774 4669 815 4739 ad
842 4669 982 4741 fructum
1009 4691 1056 4740 ex
1082 4688 1199 4740 eorum
1225 4667 1324 4760 digna
1339 4668 1551 4761 susceptione
1573 4661 1840 4760 percipiendum,
1866 4661 2053 4734 retulerint:

688 4806 763 4855 cum
789 4782 855 4856 alia
880 4784 1000 4876 lectio,
1027 4781 1133 4878 qualis
1159 4791 1211 4856 est
1235 4784 1269 4853 in
1296 4779 1436 4854 Graecis
1468 4778 1608 4871 iacobi,
1640 4778 1774 4868 Basilii,
1808 4775 2054 4875 chrysostomi,

687 4899 992 4994 Alexandrinisque
1018 4898 1197 4992 Liturgiis,
1223 4899 1522 4972 vetustissimorum
1555 4895 1706 4968 codicum
1741 4895 1929 4967 testImoqu
1964 4915 2052 4966 con-

687 5011 853 5106 firmetur,
888 5016 940 5085 cui
982 5012 1110 5086 accedit
1145 5011 1360 5088 Orientalium
1398 5015 1542 5088 omnium
1580 5031 1775 5086 consensus.
1836 5008 1944 5083 Veriti
1977 5017 2053 5084 suut
