4730 6038
748 584 911 662 SEVERI
947 583 1247 665 attractant.
1615 585 1693 660 323

422 768 584 863 Populos.
637 773 757 842 Amen.

421 884 607 956 Sacerdos.
660 884 817 957 Similiter
843 893 878 957 et
903 883 1040 956 calicem
1067 886 1212 979 accepit,
1241 895 1417 981 postquam
1445 898 1690 977 coenaverunt,

318 1001 530 1096 miscensque
556 1003 637 1072 vino
664 1009 697 1072 et
724 1024 823 1096 aqua,
849 1007 870 1083 †
896 1004 1023 1093 gratias
1051 1002 1120 1091 egit
1140 1005 1161 1081 τ
1184 1010 1218 1070 et
1237 1000 1466 1090 sanctificavit,
1493 1008 1563 1084 tet
1581 1001 1693 1075 divisit

318 1112 486 1211 discipulis
513 1120 581 1188 suis
607 1116 781 1210 Apostolis
809 1115 939 1188 dicens:
973 1116 1144 1210 Accipite,
1176 1114 1280 1188 bibite
1311 1139 1357 1188 ex
1390 1137 1432 1186 eo
1462 1135 1528 1188 vos
1556 1138 1692 1190 omnes:

317 1228 380 1300 Hic
408 1242 460 1302 est
487 1235 623 1324 sanguis
649 1254 744 1304 meus
770 1231 974 1303 Testamenti
1000 1233 1097 1316 novi,
1132 1234 1188 1325 qui
1213 1252 1276 1326 pro
1304 1230 1403 1302 vobis
1432 1241 1465 1302 et
1491 1252 1553 1326 pro
1582 1231 1692 1304 multis

318 1344 492 1418 effunditur
517 1359 551 1421 et
577 1348 674 1419 datur
709 1349 741 1417 in
776 1349 1005 1419 remissionem
1039 1356 1264 1440 peccatorum.
1317 1346 1391 1419 Hoc
1425 1347 1525 1419 lacite
1560 1349 1593 1417 in
1625 1352 1692 1419 mei

317 1465 528 1534 memoriam:
557 1465 829 1557 quotiescumque
856 1464 943 1532 enim
969 1460 1210 1533 manducabitis
1237 1485 1358 1558 panem
1380 1461 1478 1552 bunc,
1496 1472 1529 1534 et
1554 1461 1692 1533 calicem

318 1572 403 1646 bunc
428 1576 564 1665 bibetis,
592 1587 733 1649 mortem
759 1599 868 1648 meam
896 1577 1137 1650 annuntiabitis.

420 1690 583 1785 Poprdoe.
636 1692 755 1765 Mortis
782 1703 859 1764 tuae
885 1693 1029 1763 Domine
1055 1695 1248 1766 memoriam
1277 1696 1416 1785 agimus.

422 1805 607 1878 Sacerdos.
639 1806 714 1880 Hoc
740 1809 841 1899 igitur
867 1807 1063 1880 sacrificium
1089 1810 1293 1881 incruentum
1321 1807 1531 1903 perficientes
1547 1807 1691 1879 Domina

320 1920 420 2010 lesu,
448 1921 667 2016 deprecamur
694 1944 842 1994 amorem
868 1930 958 1994 tuum
986 1945 1067 2014 erga
1094 1920 1262 2012 homines,
1293 1935 1368 2019 pter
1395 1945 1491 2018 quem
1518 1925 1551 1992 in
1578 1927 1692 1994 sacri-

322 2035 431 2108 ficium
458 2036 576 2110 dedisti
603 2047 637 2109 te
664 2041 769 2132 ipsum
797 2059 858 2132 pro
885 2039 992 2110 nobis.
1046 2038 1255 2110 Meminimus
1287 2043 1385 2110 etiam
1418 2037 1691 2110 manifestationis

317 2161 394 2222 tuae
422 2150 607 2240 secundae,
645 2151 839 2245 gloriosae,
874 2164 907 2224 et
940 2157 1059 2224 timore
1093 2152 1229 2248 plenae,
1263 2152 1395 2248 quando
1428 2149 1563 2223 sedebis
1590 2173 1692 2247 snper

318 2267 433 2337 sedem
473 2267 644 2339 excelsam
678 2277 712 2338 et
744 2267 937 2358 timendam,
971 2267 1170 2362 stabantque
1206 2290 1321 2340 coram
1354 2278 1388 2338 te
1422 2265 1541 2338 millies
1568 2266 1692 2338 milleni

315 2381 452 2473 Angeli,
481 2387 667 2478 igneusque
693 2381 813 2456 fluvius
840 2383 1021 2456 descendet
1043 2393 1077 2453 et
1094 2387 1213 2478 impios
1235 2383 1387 2456 absumet
1407 2381 1535 2477 absque
1553 2385 1691 2454 miseri-

316 2495 448 2570 cordia:
489 2520 604 2570 omnes
641 2521 774 2594 quoque
810 2497 962 2573 homines
997 2501 1159 2571 rationem
1193 2498 1333 2570 reddent
1368 2520 1509 2596 operum
1542 2520 1692 2587 suorum,

315 2611 437 2683 nullum
451 2615 521 2704 jam
541 2623 597 2684 aut
615 2617 833 2702 accusatoris,
861 2625 916 2686 aut
934 2617 1066 2709 patroni
1087 2636 1171 2708 opus
1196 2612 1370 2703 habentes,
1397 2613 1458 2686 sed
1479 2615 1553 2707 ipsa
1576 2631 1693 2683 eorum

315 2707 419 2822 opera
447 2751 534 2823 quae
561 2738 715 2820 egerunt,
741 2728 1014 2818 recensebuntur,
1042 2733 1137 2825 ipsae
1165 2732 1264 2801 etiam
1292 2732 1513 2823 cogitationes
1542 2737 1599 2800 aut
1625 2751 1691 2798 ac-

315 2841 488 2932 cusabunt,
515 2853 571 2914 aut
598 2843 824 2917 excusabunt:
852 2844 983 2941 quando
1012 2844 1179 2940 qualesit
1206 2866 1290 2940 opus
1318 2847 1555 2938 cujuscumque
1575 2841 1691 2914 bomi-

253 3053 257 3058 .
314 2962 366 3031 nis
400 2957 414 2996 ²
446 2962 534 3051 ignis
566 2957 737 3055 probabit3
772 2961 903 3055 quando
938 2983 1048 3056 neque
1083 2959 1306 3055 sapientibus,
1339 2981 1449 3055 neque
1485 2958 1592 3031 doctis
1627 2961 1692 3028 erit

315 3074 499 3147 excusandi
523 3075 630 3166 locus,
659 3078 691 3146 in
717 3074 774 3149 illo
801 3086 952 3173 tempore
980 3080 1098 3148 timore
1124 3074 1236 3171 pleno,
1266 3096 1340 3147 cum
1368 3083 1493 3148 tremor
1519 3081 1553 3144 et
1579 3082 1691 3144 terror

313 3192 347 3261 in
374 3211 490 3262 omnes
518 3202 691 3263 creaturas
718 3191 898 3264 rationales
925 3191 1034 3279 cadet,
1062 3201 1096 3262 et
1122 3213 1221 3262 omne
1248 3213 1288 3263 os
1316 3191 1517 3275 obstruetur,
1545 3198 1580 3260 et
1599 3211 1691 3260 con-

312 3303 400 3378 fusio
428 3309 548 3401 impios
576 3315 610 3378 et
635 3309 828 3403 insipientes
862 3306 1005 3379 tenebit:
1040 3305 1172 3402 quando
1207 3306 1313 3378 lrater
1349 3305 1474 3378 auxilio
1510 3324 1580 3375 non
1616 3307 1691 3390 erit,

314 3431 347 3492 et
372 3419 450 3492 nibil
473 3420 605 3515 juvabit
632 3426 892 3511 commiseratio,
918 3445 1027 3517 neque
1054 3431 1167 3518 patros
1187 3419 1380 3493 salvabunt:
1409 3419 1540 3516 quando
1561 3441 1691 3512 seque-

313 3545 366 3608 tur
392 3537 472 3608 ultio
500 3535 628 3632 absque
655 3538 901 3626 misericordia,
934 3537 1011 3610 illos
1045 3542 1100 3634 qui
1130 3559 1197 3609 non
1229 3536 1383 3608 lecerunt
1413 3532 1688 3606 misericordiam.

313 3651 374 3724 Illo
402 3661 565 3746 tempore,
592 3675 636 3724 ne
663 3663 798 3726 avertas
824 3654 944 3726 faciem
972 3664 1060 3726 tuam
1089 3677 1108 3725 a
1134 3652 1243 3742 nobis,
1270 3673 1380 3746 neque
1408 3647 1575 3743 despicias
1600 3647 1689 3719 bae-

313 3768 487 3840 reditatem
513 3779 612 3855 tuam,
639 3773 684 3842 ita
711 3780 747 3843 ut
773 3768 972 3844 cruciatibus
1001 3771 1129 3865 absque
1154 3769 1220 3842 fine
1247 3767 1403 3840 tradatur.
1445 3762 1497 3836 Ne
1525 3760 1689 3835 haeredes

314 3885 416 3955 simus
443 3884 653 3958 tenebrarum
682 3886 811 3982 absque
837 3887 903 3958 ulla
930 3887 1017 3975 luce,
1046 3908 1090 3958 ne
1115 3884 1221 3956 iacias
1248 3906 1311 3956 nos
1338 3883 1483 3956 Domine
1511 3877 1639 3949 alienos
1669 3899 1690 3948 a

313 4003 481 4071 consortio
509 4011 578 4089 tuo,
605 4022 715 4096 neque
742 4000 892 4094 abneges
919 4023 993 4088 nos,
1021 4013 1055 4073 et
1082 3999 1173 4072 dicas
1191 3996 1303 4088 nobis,
1330 4001 1488 4095 quianon
1507 3994 1588 4064 novi
1605 4013 1689 4080 vos3

313 4138 357 4187 ne
383 4126 510 4188 statuas
536 4139 600 4188 nos
627 4121 660 4189 in
687 4117 793 4190 latere
820 4123 966 4204 sinistro,
995 4117 1126 4190 illorum
1153 4119 1207 4213 qui
1233 4115 1388 4189 viderunt
1413 4123 1446 4184 te
1473 4110 1688 4196 esurientem,

313 4251 377 4302 nec
403 4241 569 4327 paverunt
595 4243 645 4304 te:
679 4233 852 4321 infirmum,
878 4256 989 4329 neque
1014 4235 1233 4305 visitaverunt
1260 4240 1309 4303 to:
1347 4228 1406 4302 sed
1440 4247 1591 4319 agnosce
1624 4245 1689 4296 nos

315 4356 349 4418 et
369 4369 507 4420 numera
524 4370 588 4420 nos
610 4350 643 4419 in
663 4359 761 4422 coetu
779 4349 920 4440 illorum,
942 4352 997 4444 qui
1017 4346 1168 4421 lecenmt
1188 4347 1395 4421 voluntatem
1419 4353 1517 4414 tuam
1545 4340 1690 4436 Propter

313 4459 398 4534 baec
424 4466 511 4535 enim
532 4463 680 4560 'populus
706 4475 781 4538 tuus
809 4475 843 4537 et
869 4463 1057 4537 haereditas
1084 4476 1140 4537 tua
1168 4463 1366 4558 deprecatur
1391 4471 1438 4548 te,
1465 4469 1499 4530 et
1522 4479 1583 4553 per
1600 4466 1634 4529 te
1656 4467 1691 4529 et

313 4587 422 4650 tecum
448 4579 583 4651 Patrem
610 4590 708 4652 tuum.

767 4768 947 4840 Ioooootio
974 4767 1128 4860 Spiritus
1152 4770 1276 4840 soocti.

417 4933 602 5007 Sacerdos.
655 4934 820 5008 Miserere
847 4939 912 5006 mei
938 4935 1031 5006 Deus
1059 4935 1160 5006 Pater
1186 4937 1409 5028 omnipotens,
1437 4941 1471 5003 et
1490 4933 1623 5026 respice
1646 4928 1688 4999 ad

312 5053 455 5140 gemitus
483 5059 517 5121 et
544 5053 686 5146 suspiria
712 5050 827 5148 populi
853 5055 917 5138 tui,
951 5072 1060 5145 neque
1095 5053 1258 5146 respicias
1292 5047 1455 5130 Domine,
1490 5045 1579 5118 labia
1613 5065 1690 5115 moa

365 5187 451 5230 tomus
464 5186 487 5229 tt.
1410 5163 1461 5236 44
