4730 6038
654 557 734 634 am
1158 533 1564 640 uununcrr'
1652 523 1734 548 ”

653 757 744 820 tuum
769 749 926 822 inlinitum
953 772 1036 843 erga
1061 749 1224 838 homines,
1250 750 1367 820 misisti
1394 746 1515 820 Filium
1541 759 1631 822 tuum
1656 753 1861 844 unigenitum
1888 751 1931 825 ad
1959 775 2022 827 sa-

651 863 752 936 lntem
778 875 943 938 nostram:
971 870 1026 961 qui
1052 865 1181 961 absque
1206 864 1273 936 uda
1298 869 1478 938 mutatione
1512 869 1702 940 incarnatus
1737 877 1790 940 est
1821 889 1867 940 ex
1892 867 2021 964 Spiritu

652 989 781 1067 sancto,
809 990 842 1052 et
868 1003 914 1052 ex
939 991 1057 1053 natura
1084 980 1243 1053 bumana:
1276 978 1486 1076 salvavitque
1518 1004 1626 1074 genus
1660 995 1810 1056 nostrum
1847 1005 2018 1057 acorru-

651 1098 764 1191 ptione
791 1106 825 1168 et
849 1107 958 1168 morte
983 1101 1132 1193 peccati,
1171 1095 1327 1191 deditque
1357 1097 1455 1168 nobis
1488 1101 1612 1188 vitam,
1643 1098 1856 1195 adoptionem
1890 1107 1924 1170 et
1956 1121 2020 1170 re-

651 1235 753 1305 guum
779 1212 937 1286 coeleste.
990 1214 1041 1285 Tu
1072 1236 1158 1286 nunc
1192 1215 1291 1285 etiam
1324 1214 1467 1286 Domine
1501 1238 1563 1310 per
1594 1214 1711 1287 multas
1747 1214 2021 1310 abundantesque

651 1332 882 1403 miserationes
909 1329 1122 1422 benignitatis
1136 1341 1237 1419 tuae,
1265 1332 1398 1425 suscipe
1425 1330 1621 1403 sacrificium
1647 1331 1712 1403 hoc
1730 1353 1846 1404 coram
1872 1341 1905 1402 te
1931 1354 2020 1427 pro-

651 1448 808 1541 positum,
834 1445 876 1517 ad
902 1450 1170 1543 propitiationem
1192 1445 1385 1519 delictorum
1406 1459 1608 1538 nostrorum,
1635 1458 1669 1519 et
1686 1449 1916 1520 remissionem
1929 1469 2019 1542 pec-

651 1572 797 1634 catorum
831 1573 1040 1635 nostrorum:
1074 1574 1109 1635 ut
1144 1560 1288 1635 abstersi
1312 1584 1374 1657 per
1401 1563 1685 1652 emundationem,
1718 1573 1752 1635 et
1785 1565 2018 1659 aspersionem

649 1675 791 1773 hyssopi
822 1681 884 1767 tui,
918 1679 1095 1751 efficiamur
1121 1677 1243 1775 templa
1267 1679 1388 1751 munda
1421 1680 1464 1752 ad
1495 1676 1729 1752 habitationem
1760 1677 1892 1772 gloriae
1926 1687 2017 1768 tuae,
2121 1739 2127 1750 .

649 1802 682 1864 et
706 1792 802 1867 locus
827 1793 1004 1868 habitaculi
1036 1793 1049 1830 ²
1075 1797 1255 1868 sanctitatis
1282 1805 1378 1867 tuae:
1412 1805 1446 1867 et
1471 1794 1655 1868 referemus
1682 1794 1739 1868 tibi
1772 1795 1926 1888 gloriam,
1953 1804 2017 1865 etc.
2093 1815 2097 1822 ·

753 1909 914 2005 Populus.
967 1913 1086 1986 Amen.

751 2027 940 2100 Diaconos.
992 2029 1126 2101 Stemus
1154 2028 1320 2101 decenter.

753 2143 915 2244 Populus.
967 2146 1214 2232 liberationes,
1242 2156 1304 2218 etc.

754 2259 938 2334 Sacerdos.
993 2261 1123 2335 Caritas
1149 2263 1270 2351 Patris,
1297 2272 1360 2333 etc.

751 2378 912 2470 Populos.
964 2377 1009 2450 Et
1035 2402 1109 2450 cum
1136 2381 1251 2473 spiritu
1277 2388 1344 2450 tuo.

750 2493 934 2565 Sacerdos.
987 2493 1127 2567 Sursum
1153 2493 1267 2566 corda.

751 2609 913 2703 Populus.
965 2610 1136 2684 Habemus
1164 2609 1206 2681 ad
1232 2609 1418 2681 Dominum.

750 2725 944 2812 Sacerdos.¹
987 2727 1120 2800 Gratias
1147 2748 1286 2819 agamus
1311 2726 1465 2798 Domino.

752 2843 914 2937 Populos.
965 2844 1111 2936 Dignum
1138 2853 1171 2915 et
1192 2848 1317 2937 justum
1343 2851 1403 2915 est.

753 2960 929 3033 Sacerdos
954 2960 1147 3032 inclinatas.
1186 2960 1236 3032 Te
1262 2959 1360 3032 decet
1385 2959 1526 3056 hymnus
1553 2969 1587 3031 et
1611 2958 1779 3031 laudatio:
1798 2960 1922 3057 tibique
1949 2964 2013 3036 de-

645 3076 742 3150 betur
768 3077 919 3153 adoratio
949 3075 990 3149 ab
1019 3077 1171 3151 omnibns
1198 3074 1366 3150 ordinibus
1393 3072 1633 3172 superioribus,
1660 3085 1694 3148 et
1718 3076 1942 3170 inferioribus,
1955 3084 2012 3151 in-

643 3192 807 3289 hmaeqnc
837 3194 1051 3268 conditionis:
1086 3216 1196 3289 neque
1230 3193 1390 3265 sufficiunt
1420 3191 1555 3284 linguae
1586 3213 1702 3266 omnes
1738 3192 1781 3264 ad
1814 3194 2013 3270 laudandum

644 3321 695 3398 te;
722 3314 806 3384 sicut
831 3313 989 3384 convenit
1014 3310 1133 3382 honori
1160 3318 1237 3381 tuo:
1265 3313 1341 3404 qnia
1368 3320 1403 3381 tu
1428 3330 1490 3405 per
1514 3307 1696 3382 bonitatem
1722 3320 1811 3383 tuam
1842 3323 2012 3386 aeternam

644 3427 791 3499 sublhnis
818 3450 874 3517 es,
901 3437 935 3499 et
961 3449 1062 3523 supra
1094 3425 1369 3499 sanctificationes
1403 3447 1536 3514 omnes,
1576 3447 1638 3519 per
1673 3424 1845 3498 excelsam
1876 3431 2013 3499 incom-

643 3543 955 3639 prehensibilitatem
984 3555 1082 3617 tuam.

746 3661 896 3740 Elecqrta
926 3683 1051 3733 ccccm,
1105 3660 1157 3733 'lu
1182 3665 1215 3733 in
1242 3659 1360 3731 throno
1393 3669 1449 3732 tuo
1483 3658 1622 3732 excelso
1650 3657 1839 3754 splendide,
1873 3671 1907 3732 et
1932 3663 2010 3734 cle-

643 3786 771 3849 menter
798 3777 984 3868 extolleris,
1010 3801 1072 3874 per
1097 3787 1213 3850 canhus
1230 3775 1429 3871 spirituales,
1455 3775 1665 3873 hymnosque
1692 3773 1907 3870 triumphales
1924 3799 2011 3849 sua-

643 3913 719 3983 ves,
747 3893 1000 3967 substantiarum
1028 3894 1222 3991 simplicium
1248 3903 1282 3966 et
1307 3898 1467 3967 materiae
1495 3896 1697 3989 expertium:
1724 3913 1786 3986 per
1812 3903 1905 3965 rotas
1933 3897 2009 3989 spi-

642 4009 779 4083 rituales
806 4021 840 4082 et
867 4008 1050 4083 terribiles:
1082 4033 1143 4106 ρετ
1177 4010 1331 4084 diversos
1363 4009 1487 4102 jubilos
1522 4008 1732 4101 Angelomm
1767 4006 1921 4098 iortium3
1947 4032 2009 4104 per

643 4129 772 4197 cantica
799 4129 918 4199 suavia
944 4127 1166 4219 Angelorum:
1200 4149 1262 4222 per
1295 4137 1476 4201 concentus
1511 4126 1626 4200 dulces
1658 4126 1920 4219 Principatuum:
1947 4149 2009 4222 per

642 4240 783 4315 choreas
811 4251 845 4314 et
870 4243 1010 4339 tripudia
1036 4243 1218 4315 Virtutum:
1251 4266 1313 4339 per
1339 4243 1483 4316 citharas
1516 4245 1631 4338 spiritu
1664 4243 1867 4336 compositas
1898 4242 2008 4314 Pote-

643 4368 780 4430 statum:
808 4382 870 4454 per
895 4381 1002 4432 voces
1028 4382 1129 4455 puras
1155 4369 1190 4432 et
1215 4371 1329 4452 gratas
1349 4360 1635 4433 Dominationum:
1661 4379 1722 4452 per
1749 4356 1913 4429 clamores
1932 4369 2007 4429 ter-

640 4474 754 4548 ribiles
782 4474 1008 4550 Thronornm:
1035 4499 1097 4572 per
1122 4481 1266 4549 tonitrua
1285 4476 1456 4549 tremenda
1472 4475 1683 4548 exultationis
1712 4470 1890 4545 Cherubim
1916 4475 2007 4546 mul-

641 4592 853 4665 tioculorum:
889 4615 951 4688 per
983 4593 1116 4667 volatus
1148 4593 1305 4666 ardentes
1345 4592 1518 4689 Seraphim
1558 4613 1623 4664 sex
1661 4592 1722 4663 alis
1762 4593 2008 4677 instructorum,

642 4710 697 4802 qui
723 4706 837 4781 oribus
863 4712 943 4801 igne
970 4712 1070 4783 textis
1097 4720 1131 4781 et
1155 4709 1254 4782 labiis
1288 4709 1488 4782 carbonibus
1516 4712 1640 4804 opertis
1668 4713 1787 4780 trinam
1813 4706 2007 4780 sanctifica-

640 4828 765 4898 tionem
791 4830 979 4915 concinunt,
1006 4825 1199 4917 clamantes,
1227 4825 1452 4900 vociferantes
1480 4837 1514 4899 et
1540 4826 1697 4900 dicentes.

744 4941 904 5035 Populos.
959 4940 1114 5035 sancus,
1141 4943 1294 5033 Sanctus,
1320 4944 1473 5018 Sanctus.
