4730 6038
486 679 517 758 S.
549 677 720 758 Jtooor
754 677 971 760 EPISOOPI
1003 677 1350 795 annuntiantia,
1379 695 1431 758 no.
1578 680 1651 758 361

278 867 429 941 cilientnr
455 871 505 941 ira
531 865 732 956 laborantes,
760 867 977 941 concilientur
1004 869 1082 942 odio
1110 871 1239 966 perciti,
1267 867 1536 964 tranquillitatem
1564 892 1653 943 con-

278 993 457 1079 sequantur
483 986 636 1079 inquieti,
662 983 827 1056 laetentur
860 1007 923 1080 per
954 983 1034 1057 illud
1065 988 1260 1078 angustiati,
1288 987 1551 1060 consolationem
1587 987 1653 1059 ba-

276 1100 377 1172 beant
402 1100 567 1193 lugentes,
594 1108 791 1171 recreentur
818 1104 985 1196 oppressi,
1013 1110 1172 1173 sanentur
1191 1102 1329 1190 infirmi,
1355 1110 1391 1172 ut
1417 1125 1463 1174 ex
1489 1101 1653 1191 omnibus,

277 1228 311 1288 et
335 1220 368 1288 in
387 1214 538 1288 omnibus
559 1226 593 1287 et
610 1225 748 1311 propter
769 1220 879 1288 omnia
901 1215 1087 1289 referamus
1109 1215 1167 1288 tibi
1187 1217 1329 1310 gloriam
1352 1227 1387 1289 et
1404 1218 1653 1308 exaltationem,

278 1344 311 1405 et
337 1335 507 1425 unigenito
534 1331 621 1404 Filio
649 1341 704 1404 tuo
732 1341 766 1403 ct
791 1330 927 1428 Spiritui
953 1341 1010 1406 tuo
1037 1336 1258 1407 sanctissimo.

381 1449 542 1542 Populos.
595 1449 715 1520 Amen.

380 1563 555 1636 Sacerdos
582 1564 775 1636 inclinatus.
833 1563 1009 1638 Ollerimus
1027 1563 1087 1636 tibi
1108 1565 1252 1638 Domine
1272 1565 1467 1637 sacrificium
1488 1564 1553 1639 boc
1575 1577 1650 1638 tre-

275 1680 429 1752 mendum
456 1691 490 1752 et
515 1685 739 1770 incruentum,
766 1701 828 1776 pro
854 1677 1009 1752 Ecclesia
1038 1691 1093 1752 tua
1121 1691 1236 1754 sancta
1270 1681 1459 1769 catholica,
1491 1685 1524 1754 in
1559 1668 1649 1756 om'ni

274 1795 351 1870 loco
380 1797 507 1870 dillusa.
562 1795 730 1870 Conlirma
758 1819 833 1868 eam
860 1800 893 1866 in
919 1795 984 1868 lide
1012 1795 1221 1886 orthodoxo,
1248 1820 1331 1870 orna
1350 1821 1424 1870 eam
1452 1799 1547 1872 donis
1563 1799 1649 1896 Spi-

274 1915 356 1986 ritus
384 1918 501 1986 sancti.
554 1913 723 1986 Memento
750 1914 894 1986 Domine
921 1911 1097 1986 Pastorum
1133 1922 1168 1984 et
1193 1914 1378 1987 Doctorum
1408 1913 1513 2006 illius,
1539 1939 1648 2013 prae-

275 2032 371 2124 cipue
404 2053 490 2103 vero
524 2027 697 2101 beatomm
730 2029 999 2101 Patriarcbarum
1032 2038 1222 2102 nostrorum
1254 2031 1296 2103 D.
1330 2031 1374 2101 N.
1409 2041 1443 2102 et
1468 2034 1508 2105 D.
1543 2033 1587 2104 Ν.
1615 2042 1650 2105 et

272 2146 476 2219 venerabilis
503 2144 665 2242 Episcopi
692 2149 796 2218 nostri
823 2146 864 2218 D.
902 2144 946 2215 N.
974 2143 1242 2240 reliquommquc
1274 2150 1419 2218 omnium
1450 2145 1647 2242 Episcopo-

271 2285 342 2333 rum
381 2262 673 2348 orthodoxorum,
710 2271 744 2333 et
783 2263 928 2335 omnium
961 2259 1120 2333 Ordinum
1157 2260 1335 2334 Ecclesiae
1366 2273 1512 2336 sanotae.
1565 2265 1647 2337 Me-

271 2391 383 2452 mento
411 2379 554 2453 Domine
581 2381 681 2450 etiam
706 2381 773 2449 mei
799 2380 989 2475 peccatoris
1016 2389 1050 2450 et
1075 2377 1207 2464 infirmi,
1235 2379 1387 2452 omnibus
1410 2381 1563 2474 nepnnis
1589 2383 1647 2452 in-

272 2499 414 2590 quinati,
446 2506 480 2567 et
513 2517 576 2591 per
609 2496 840 2590 aspersionem
871 2493 1013 2588 hyssopi
1048 2496 1095 2566 tui
1121 2493 1320 2583 abstersivi,
1347 2496 1468 2569 munda
1496 2519 1559 2569 me.
1593 2496 1646 2570 Ne

272 2623 407 2686 avertas
435 2611 555 2683 faciem
582 2622 698 2699 tuam,
722 2619 778 2682 aut
813 2609 983 2702 elongeris
1020 2634 1040 2681 a
1074 2632 1148 2698 me;
1182 2610 1243 2683 sed
1277 2611 1459 2685 secundum
1493 2613 1644 2685 multitu-

272 2727 381 2800 dinem
409 2728 658 2801 misericordiae
682 2738 759 2800 tuae
776 2748 939 2819 magnae,
966 2725 1111 2799 abundet
1135 2729 1170 2797 in
1196 2750 1250 2800 me
1277 2731 1384 2820 gratia
1411 2739 1479 2819 tua,
1494 2739 1529 2801 et
1554 2731 1645 2802 murl-

270 2845 435 2940 tiplicctur
460 2856 516 2916 tua
544 2867 627 2936 erga
654 2866 707 2914 me
735 2843 920 2915 clementia.

376 2960 528 3032 Eleomn
560 2982 685 3032 vocem.
738 2956 783 3029 Et
813 2958 970 3054 populum
1008 2968 1097 3030 tuum
1138 2957 1269 3030 fidelem
1302 2957 1344 3031 ab
1378 2961 1530 3035 omuibus
1564 2962 1644 3060 pla-

270 3081 323 3171 gis
361 3087 395 3149 et
428 3080 534 3168 virgis
574 3076 696 3148 luroris
730 3097 898 3148 conserva
931 3076 1092 3162 nomine,
1128 3084 1161 3146 ct
1197 3073 1237 3146 ab
1281 3074 1433 3148 omnibus
1474 3078 1644 3174 spiritibus

269 3194 424 3286 malignis
459 3203 492 3264 et
526 3191 568 3265 ab
606 3191 758 3265 omnibus
797 3190 925 3263 technis
957 3189 1131 3263 fallacibus
1167 3183 1342 3285 ir'npiomm
1373 3190 1497 3284 libera,
1533 3204 1567 3266 et
1601 3193 1642 3266 ab

270 3312 358 3382 omni
386 3331 503 3381 errore
529 3311 641 3404 impio,
669 3317 724 3379 aut
751 3306 936 3379 idololatria
964 3328 1024 3378 eos
1051 3310 1157 3401 cripe,
1184 3329 1293 3402 neque
1319 3314 1472 3404 permitte
1498 3319 1534 3381 ut
1560 3310 1644 3406 pol-“

215 3461 217 3466 ·
268 3425 378 3498 luatur
403 3449 525 3499 nomen
552 3435 641 3497 tuum
669 3433 816 3496 sanctum
844 3427 930 3494 inter
957 3433 1094 3513 gentes:
1121 3445 1231 3519 nequo
1262 3425 1379 3519 procul
1412 3429 1459 3498 sis
1486 3449 1507 3497 a
1533 3429 1643 3513 nobie,
1714 3429 1717 3442 '

269 3553 325 3614 aut
351 3565 414 3616 nos
441 3542 606 3636 negligas,
635 3564 677 3613 nc
704 3543 816 3634 inique
844 3537 1088 3634 colaphisemur
1115 3550 1149 3612 et
1174 3539 1402 3631 humiliemur;
1430 3543 1491 3613 sed
1518 3542 1641 3635 adjuva

268 3679 331 3732 nos
358 3659 452 3732 Deus
479 3657 632 3731 salutaris
660 3665 788 3745 noster,
817 3666 849 3727 tu
877 3659 962 3726 enim
991 3656 1082 3727 solus
1109 3664 1205 3750 potes
1239 3653 1377 3729 sulutem
1411 3655 1509 3730 nobis
1535 3682 1642 3754 prae-

269 3782 372 3864 stare,
401 3786 434 3847 et
460 3773 519 3846 tibi
546 3773 661 3849 laudes
688 3783 871 3868 perpetuas
898 3770 1075 3843 referimus
1101 3780 1136 3842 ct
1161 3773 1331 3864 unigenito
1358 3773 1444 3845 Filio
1471 3784 1538 3848 tuo.

372 3891 534 3984 Populea.
587 3891 706 3966 Amen.
1488 3913 1491 3920 ·

372 4005 549 4078 Sacerdos
575 4005 769 4077 inclinatos.
823 4003 993 4075 blemento
1021 4001 1176 4090 Domine,
1204 4007 1303 4076 etiam
1337 4027 1451 4079 eornm
1489 4012 1544 4102 qui
1571 4006 1640 4082 ob-

269 4121 416 4194 tulerunt
441 4123 501 4196 bas
531 4122 721 4196 oblationes
748 4120 789 4192 ad
818 4119 922 4191 altare
949 4128 1039 4190 tuum
1066 4117 1286 4208 sacerdotale,
1314 4131 1475 4195 eteorum
1502 4127 1557 4219 qui
1583 4134 1641 4196 at-

270 4238 415 4310 tulerunt
434 4237 568 4320 sfmctus
603 4237 644 4310 ad
677 4235 865 4309 Ecclesiam
899 4246 1047 4309 sanctam
1075 4245 1183 4320 tuam
1218 4258 1400 4332 eorumque
1432 4242 1486 4332 qui
1521 4239 1642 4312 ollerre

270 4353 399 4450 quidem
427 4354 621 4444 voluemnt,
650 4353 710 4427 sed
737 4374 803 4426 non
830 4361 1023 4448 potuenmt:
1051 4362 1228 4425 eteorum
1255 4357 1310 4447 qui
1336 4355 1547 4445 injunxerunt
1571 4379 1642 4430 no-

267 4469 320 4543 bis
346 4482 383 4542 nt
410 4494 578 4544 memores
606 4491 758 4544 essemus
786 4468 915 4541 illorum
942 4471 974 4538 in
1002 4467 1214 4543 orationibus
1235 4468 1277 4542 ad
1304 4479 1354 4558 te,
1389 4468 1482 4544 Deus
1508 4482 1641 4547 noster:

267 4586 415 4659 retribue
440 4586 506 4660 illis
533 4587 623 4661 bona
650 4609 736 4681 quae
763 4609 783 4658 a
810 4595 843 4656 te
869 4595 954 4657 sunt.

370 4703 522 4775 Eteonos
546 4726 671 4774 nocem.
725 4699 895 4773 Memento
922 4700 1065 4772 Domine
1092 4702 1237 4772 omnium
1272 4703 1327 4793 qui
1353 4699 1526 4775 nobiscnm
1553 4713 1641 4777 stant

267 4830 301 4892 et
328 4831 434 4908 orant,
462 4843 644 4914 eorumque
673 4822 729 4914 qui
764 4816 881 4914 procul
915 4826 1006 4889 sunt:
1042 4839 1157 4889 eorum
1191 4819 1245 4910 qui
1278 4838 1465 4912 pauperes,
1499 4842 1640 4912 egenos,

267 4947 300 5008 et
329 4941 363 5008 in
390 4940 543 5029 angustia
580 4939 714 5032 spiritus
758 4937 976 5021 constitum,
1009 4933 1176 5025 adjuvant.
1231 4931 1406 5005 Conserva
1445 4955 1508 5006 nos
1542 4935 1638 5009 simul

266 5052 431 5126 cumillis
466 5076 529 5150 per
563 5057 732 5126 exercitus
768 5059 967 5147 potestatum
996 5061 1124 5122 tuarum
1139 5048 1386 5142 Angelicamm.
1422 5047 1527 5120 Salva
1560 5073 1635 5141 nos,

268 5181 302 5242 et
328 5169 434 5244 libera
461 5192 524 5243 nos
552 5167 595 5242 ab
624 5168 775 5242 omnibus
811 5166 886 5241 telis
921 5169 1033 5259 ignitis
1067 5177 1100 5239 et
1132 5169 1330 5262 perniciosis
1357 5163 1499 5258 diaboli,
1532 5176 1566 5239 et
1593 5168 1635 5241 ab
