4728 6028
605 594 991 672 inhibuistis
1026 592 1305 673 surricis.
1564 595 1637 670 103

274 779 449 844 Alexander
472 779 795 860 Constantinopoleos:
818 777 961 841 lrenaeus
983 778 1136 860 Lugduni:
1158 777 1327 843 Methodius
1350 778 1484 862 Olympi:
1508 779 1642 843 Severus

273 881 470 944 Antiochiae:
493 880 676 943 Philoxenus
695 877 909 959 Hierapoleos:
932 877 1090 941 Anthimus
1105 877 1427 961 constantinopoleos:
1451 879 1640 943 'lheodosius

273 980 494 1044 Alexandriae:
529 980 711 1043 Athanasius
742 979 934 1042 Antiochiae:
967 978 1098 1040 lacobus
1128 978 1298 1042 Patriarcha
1328 978 1493 1060 discipulus
1522 977 1639 1057 Jacobi,

272 1081 438 1144 sisenna:
462 1075 540 1162 qu'ae
562 1097 624 1141 vox
645 1079 724 1142 idem
747 1078 920 1162 significare
942 1077 1062 1140 videtur
1091 1096 1127 1140 ac
1149 1077 1279 1140 Arabica
1305 1077 1440 1158 Eordoi,
1472 1080 1536 1141 sive
1565 1096 1641 1140 cen-

273 1189 360 1244 tones
384 1199 424 1242 ex
446 1180 552 1260 pannis
574 1178 757 1257 rudioribus,
780 1197 797 1240 a
819 1177 927 1259 quibus
951 1179 991 1239 ita
1013 1177 1232 1239 denominatum
1255 1178 1337 1240 illum
1359 1177 1453 1240 luisse
1474 1178 1640 1262 Eutychius

272 1287 400 1342 testatus
413 1286 470 1343 est.
502 1279 607 1342 Petrus
621 1277 802 1355 Patriarcha,
821 1279 928 1340 Petrus
951 1277 1042 1339 alter:
1066 1277 1212 1354 Julianus,
1235 1294 1296 1339 non
1314 1276 1365 1340 ille
1381 1277 1639 1357 Halicarnasseus,

273 1400 341 1443 nam
370 1379 451 1442 illum
480 1387 512 1440 ut
539 1379 724 1441 haereticum
752 1376 1092 1440 anathemate‘leriunt:
1125 1375 1320 1453 Theodorus,
1351 1375 1483 1457 Ephrem
1510 1378 1640 1442 Doctor:

273 1479 358 1542 lsaac
381 1477 512 1541 Doctor:
534 1477 666 1541 lacobus
689 1477 820 1541 Ductor:
843 1475 975 1539 lacobus
997 1475 1190 1550 Edessenus,
1224 1483 1255 1537 et
1284 1476 1321 1538 D.
1345 1475 1503 1540 Barsomas
1527 1477 1641 1539 Archi-

272 1578 428 1642 mandrita.
470 1577 604 1639 Petimus
625 1597 646 1639 u
667 1578 763 1655 vobis,
787 1578 883 1656 inquit
904 1575 1073 1656 Episcopus
1096 1584 1292 1637 consecrator
1315 1574 1353 1636 ad
1377 1574 1581 1654 Ordinandos,
1609 1584 1644 1639 ut
1719 1573 1721 1578 ’

272 1681 334 1742 iliis
356 1678 560 1751 consentiatis,
583 1677 798 1758 doctrinasque
820 1677 938 1738 illoram
956 1691 1064 1752 paras,
1087 1675 1248 1736 etelectus
1270 1675 1504 1753 amplectamini,
1527 1677 1641 1757 ditipa-

273 1781 313 1841 tis
334 1786 365 1839 et
386 1777 512 1838 teneatis
517 1797 530 1850 ;
554 1783 584 1836 et
604 1795 806 1857 qaaecumque
825 1775 965 1854 secernat
984 1773 1016 1833 in
1037 1771 1177 1834 Ecclesia
1199 1781 1307 1834 saneta
1320 1772 1380 1834 Dei
1400 1773 1440 1835 ob
1462 1776 1548 1836 initio
1562 1774 1641 1854 Epi-

272 1884 415 1956 scopatus
435 1877 494 1950 sui,
515 1894 608 1956 nsque
630 1875 672 1937 od
693 1879 774 1938 vitae
793 1877 882 1955 finem
904 1874 1111 1954 consignatam
1132 1873 1312 1949 canonibus,
1340 1881 1394 1934 out
1414 1873 1485 1935 aliis
1507 1875 1641 1955 scriptis,

274 1975 414 2056 capitalis
435 1975 484 2036 ael
503 1977 666 2053 responsis,
688 1983 722 2036 nt
743 1977 834 2036 etiam
854 1975 1020 2035 sententias
1041 1973 1237 2052 depositionis
1258 1973 1297 2035 ab
1319 1973 1379 2035 illis
1398 1974 1547 2052 prolatas.
1581 1973 1642 2036 At-

274 2095 333 2158 que
361 2074 404 2136 illi
435 2081 505 2136 sunt
532 2091 608 2153 quos
631 2071 769 2136 Ecclesia
790 2072 992 2135 Jacobitarum
1022 2071 1163 2153 Syriaca,
1193 2081 1225 2134 ut
1248 2071 1397 2134 Doctores
1426 2074 1580 2156 agnoscit,
1612 2083 1642 2136 et

274 2175 413 2252 illorum,
437 2174 463 2236 si
486 2191 601 2254 paucos
625 2175 771 2254 excipias,
793 2180 825 2235 ut
847 2172 963 2252 Linum,
986 2171 1173 2248 Anacletum,
1196 2170 1392 2250 Timotheum,
1415 2170 1529 2250 Titum,
1552 2175 1642 2236 testi-

274 2275 373 2337 monia
396 2271 571 2335 reseruntur
600 2275 631 2335 in
660 2274 863 2336 recentiorum
894 2270 1117 2352 l'beologorum
1148 2272 1292 2352 Syrorum
1321 2273 1459 2352 scriptis,
1489 2280 1522 2334 ut
1551 2273 1642 2335 multa

272 2373 441 2450 Athanasii,
465 2390 554 2452 quem
576 2372 680 2434 mirum
704 2374 803 2434 estin
831 2372 882 2433 illa
911 2371 983 2433 satis
1011 2369 1103 2452 longa
1133 2372 1359 2433 enumeratione
1387 2391 1448 2434 non
1475 2374 1640 2453 recenseri,

274 2492 397 2551 errore,
420 2479 453 2533 ut
474 2470 606 2548 videtur,
635 2471 838 2534 librariorum.
882 2469 967 2532 Alios
995 2469 1106 2531 habent
1127 2469 1282 2532 Jacobitae
1305 2470 1517 2548 Alexandrini,
1546 2491 1642 2554 prae-

273 2574 378 2638 sertim
400 2589 473 2634 suos
495 2572 693 2649 Patriarchas‚
717 2589 843 2651 quorum
866 2568 1016 2651 Epistulas
1039 2568 1198 2632 Paschales
1221 2568 1396 2651 frequenter
1418 2570 1563 2654 allegatas
1586 2593 1642 2635 rc-

273 2675 416 2756 perimus,
440 2670 530 2733 etde
554 2670 662 2751 quibus
685 2671 802 2733 dicetur
823 2669 902 2732 alibi.
948 2669 1068 2731 lllorurn
1091 2677 1189 2732 tamen
1210 2669 1304 2752 vulgo
1326 2671 1357 2731 in
1376 2669 1531 2752 Diptychis
1554 2690 1641 2735 com-

272 2772 449 2836 memoratio
481 2769 546 2832 fieri
573 2787 634 2832 nou
662 2769 741 2833 solet
770 2770 850 2851 apud
882 2770 998 2852 Syros3
1029 2787 1095 2832 cum
1125 2768 1290 2850 Aegyptii,
1325 2768 1430 2832 Severi
1460 2769 1640 2834 Antiocheui

272 2890 394 2947 nornen,
418 2878 450 2933 ut
472 2871 560 2932 etiam
583 2869 744 2933 Barsomae
767 2872 845 2952 Syri,
868 2869 897 2931 in
921 2869 983 2932 suis
1006 2870 1126 2933 nomina
1150 2888 1216 2931 cum
1239 2869 1355 2932 honore
1378 2870 1514 2933 recitent.
1538 2869 1570 2932 ln
1584 2871 1641 2934 hac

274 2974 353 3036 sacri
376 2969 470 3033 Olllcii
491 2978 588 3049 parte,
611 2969 794 3050 prolixiores
817 2977 887 3032 sunt
902 2969 986 3051 Syris
1001 2968 1157 3051 Aegyptii,
1179 2971 1209 3030 in
1233 2986 1360 3051 quorum
1373 2969 1530 3052 Diptychis
1553 2971 1640 3052 plura

273 3072 365 3155 longe
388 3069 561 3133 reseruntur
583 3071 707 3133 istorum
729 3069 885 3134 Ecclesiae
909 3069 1066 3132 doctorum
1087 3070 1218 3147 nomina,
1241 3088 1330 3152 quam
1352 3071 1382 3132 in
1397 3071 1537 3150 Syriacis.
1560 3070 1640 3135 Inter

274 3191 328 3235 eos
358 3187 451 3252 porro
481 3171 530 3249 qui
557 3188 573 3230 a
596 3168 731 3232 doctriua
754 3170 997 3232 commendantur
1025 3169 1055 3231 in
1082 3168 1207 3232 formula
1239 3188 1326 3250 quam
1354 3169 1533 3232 Pontificalis
1563 3170 1640 3234 liber

274 3276 495 3354 repraesentat,
518 3275 587 3330 sunt
610 3268 723 3349 aliquot
745 3270 935 3332 Patriarchae
957 3267 1137 3331 Antiocheni
1157 3267 1314 3332 Jacobitae
1336 3270 1534 3349 recentiores,
1562 3289 1642 3351 quo-

274 3389 339 3432 rum
362 3377 479 3444 tamen,
502 3377 642 3448 quantum
666 3369 818 3450 conjicere
840 3386 1016 3449 possumus,
1044 3385 1132 3429 nemo
1161 3375 1230 3430 ante
1258 3367 1410 3430 saeculum
1433 3369 1641 3433 duodecimum

274 3488 333 3533 uon
355 3468 419 3531 luit.
463 3467 538 3530 Nam
561 3468 713 3530 Michaelis
737 3470 787 3549 qui
809 3467 864 3531 sub
887 3467 967 3530 illius
990 3466 1077 3528 linem
1100 3466 1237 3544 vivebat,
1259 3468 1317 3529 viri
1342 3467 1509 3530 eruditione
1539 3475 1569 3530 et
1591 3468 1641 3530 di-

275 3569 418 3650 sciplinae
442 3569 509 3631 zelo
533 3569 699 3649 conspicui,
723 3570 833 3650 quique
856 3569 1060 3631 Paenitentiae
1086 3574 1117 3629 et
1138 3563 1344 3630 confessionis
1366 3576 1558 3648 peccatorum
1582 3588 1641 3631 ne-

276 3670 445 3731 cessitatem
469 3668 615 3731 adversus
637 3666 859 3731 Alexandrinos
881 3666 1096 3750 propugnavit,
1119 3666 1228 3730 mentio
1251 3667 1333 3729 nulla
1356 3675 1412 3734 est.
1447 3667 1640 3749 Reliquorum

277 3767 367 3849 aliqui
391 3787 430 3830 ex
453 3767 583 3830 Historia
606 3769 686 3845 noti,
710 3766 747 3828 de
771 3767 837 3830 aliis
860 3767 930 3830 nihil
952 3765 1088 3834 habetur.

699 4063 979 4136 Commemoratio
1004 4068 1219 4133 morinorum.
1687 4065 1717 4118 P.
1736 4067 1780 4119 so.
1796 4067 1813 4119 a
1831 4068 1874 4120 ss.
1957 4155 1959 4158 ·

374 4254 413 4334 Si
437 4263 596 4346 quidquam
619 4268 821 4347 antiquissima
844 4267 973 4330 omnium
986 4266 1189 4329 Ecclesiarum
1205 4266 1364 4329 traditione
1385 4268 1545 4331 stabilitum
1561 4270 1639 4351 apud
1687 4289 1822 4344 omnm
1844 4308 1892 4360 μω
1914 4292 1962 4345 ‹te-

277 4369 477 4445 Christianos,
508 4376 539 4432 et
565 4369 758 4432 observatum
789 4378 852 4448 est,
882 4370 1123 4434 commemoratio
1154 4368 1364 4432 deiunctorum
1385 4369 1457 4449 fuit,
1486 4372 1523 4436 ad
1546 4373 1640 4437 altare
1653 4377 1754 4432 iunctis.

277 4467 331 4531 Dei
354 4470 433 4532 inter
455 4487 608 4532 sacrorum
631 4471 841 4550 mysteriorum
854 4471 1094 4533 celebrationem.
1117 4467 1198 4531 illam
1212 4467 1459 4533 consuetudinem
1474 4491 1528 4534 sua
1542 4481 1641 4536 aetate

276 4568 387 4649 ubique
409 4569 609 4642 observatam,
628 4570 691 4649 jam
714 4588 730 4630 a
753 4572 851 4634 veteri
873 4569 1028 4654 disciplina
1052 4571 1239 4650 omniumque.
1262 4584 1416 4633 consensu
1438 4572 1642 4634 confirmatam

276 4675 405 4730 testatur
427 4667 613 4750 Augustinus
635 4669 771 4750 pluribus
796 4673 825 4733 in
848 4671 940 4750 locis,
969 4673 1254 4750 consentientesque
1282 4666 1372 4730 babet
1393 4679 1516 4734 veteres
1538 4673 1642 4736 Patres

277 4785 395 4830 omnes.
437 4766 539 4830 Ollinia
561 4787 682 4850 quoque
706 4771 920 4851 antiquissima,
942 4788 1004 4834 non
1026 4788 1062 4832 ea
1084 4768 1173 4832 modo
1197 4786 1275 4851 quae
1298 4771 1355 4834 huc
1377 4789 1474 4852 usque
1490 4789 1643 4854 usurpan-

278 4873 327 4928 tur
349 4866 404 4930 sed
427 4866 562 4945 Gottica,
585 4867 753 4945 Gallicana,
775 4869 980 4950 llosarabica,
1009 4870 1228 4933 Ambrosiana:
1258 4869 1454 4952 Graecaeque
1476 4871 1641 4956 liturgiae,

278 4966 566 5030 commemorationis
597 4967 676 5032 illius
712 4969 823 5032 formas
859 4969 1018 5049 exhibent,
1054 4988 1132 5052 quae
1166 4986 1233 5030 cum
1262 4967 1464 5034 Orientalibus
1495 4970 1640 5054 Copticis,

278 5063 477 5147 Aethiopicis,
501 5065 633 5148 Syriacis
657 5069 872 5151 cujuscumque
894 5073 969 5134 ritus
991 5069 1143 5153 liturgiis,
1171 5067 1307 5149 perlecto
1334 5073 1540 5149 consentiunt,
1570 5073 1642 5135 nihil
