4784 6040
714 537 794 614 394,
1217 533 1581 610 LITURGIA

816 724 967 795 Elcanns
992 744 1118 794 accan.
1147 719 1298 813 Eamque
1324 717 1576 792 infortitudine
1602 727 1637 789 et
1669 716 1780 809 gloria
1810 739 1898 811 quae
1913 726 1946 788 te
1967 714 2092 809 dignae

715 851 792 914 sunt
818 861 1042 928 conservans,
1068 837 1229 923 Domine,
1257 837 1357 906 etiam
1384 855 1502 906 omnes
1529 832 1689 907 haereses
1722 836 1893 927 impietate
1925 833 2093 928 plenese

715 955 826 1029 medio
852 956 939 1027 illius
967 953 1109 1049 depelle,
1137 962 1171 1024 et
1196 949 1295 1022 fidem
1322 948 1550 1024 0rtbodoxam
1583 954 1617 1022 in
1653 971 1694 1020 ea
1726 949 1947 1036 confirmans,
1982 958 2016 1020 et
2047 950 2089 1022 ab

715 1070 863 1164 illisqui
895 1093 969 1142 eam
1005 1068 1155 1139 dividunt
1189 1075 1223 1138 et
1255 1065 1425 1152 lacerant,
1459 1087 1532 1137 eam
1558 1064 1724 1152 liberans,
1757 1068 1791 1137 in
1825 1063 1976 1138 doctrina
2009 1086 2092 1135 vera

603 1215 609 1226 ·
717 1208 790 1258 eam
819 1184 1010 1274 stabiliens,
1043 1194 1078 1254 ιιι
1110 1186 1154 1252 ita
1190 1180 1234 1254 nb
1268 1183 1340 1272 ejus
1366 1181 1442 1253 liliis
1468 1180 1633 1253 referatur
1659 1180 1716 1252 tibi
1743 1180 1853 1272 gloria
1881 1192 1915 1252 et
1940 1179 2032 1269 leue,
2059 1189 2093 1251 et

716 1303 886 1393 unigenito
913 1299 999 1371 Filio
1026 1309 1092 1370 tuo.
2035 1297 2039 1306 '

820 1417 997 1487 Sacerdos
1022 1413 1214 1484 inclinatas.
1267 1413 1448 1496 Memento,
1475 1412 1639 1502 Domine,
1666 1434 1727 1507 per
1759 1413 1991 1484 miserationes
2018 1421 2093 1484 tuns

717 1532 850 1620 multas,
877 1553 993 1603 eorum
1022 1533 1077 1625 qui
1104 1529 1263 1621 adjuvant
1295 1525 1483 1599 Ecclesiam
1516 1538 1605 1600 tuam
1634 1539 1805 1614 sanctam,
1841 1513 1885 1598 et¹
1905 1529 2093 1598 communi-

718 1658 796 1718 cant
821 1644 1077 1719 necessitatibus
1109 1665 1293 1740 pauperum
1326 1653 1359 1715 et
1392 1643 1603 1732 afflictorum,
1636 1653 1670 1714 et
1704 1644 1827 1737 adjuva
1864 1661 1925 1715 eos
1962 1642 2092 1737 quando

718 1769 751 1834 t'e
778 1765 946 1834 invocant.
1832 1846 1837 1856 ¹

823 1878 974 1948 Danaas
1009 1897 1135 1946 nocem.
1188 1873 1323 1946 Fideles
1360 1877 1458 1945 etiam
1493 1896 1597 1948 veros
1632 1877 1686 1968 qui
1721 1885 1796 1946 suut
1829 1878 1863 1948 in
1893 1885 1963 1950 toto
1999 1873 2093 1964 orbe,

719 2015 1034 2066 commemoramus:
1061 2001 1224 2083 rogantes
1251 2000 1286 2062 et
1312 1990 1532 2085 deprecantes
1559 2000 1592 2061 te
1619 1989 1779 2082 Domine,
1806 2001 1842 2063 ut
1867 2016 1931 2088 per
1955 1994 2093 2065 miseri-

719 2110 852 2184 cordias
879 2118 913 2179 et
938 2111 1079 2200 gratiam
1107 2116 1206 2193 uram,
1233 2104 1309 2179 illos
1336 2110 1473 2194 visites,
1508 2115 1541 2176 et
1573 2105 1765 2178 fortitudine
1797 2106 1922 2180 bracbii
1958 2109 2005 2180 tui
2032 2127 2093 2176 eos

719 2225 872 2319 adjuves.
924 2221 979 2296 Ab
1008 2221 1160 2296 omuibus
1188 2225 1349 2313 angustiis
1381 2221 1487 2294 libera
1515 2244 1594 2294 eos:
1626 2245 1646 2294 a
1673 2221 1927 2296 necessitatibus
1960 2231 1993 2293 et
2024 2242 2093 2314 op-

718 2338 947 2435 pressionibus
975 2342 1068 2433 eripe
1095 2359 1169 2427 eos,
1197 2335 1403 2427 oblationes,
1437 2337 1583 2410 decimas
1616 2349 1650 2410 et
1681 2342 1839 2432 primitias
1867 2360 1982 2412 eorum
2011 2359 2093 2410 sus-

719 2459 794 2550 cipe
825 2454 867 2527 ab
896 2453 983 2542 illis,
1012 2453 1221 2547 dexteraque
1248 2463 1302 2524 tua
1330 2453 1460 2526 custodi
1487 2451 1574 2540 illos,
1602 2463 1637 2524 ut
1662 2456 1788 2549 pariter
1820 2456 2007 2527 referamus
2034 2453 2092 2524 tibi

718 2569 858 2642 laudem.

822 2684 999 2756 Sacerdos
1030 2685 1223 2755 inclinatas.
1263 2685 1447 2775 Memento,
1473 2683 1629 2774 Domine,
1656 2708 1718 2780 per
1744 2692 1887 2779 gratiam
1913 2697 2001 2759 tunm
2016 2684 2093 2757 lle-

717 2823 796 2892 gum
823 2800 967 2872 lideliunr
994 2805 1049 2895 qui
1075 2801 1119 2872 ad
1145 2809 1178 2873 te
1204 2799 1409 2892 confugiunt,
1437 2809 1470 2871 et
1496 2799 1687 2874 tortitudine
1713 2803 1841 2884 brachii
1867 2809 1913 2878 tui
1941 2803 2093 2877 conforta

716 2915 802 3004 illos,
830 2925 864 2988 et
889 2915 977 2989 bella
1004 2916 1222 2990 barbarorum
1249 2915 1291 2987 nb
1318 2915 1395 3004 illis,
1422 2927 1456 2988 et
1482 2915 1525 2990 ab
1553 2921 1643 2990 omni
1670 2918 1792 2990 mundo
1820 2919 1959 3014 depelle.

823 3031 974 3103 Dicam
1000 3056 1125 3104 nocem.
1180 3032 1298 3105 Omnia
1327 3035 1426 3103 etium
1453 3054 1560 3124 regna
1588 3056 1674 3127 quae
1701 3038 1841 3130 imperio
1868 3046 1925 3108 tuo
1943 3035 2093 3126 subjecta

719 3159 813 3234 sunt,
840 3156 875 3218 et
901 3169 1017 3221 omnes
1044 3156 1229 3243 potestates
1257 3169 1343 3242 quae
1370 3151 1404 3219 in
1430 3151 1552 3219 virtute
1579 3157 1635 3220 tue
1661 3150 1813 3224 liducinm
1840 3150 1981 3238 habeut,
2017 3149 2093 3220 Re-

718 3285 848 3358 gesque
873 3262 991 3336 fideles
1019 3264 1159 3356 adjuva:
1186 3264 1359 3359 Principes
1388 3261 1603 3336 0rtbodox0s
1629 3267 1753 3338 virtute
1779 3271 1921 3358 instrue,
1951 3265 2095 3338 seditio-

718 3400 844 3473 sosque
878 3388 912 3450 et
937 3377 1083 3450 rebelles
1111 3402 1157 3451 ex
1184 3382 1344 3452 universo
1374 3379 1495 3450 mundo
1522 3401 1718 3476 compesce:
1746 3393 1846 3476 atque
1867 3386 1900 3453 in
1928 3379 2094 3474 tranquil-
2156 3367 2159 3374 ’

719 3494 812 3567 litate
838 3505 872 3566 et
898 3518 983 3590 pace
1010 3517 1093 3586 rege
1111 3517 1254 3588 gregem
1269 3505 1359 3568 tuum
1375 3495 1591 3591 spiritualem,
1618 3505 1652 3568 ut
1670 3495 1858 3570 reseramus
1877 3495 1933 3568 tibi
1952 3495 2093 3590 gloriam

720 3623 754 3684 et
779 3610 929 3700 laudem,
957 3621 1019 3682 etc.
1193 3623 1196 3630 ’

824 3725 1000 3798 Sacerdos
1021 3726 1212 3798 inclinatas.
1252 3727 1434 3814 Memento,
1458 3728 1614 3816 Domine,
1639 3729 1812 3818 genitricis
1840 3731 2001 3818 unigeniti
2020 3726 2095 3797 Filii

719 3846 786 3928 tui,
814 3851 848 3912 et
875 3844 1020 3914 omnium
1047 3841 1245 3913 Sanctorum
1274 3847 1328 3937 qui
1355 3843 1549 3938 placuerunt
1575 3844 1741 3933 majestati
1767 3854 1854 3914 tuae.

828 3957 978 4028 Eteonos
1009 3978 1134 4027 ccccm.
1188 3957 1254 4029 Per
1280 3966 1314 4027 te
1341 3960 1443 4046 enim,
1470 3960 1631 4044 Domine,
1658 3961 1827 4030 vaticinati
1845 3969 1922 4032 sunt
1938 3959 2093 4054 Prophe-

718 4085 789 4148 tae:
816 4094 879 4169 per
904 4076 1080 4144 veritatem
1109 4083 1198 4144 tuam
1225 4077 1344 4145 armati
1372 4083 1447 4146 sunt
1472 4073 1646 4169 Apostoli:
1674 4073 1856 4146 secundum
1883 4096 1979 4169 spem
2006 4085 2094 4146 tuam

720 4185 962 4258 dimicaverunt
988 4189 1176 4283 Martyres:
1203 4213 1265 4285 per
1291 4193 1464 4261 caritatem
1480 4203 1569 4263 tuam
1588 4194 1743 4263 vicerunt
1761 4189 2007 4264 Confessores:
2034 4213 2094 4285 per

719 4313 752 4374 te
779 4301 924 4375 illustres
950 4302 1028 4374 facti
1056 4316 1131 4377 sunt
1154 4308 1249 4396 justi:
1276 4307 1310 4376 in
1337 4309 1471 4377 nomine
1499 4318 1554 4379 ιιιο
1571 4306 1788 4402 profecerunt
1799 4309 2006 4399 jejunantes:
2033 4329 2094 4401 per

719 4428 753 4489 te
781 4428 962 4491 coronatae
990 4429 1066 4492 suut
1091 4420 1268 4514 Virgines,
1296 4432 1330 4493 et
1356 4422 1480 4494 Sancti.
1535 4423 1585 4494 Te
1612 4420 1831 4496 obsecramus
1865 4433 1899 4493 et
1926 4423 2094 4516 depreca-

719 4555 810 4621 mur,
838 4543 873 4605 ιιι
899 4536 1105 4608 orationibus
1133 4558 1249 4609 eorum
1276 4537 1552 4631 acceptabilibus,
1589 4561 1778 4610 mereamur
1809 4547 1935 4610 sortem
1969 4536 2095 4610 babere

721 4649 903 4738 cumillis,
931 4659 965 4720 et
990 4662 1119 4745 partem
1147 4674 1233 4746 quae
1260 4651 1322 4724 ibis
1350 4665 1519 4742 servatur3
1545 4663 1581 4725 ut
1608 4677 1682 4726 cum
1715 4653 1797 4743 illis,
1832 4665 1867 4726 et
1899 4656 1985 4725 inter
2020 4653 2094 4726 illos

719 4761 905 4838 referamus
933 4765 991 4837 tibi
1017 4767 1159 4858 gloriam
1187 4778 1221 4840 et
1246 4766 1398 4859 laudem,
1424 4780 1460 4842 ut
1486 4772 1584 4842 etiam
1611 4772 1782 4862 unigenito
1809 4769 1895 4842 Filio
1922 4778 1990 4841 tuo.

822 4880 999 4952 Sacerdos
1026 4883 1218 4956 inclinatas.
1271 4883 1456 4974 Memento,
1483 4884 1644 4976 Domine,
1671 4883 1856 4958 Doctorum
1878 4883 2094 4958 Ortbodoxae

719 4996 812 5084 lidei,
840 4995 970 5069 illorum
1005 5001 1059 5090 qui
1092 5021 1175 5071 vere
1207 4998 1488 5094 praedicaverunt
1524 5011 1558 5073 et
1592 5001 1777 5074 docueruut
1803 5001 1958 5098 populum
1994 5009 2095 5086 tuum,
