4814 6060
662 554 738 628 sm
1173 549 1533 654 urruucrx

662 753 830 834 gaverunt
856 741 987 810 vineam
1016 736 1219 832 spiritualem
1247 735 1369 808 Christi
1396 737 1461 824 tui3
1495 737 1550 830 qui
1575 735 1819 808 mundaverunt
1845 745 1880 807 et
1904 758 2036 830 purga-

661 867 782 928 verunt
808 877 911 948 agros
937 851 1131 949 praeclaros
1159 851 1245 923 ldiae
1271 853 1526 938 Aremaeorum‚
1555 848 1704 922 sentibus
1732 859 1767 922 et
1789 849 1933 924 arbustis
1954 856 2037 948 opi-

660 977 796 1046 nionum
822 993 1001 1067 pravarum
1028 978 1062 1038 et
1088 971 1279 1062 impiarum3
1306 977 1341 1038 ut
1366 989 1429 1061 per
1456 969 1627 1039 orationes
1655 988 1772 1038 eorum
1799 967 2035 1063 acceptabiles,

660 1087 804 1161 Domine
832 1090 958 1159 animas
985 1088 1129 1156 omnium
1157 1094 1306 1155 nostrum
1332 1086 1365 1154 in
1392 1081 1457 1154 lide
1484 1081 1671 1155 orthodoxa
1699 1105 1815 1156 eorum
1850 1084 2035 1156 confirmes

660 1205 731 1276 Fac
757 1206 855 1277 etiam
883 1223 947 1275 nos
975 1201 1093 1300 dignos
1120 1199 1264 1272 Domine
1290 1209 1326 1270 nt
1353 1199 1481 1286 sedulo,
1508 1221 1575 1270 non
1601 1199 1824 1292 negligenter,
1855 1223 1929 1272 cum
1955 1224 2036 1273 mo-

574 1311 580 1330 ‘
659 1317 751 1390 ribus
777 1319 953 1414 inculpatis
980 1341 1055 1390 eam
1083 1338 1335 1404 conservemus,
1367 1326 1401 1387 et
1427 1313 1604 1388 olleramus
1633 1325 1788 1410 tunquam
1815 1315 2037 1390 arrhabonem
2097 1401 2103 1412 ¹

658 1437 752 1506 vitae
778 1457 891 1508 novae
926 1433 968 1505 ad
1004 1443 1189 1504 extremum
1222 1453 1328 1526 usque
1361 1432 1452 1501 vitae
1488 1435 1658 1526 spiritum3
1694 1443 1727 1504 et
1760 1430 1945 1504 referemus
1979 1432 2038 1505 tibi

662 1551 806 1664 glorium
833 1549 1074 1622 indesinentem
1111 1559 1145 1620 et
1177 1550 1347 1639 unigenito
1381 1545 1466 1618 Filio
1501 1556 1557 1617 tuo
1594 1555 1628 1617 et
1658 1546 1794 1642 Spiritui
1828 1559 1884 1618 tuo
1919 1559 2035 1620 sancto
2076 1623 2082 1630 ,

660 1691 766 1754 nunc,
795 1676 858 1738 etc.
1068 1664 1231 1758 Populus.
1283 1663 1404 1735 Amen.

765 1781 941 1854 Sacerdos
967 1781 1159 1853 inclinatus.
1205 1780 1346 1852 Praesta
1372 1778 1516 1849 Domine
1543 1802 1604 1874 per
1630 1779 1695 1851 hoc
1722 1777 1928 1867 sacrificium,
1956 1802 2036 1852 me-

661 1904 801 1974 moriam
828 1898 950 1971 bonam
977 1895 1143 1984 Patribus,
1169 1894 1339 1983 fratribus,
1367 1905 1400 1966 et
1421 1893 1592 1985 Magistris
1608 1896 1742 1982 nostris,
1770 1905 1836 1966 tam
1855 1894 2037 1968 secundum

661 2038 784 2113 corpus
813 2037 910 2109 quam
937 2013 1118 2087 secundum
1145 2014 1293 2107 spiritum
1323 2020 1357 2082 et
1382 2008 1534 2082 omnibus
1562 2013 1615 2105 qui
1643 2010 1786 2082 defuncti
1817 2021 1892 2083 sunt
1919 2003 2035 2084 iulide

662 2131 858 2205 Ortlrodoxa
886 2154 931 2202 ex
957 2129 1021 2202 hac
1048 2128 1154 2208 orbe,
1181 2150 1226 2198 ex
1254 2147 1463 2222 quocumque
1491 2124 1579 2214 loco,
1607 2137 1640 2198 et
1665 2129 1826 2219 regione:
1854 2149 2035 2223 eorumque

662 2254 715 2344 qui
744 2272 818 2322 cum
846 2270 908 2343 spe
935 2257 990 2318 tuu
1018 2243 1261 2331 occubuerunt,
1293 2246 1325 2314 in
1353 2242 1479 2334 exiliis,
1505 2245 1792 2337 peregrinatione,
1820 2246 2036 2338 persecutio-

660 2365 773 2439 nibus:
802 2367 835 2434 in
860 2366 1032 2435 maritimis
1059 2359 1339 2454 terrestribusque
1365 2356 1554 2446 itineribus,
1582 2367 1757 2430 eteorum
1784 2363 1838 2452 qui
1867 2382 2035 2452 quocum-

661 2505 726 2576 que
752 2501 834 2552 casu
860 2489 1056 2575 pereuntes,
1092 2480 1194 2548 vitam
1224 2475 1477 2571 compleverunt
1503 2473 1720 2569 temporalem
1747 2498 1861 2561 suam,
1896 2496 2036 2568 quorum

660 2599 854 2666 memoriam
884 2599 1026 2686 agimus,
1054 2601 1087 2664 et
1114 2613 1229 2664 eorum
1257 2612 1395 2686 quorum
1423 2612 1490 2661 non
1514 2593 1730 2662 meminimus.
1766 2590 1935 2662 Memento
1951 2590 2035 2662 illo-

660 2733 732 2782 rum
766 2710 909 2780 Domine
945 2711 1108 2803 omnium,
1141 2710 1292 2803 ipsisque
1324 2709 1472 2800 requiem
1504 2717 1659 2801 praesta,
1694 2709 1769 2800 quia
1804 2717 1838 2778 tu
1871 2729 1909 2778 es
1941 2707 2035 2778 Deus

661 2829 827 2914 omnium,
855 2835 888 2896 et
915 2822 1002 2896 oculi
1029 2827 1173 2895 omnium
1202 2823 1243 2895 ad
1271 2833 1303 2894 te
1330 2821 1453 2893 elevati
1480 2832 1591 2894 sunt.¹

764 2938 926 3032 Populus.
979 2938 1085 3033 llq'rie
1113 2938 1250 3011 eleison.
1294 2937 1400 3032 llyrie
1427 2937 1565 3010 eleison.
1605 2937 1711 3034 llyrie
1739 2935 1877 3008 eleison.

751 3045 914 3126 'Eteaam
939 3076 1064 3125 uocem.
1118 3053 1242 3126 Eorum
1272 3057 1428 3149 quicum
1455 3074 1517 3149 spe
1543 3076 1645 3142 veru,
1672 3053 1874 3148 fiduciaque,
1902 3065 1935 3128 et
1962 3052 2035 3125 Or-

661 3171 808 3245 tlrodoxa
837 3175 869 3243 in
897 3181 929 3241 te
956 3170 1020 3242 lide
1047 3189 1093 3242 ex
1120 3173 1188 3243 vita
1216 3168 1276 3240 boo
1303 3169 1479 3265 temporali
1505 3170 1604 3242 soluti
1632 3181 1708 3240 sunt
1734 3170 1913 3243 secundum
1947 3191 2034 3250 seu-

658 3292 792 3360 tentiam
826 3286 867 3359 ab
903 3289 1069 3381 aequitate
1105 3295 1160 3358 tua
1194 3288 1420 3374 constitutam,
1455 3296 1489 3356 et
1524 3285 1566 3357 ad
1602 3297 1635 3357 te
1672 3284 1766 3357 Deus
1801 3296 1955 3382 tanquam
1991 3287 2035 3359 ad

660 3427 796 3476 causam
822 3405 961 3497 primam
989 3404 1247 3500 omnipotentem
1275 3410 1308 3472 ct
1336 3423 1421 3495 quae
1448 3411 1483 3472 ut
1510 3399 1646 3474 ellectos
1674 3423 1735 3472 eos
1762 3402 1878 3475 eduxit
1903 3425 1950 3474 ex
1975 3405 2035 3473 ni·-

658 3518 736 3605 hilo,
763 3521 894 3590 reversi
920 3526 1163 3612 pervenerunt,
1191 3537 1294 3611 parce
1320 3539 1382 3611 per
1407 3516 1668 3590 misericordiam
1696 3529 1802 3604 tuam,
1835 3517 1926 3590 refer
1958 3518 2035 3592 illos

659 3637 691 3705 in
724 3657 894 3706 numerum
929 3624 1111 3705 electomm
1144 3643 1291 3704 tuorum:
1328 3643 1407 3724 tege
1442 3632 1518 3706 illos
1551 3632 1668 3705 umbra
1702 3633 1811 3707 lucida
1844 3646 2034 3709 sanctorum

658 3759 807 3838 tuorum,
836 3760 949 3823 ‘statue
975 3748 1051 3820 illos
1079 3771 1153 3821 cum
1182 3752 1278 3840 agnis
1307 3748 1350 3820 ad
1376 3749 1550 3822 dexteram
1578 3757 1683 3838 tuam,
1721 3761 1754 3822 et
1787 3729 1884 3822 induc
1912 3771 1973 3823 eos
1998 3754 2034 3822 in

657 3865 878 3938 babitaculum
898 3875 1011 3952 tuum3
1037 3862 1092 3935 lac
1120 3886 1181 3937 eos
1207 3867 1387 3960 pervenire
1414 3865 1456 3937 ad
1482 3863 1703 3939 habitationes
1723 3864 1841 3938 beatas
1859 3869 1956 3958 regni
1973 3869 2033 3954 tui;

657 3980 713 4053 lac
744 4005 805 4054 eos
832 3985 990 4053 invitatos
1018 4001 1097 4052 esse
1124 3980 1167 4052 ad
1194 3983 1385 4052 convivium
1412 3992 1515 4070 tuum,
1542 3990 1577 4052 et
1601 3980 1728 4075 perduc
1754 4001 1815 4055 eos
1843 3981 1886 4054 ad
1911 3985 2035 4074 regio-

657 4119 733 4168 nem
761 4097 974 4169 exultationis
1002 4105 1035 4167 et
1062 4097 1218 4184 laetitiae,
1244 4096 1300 4169 ubi
1327 4094 1423 4168 locus
1449 4119 1516 4170 non
1538 4107 1590 4168 est
1610 4094 1781 4170 doloribus
1805 4107 1840 4169 et
1859 4099 2034 4190 angustiis,

658 4209 714 4284 ubi
741 4215 917 4307 passiones
946 4224 979 4284 et
1006 4216 1147 4309 suspiria
1174 4234 1243 4285 non
1278 4217 1495 4309 reperiuntur.
1555 4213 1610 4286 Ne
1644 4218 1817 4290 examines
1853 4237 1915 4288 eos
1948 4217 2034 4286 stri-

658 4329 759 4415 ctius,
792 4328 1057 4423 quandoquidem
1091 4327 1268 4422 benignius
1295 4333 1352 4421 egi
1378 4351 1490 4402 secum
1519 4330 1704 4426 postulant,
1732 4341 1870 4428 propter
1897 4353 2032 4404 emores

659 4444 776 4537 quibus
804 4444 953 4518 obnoxiu
981 4457 1033 4519 est
1059 4466 1139 4517 caro
1166 4443 1255 4518 lutea
1284 4455 1317 4516 et
1348 4448 1538 4540 peccatrix:
1572 4446 1635 4520 sed
1667 4445 1919 4520 misericordiae
1954 4456 2031 4518 tuae

540 4579 548 4594 ⁸
657 4558 819 4650 Domine,
845 4561 977 4657 patroni
1003 4557 1065 4655 pro
1092 4560 1209 4649 nobis,
1238 4570 1272 4632 et
1298 4583 1360 4656 pro
1388 4565 1470 4657 ipsis
1497 4566 1574 4636 vice
1600 4562 1779 4655 iungantur
1805 4565 1839 4634 in
1864 4560 1947 4635 hora
1973 4560 2031 4633 illu

656 4673 795 4746 terribili
824 4675 1041 4768 judiciorum,
1078 4679 1154 4771 quia
1188 4675 1296 4750 nullus
1330 4678 1416 4748 inter
1449 4701 1566 4751 omnes
1600 4687 1696 4752 natos
1724 4702 1771 4752 ex
1796 4678 1933 4750 muliere
1959 4675 2033 4764 luit,

573 4833 582 4844 -
659 4792 714 4883 qui
741 4791 896 4864 mundum
921 4794 1060 4881 vicerit,
1096 4801 1131 4864 et
1160 4793 1310 4864 immunis
1341 4791 1441 4864 inerit
1473 4793 1514 4867 ab
1546 4795 1698 4868 omnibus
1727 4797 1837 4868 carnis
1864 4792 2034 4884 sordibus,

658 4915 794 5000 praeter
829 4904 1040 4981 Salvatorem
1081 4917 1115 4979 et
1147 4907 1255 4980 Deum
1289 4918 1439 4982 nostrum
1473 4909 1587 4982 lesmn
1628 4909 1795 4983 Christum
1828 4913 2033 5003 unigenitum

658 5021 775 5096 Filium
803 5033 903 5116 tuum,
930 5048 992 5121 per
1019 5047 1118 5122 quem
1145 5046 1207 5098 nos
1236 5046 1367 5122 quoque
1390 5047 1563 5122 speramus
1586 5028 1849 5101 misericordiam
1871 5029 2036 5120 consequi
