4728 6028
673 533 746 608 118
1043 534 1656 614 ousutvltlolus

668 719 805 802 pluribus
827 719 941 796 verbis,
963 737 1041 802 quae
1063 727 1151 782 vetus
1173 719 1302 782 formula
1323 718 1417 782 tribus
1440 719 1645 802 exprimebat,
1673 722 1863 784 recentiores
1894 721 2033 804 explica-

667 822 777 882 verint.
820 817 1036 882 lntellexerunt
1056 820 1158 902 igitur,
1181 819 1212 881 id
1234 817 1313 897 quod
1337 817 1483 881 Catholici
1509 819 1726 900 pertendimus,
1748 837 1806 902 per
1826 829 1936 884 sancto
1956 841 2033 884 sca-

668 922 736 995 ctia,
760 927 791 981 et
814 917 932 1000 Corpus
954 918 1076 982 Cbristi.
1099 918 1205 996 Amen,
1228 915 1402 1000 significari,
1426 917 1484 980 boc
1514 919 1593 1000 quod
1616 919 1784 982 ostenditur
1812 928 1843 983 et
1865 923 2033 985 communi-

669 1018 805 1081 cantibus
832 1018 1013 1099 praebetur,
1042 1035 1112 1080 esse
1143 1017 1239 1098 ipsum
1268 1034 1379 1097 corpus
1408 1015 1534 1096 Christi,
1562 1034 1625 1080 non
1651 1017 1733 1100 qnod
1759 1018 1935 1082 Albertlnus
1963 1029 2033 1102 post

668 1118 749 1181 mille
778 1125 809 1180 ct
837 1118 962 1199 amplius
990 1115 1084 1180 anuo's
1114 1115 1316 1199 excogitavit,
1344 1119 1500 1198 mysticum
1529 1125 1558 1179 et
1582 1119 1841 1198 metaphoricam,
1864 1120 1945 1199 quod
1972 1121 2034 1200 ipsi

666 1217 770 1296 fideles
790 1235 850 1278 oca
872 1219 969 1278 minus
990 1219 1061 1292 sint,
1082 1235 1172 1296 ρυιιιιι
1194 1215 1338 1277 eteneatc
1364 1224 1555 1290 consecrato,
1578 1215 1633 1278 sed
1657 1236 1771 1295 verum,
1793 1220 1823 1280 in
1846 1236 1906 1298 quo
1927 1219 2033 1282 incar-

668 1323 767 1392 natus,
790 1333 970 1396 passusque,
993 1313 1126 1377 ascendit
1152 1314 1181 1375 in
1211 1312 1337 1374 coelum.
1383 1311 1458 1376 Cum
1485 1331 1578 1394 porro
1607 1317 1682 1379 istae
1707 1317 1923 1380 Conlesslones
1951 1318 2032 1396 lidei,

668 1431 730 1476 non
752 1413 816 1477 beri
838 1423 889 1477 aut
910 1414 1017 1478 nudius
1039 1417 1146 1477 tertius
1168 1412 1352 1495 prodierint,
1380 1413 1435 1476 sed
1458 1414 1495 1476 ab
1517 1415 1656 1478 undecim
1684 1416 1814 1480 saeculis
1843 1418 1874 1479 in
1902 1418 2031 1494 actione,

669 1531 728 1594 qua
750 1513 970 1595 religiosiorem
992 1532 1052 1577 non
1074 1513 1165 1576 babet
1186 1511 1335 1590 Ecclesia,
1358 1513 1490 1594 quotidie
1519 1514 1640 1595 publice
1669 1517 1885 1596 pronunciatae
1914 1514 2033 1592 luerint,

668 1613 770 1676 verbis
793 1615 832 1676 ita
855 1616 1023 1696 perspicuis
1046 1622 1079 1677 ut
1100 1613 1315 1676 dubitationem
1341 1629 1402 1676 non
1425 1614 1596 1691 admittant,
1625 1617 1651 1677 si
1680 1615 1779 1697 abque
1806 1623 1981 1696 superesset
2002 1618 2033 1680 in

668 1712 851 1794 simpliciore
874 1713 1009 1791 lormula,
1031 1732 1090 1795 per
1112 1714 1223 1775 alteras
1253 1710 1462 1774 discuteretur,
1513 1715 1624 1776 Verum
1654 1715 1727 1778 istos
1760 1733 1817 1778 neo
1844 1714 2032 1792 Albertinus,

668 1833 726 1876 nec
749 1813 928 1888 Salmasius,
960 1832 1018 1876 nec
1046 1814 1096 1876 alii
1117 1812 1324 1875 Protestantes
1347 1813 1528 1895 tetigerunt:
1559 1832 1647 1894 quarn
1676 1815 1755 1877 bona
1783 1813 1858 1890 fide,
1885 1815 2032 1880 lectorum

670 1920 736 1976 esto
754 1913 908 1994 judicium.
950 1913 1008 1986 Qui
1030 1912 1109 1974 enim
1131 1931 1172 1974 ex
1194 1911 1259 1973 istis
1282 1908 1426 1994 liturgiis
1447 1911 1561 1974 habere
1583 1931 1618 1976 se
1640 1912 1719 1976 unde
1742 1910 1913 1978 Catholicos
1935 1914 2033 1978 refel-

669 2012 777 2088 lerent,
800 2020 857 2074 tam
876 2013 1026 2093 jactanter
1049 2009 1240 2086 affirmabant,
1263 2008 1424 2072 Salmasius
1454 2031 1495 2072 ex
1518 2011 1644 2093 Coptica
1674 2012 1826 2097 Gregorii,
1855 2011 2031 2076 Albertious

669 2130 710 2174 ex
736 2109 932 2194 Aethiopica,
963 2111 1192 2175 Conlessionem
1220 2109 1299 2171 illam
1328 2107 1398 2171 lidei
1428 2111 1562 2190 quaein
1592 2120 1719 2193 unaque
1748 2113 1846 2176 statim
1874 2110 2033 2193 subJuncta

669 2210 839 2294 legebatur,
862 2210 1016 2292 explicare
1039 2210 1127 2272 nobis
1149 2207 1308 2272 debebant.
1365 2207 1485 2289 Operae
1508 2211 1619 2291 quippe
1642 2213 1769 2292 pretium
1793 2211 1898 2274 linisset
1918 2211 2032 2276 docere

669 2328 737 2389 nos,
759 2311 853 2373 verba
883 2310 1005 2391 propria
1036 2317 1066 2371 et
1091 2309 1220 2370 ιιιοιιιιιιο
1242 2307 1459 2390 significantia,
1488 2309 1568 2390 plebi
1597 2310 1686 2388 dicta,
1717 2319 1748 2373 et
1777 2309 2033 2374 demonstratione

671 2408 856 2474 Sacramenti
877 2410 1054 2490 magnisque
1068 2406 1264 2490 religionibus
1278 2406 1483 2485 determinato,
1506 2427 1568 2472 non
1580 2409 1660 2472 illam
1672 2410 1837 2472 doctrinam
1860 2410 2032 2491 designare,

671 2527 769 2590 συιιιι,
792 2509 926 2589 quisquis
949 2507 1041 2581 audit,
1065 2506 1219 2588 intelligit:
1248 2505 1302 2568 sed
1332 2505 1419 2568 aliam
1447 2509 1567 2587 penitus
1590 2508 1789 2588 contrariam,
1818 2527 1942 2590 caroque
1971 2526 2034 2572 ιιοιι

671 2615 739 2669 ante
763 2609 909 2670 ducentos
932 2623 1025 2668 annos
1047 2613 1156 2684 natam,
1179 2623 1267 2687 quam
1289 2608 1341 2686 qui
1358 2603 1466 2668 habeat
1489 2607 1518 2668 in
1541 2609 1649 2687 animo,
1673 2609 1908 2691 quibuscumque
1930 2607 2033 2671 verbis

671 2705 748 2784 aliis,
771 2724 859 2786 quam
880 2705 1023 2770 similibus
1046 2705 1271 2786 exprimendam
1290 2705 1415 2786 Judicet.

385 2993 415 3046 r.
433 2991 479 3046 ιι.
497 2993 513 3044 ι
534 2992 576 3044 ι3.
1029 2981 1203 3054 Sacerdos
1229 2986 1357 3076 occipit
1383 3004 1508 3075 corpus
1535 2983 1671 3054 Cleristi.

369 3180 518 3235 communio
532 3181 658 3251 mamona
777 3175 814 3252 lu
837 3185 1056 3248 Commentario
1079 3186 1117 3248 ad
1140 3187 1224 3260 istam
1239 3186 1385 3267 Copticac
1398 3185 1550 3270 liturgiae
1564 3197 1690 3267 partem,
1713 3188 1802 3249 ritum
1815 3187 2033 3250 communionis

352 3269 514 3337 percipiatur.
671 3291 743 3354 satis
766 3288 833 3352 luse
855 3289 1059 3370 exposuimus,
1081 3288 1158 3353 adeo
1181 3298 1213 3351 ut
1234 3307 1329 3370 pauca
1352 3289 1478 3352 dicenda
1502 3291 1664 3371 supersint,
1688 3292 1757 3374 quia
1779 3299 1811 3352 ut
1834 3292 1931 3352 omnia
1954 3309 2033 3373 quae

671 3390 708 3452 ad
731 3389 944 3453 communionis
967 3388 1152 3469 disciplinam
1173 3396 1326 3470 spectant,
1357 3407 1417 3451 uno
1440 3397 1606 3470 conspectu
1630 3397 1872 3471 exponerentur,
1906 3408 1967 3452 non
1996 3407 2033 3452 ea

670 3489 771 3568 modo,
793 3508 869 3571 quae
893 3487 931 3550 od
953 3487 1088 3569 Coptitas
1110 3489 1234 3569 proprie
1256 3487 1442 3568 spectabant,
1466 3487 1634 3550 sedetiam
1666 3489 1757 3552 multa
1786 3490 1870 3570 Syris
1898 3490 2032 3570 propria,

671 3588 757 3652 simul
780 3588 1002 3669 explicavimus.
1047 3587 1135 3660 Quod
1157 3589 1250 3668 igitur
1270 3586 1416 3650 Ecclesiis
1444 3588 1581 3650 omnibus
1604 3606 1760 3652 commune
1787 3597 1852 3667 est,
1883 3588 2032 3652 Sacerdos

670 3689 783 3768 primus
806 3687 913 3768 accipit
935 3705 1045 3768 corpus
1069 3686 1188 3763 Christi,
1211 3694 1271 3748 tum
1294 3705 1334 3749 ex
1357 3687 1451 3750 calice
1473 3687 1547 3749 bibit
1569 3689 1746 3770 sanguinem
1770 3687 1888 3751 Christi.
1916 3687 2033 3751 Deinde

670 3786 876 3852 sacerdotibus
899 3785 949 3868 qui
970 3785 1119 3848 sacrilicio
1149 3785 1358 3861 interfuerunt,
1381 3805 1497 3848 sacram
1519 3788 1693 3867 particulam
1717 3790 1782 3869 ipse
1805 3788 1948 3869 porrigit:
1977 3805 2034 3850 ca-

671 3887 758 3948 licem
781 3904 900 3968 quoque
923 3885 973 3947 dat
994 3887 1072 3966 ipse,
1096 3885 1145 3947 vel
1175 3885 1346 3963 Diaconus,
1376 3892 1408 3946 ut
1442 3905 1481 3948 ex
1511 3906 1549 3949 eo
1579 3887 1691 3948 bibant.
1735 3887 1778 3950 lta
1808 3887 1894 3949 etiam
1923 3885 2033 3949 alicubi

671 3987 862 4049 observatum
885 3983 940 4047 luit
958 3983 995 4048 ad
1018 3985 1253 4047 conununionem
1268 3984 1393 4048 Diaconi
1416 3987 1624 4062 ministrantls3
1647 3987 1739 4069 vulgo
1762 3993 1871 4066 tamen,
1894 3995 1954 4048 tam
1975 3985 2033 4066 ipsi

673 4103 760 4164 quam
781 4083 923 4147 Diaconls
946 4091 976 4147 et
997 4084 1121 4164 reliquis
1144 4103 1183 4146 ex
1206 4082 1309 4162 Clero,
1331 4084 1478 4165 particula
1508 4087 1631 4148 intincta
1655 4086 1805 4148 cochleari
1837 4085 2033 4162 distribuitur,

671 4191 778 4264 postea
800 4181 920 4246 tandem
940 4183 1050 4245 Laicis.
1095 4182 1265 4246 Communis
1296 4191 1342 4244 est
1364 4183 1499 4263 Graecis,
1523 4193 1556 4246 ut
1577 4185 1714 4248 omnibus
1744 4185 1889 4248 Ecclesiis
1920 4184 2033 4247 Orien-

672 4282 779 4360 talibus
813 4282 888 4344 baec
916 4281 1090 4364 disciplina,
1122 4300 1210 4364 quam
1245 4283 1348 4364 paucis
1378 4283 1480 4345 verbis
1511 4283 1687 4364 complexus
1716 4292 1762 4348 est
1790 4283 1928 4348 bleletius
1960 4283 2034 4365 Piga

390 4369 480 4438 ⁰¹¹⁸&-
492 4367 536 4422 θ’·
549 4368 660 4424 ‘lm‘
673 4380 843 4446 Patriarcba
866 4381 1049 4444 Graecorum
1070 4381 1293 4445 Alexandrinus
1331 4378 1437 4445 Τοῦτο
1465 4377 1501 4446 δέ
1532 4403 1600 4466 παρ
1632 4373 1709 4466 ἡμῖν
1735 4383 1804 4456 τοῖς
1832 4371 2034 4455 ἇνατολικοῖς

355 4464 400 4508 '¹⁰'
415 4472 441 4525 Ρ
461 4454 521 4507 ¹¹¹·
673 4468 837 4553 εὐτάκτως
858 4473 989 4562 γίνεται,
1010 4470 1088 4570 παρ’
1109 4468 1158 4555 οἷς
1179 4473 1434 4555 aigtmmm’
1404 4501 1452 4556 εις
1473 4503 1512 4546 το
1505 4469 1766 4598 θυσιαστήριον
1778 4481 1890 4556 [τοῦτο
1912 4470 1974 4596 γὰρ
1994 4469 2034 4544 τό

673 4570 760 4665 ἱερὸν
781 4577 886 4664 βῆμα)
916 4576 948 4643 oi
969 4575 1067 4667 ἱερεῖς
1087 4568 1171 4660 μετὰ
1189 4577 1249 4644 τοῦ
1239 4569 1456 4694 ἀρχιερέως,
1479 4571 1500 4666 ἢ
1522 4569 1650 4644 τοῦτόν
1668 4575 1793 4644 ἐκείνου
1815 4569 1918 4644 τόπον
1947 4574 2033 4643 έπέ-

673 4698 794 4760 χοντος,
816 4668 935 4752 στολᾶς
950 4672 1189 4759 ἐνδεδυμένοι,
1178 4669 1269 4792 ιερᾶς
1284 4670 1433 4759 μεταξύ
1422 4677 1672 4769 ιερσυργοῦιιες,
1695 4701 1749 4742 ναι
1739 4675 2033 4765 λειτουργοῦντες·

673 4771 900 4858 incoeptionis
920 4779 993 4853 ταῖς
1008 4798 1099 4866 χερσι
1089 4769 1369 4862 λαμβάνουσι
1333 4801 1371 4843 το
1385 4778 1480 4860 σῶμα
1501 4799 1562 4842 του
1548 4776 1738 4866 ’Χριστοῦ·
1760 4799 1845 4857 μετα
1837 4768 1903 4842 δὲ
1916 4799 2033 4850 ταυτα,

674 4897 717 4940 τα
707 4867 830 4961 χειλη
851 4875 898 4960 τῷ
926 4871 1002 4991 ἱερῷ
1028 4869 1348 5000 προςπελᾶσαιτες
1357 4875 1413 4942 καὶ
1439 4867 1669 4966 πρσςσέψαντες
1695 4874 1854 4963 ποτηρίῳ,
1881 4865 1921 4940 τὰ
1950 4864 2034 4954 αἷμα

675 4963 847 5060 ἇρυουσιν
885 4965 969 5042 cllo
1005 4999 1111 5043 ταυτα
1145 4971 1292 5066 ἡνωμένα
1326 4967 1441 5066 ἄμφω,
1477 4968 1534 5041 ιιια
1568 4997 1657 5052 τινος
1684 4964 1836 5063 ὄργανον,
1867 4968 2034 5063 &punctos
