4712 6032
724 600 755 677 s.
792 598 1048 678 cnnnnnns
1081 600 1272 678 nonam.
1620 581 1693 678 tor

320 784 458 860 tantus
486 789 555 860 suis
581 785 725 875 tradidit,
752 790 787 860 in
814 810 878 883 qua
906 788 1104 886 consignata
1132 798 1208 860 sunt
1233 801 1411 885 praecepta
1434 801 1468 861 et
1494 811 1610 862 norma
1637 790 1695 862 di-

319 901 483 995 rigendae
509 903 601 972 vitae
619 909 774 992 nostrae;
802 911 928 974 etcum
953 901 1082 991 liducia,
1111 903 1216 998 qualis
1233 903 1372 976 dilectos
1389 901 1475 977 lilios
1503 905 1622 993 decet,
1637 909 1695 976 in-

319 1039 484 1090 vocemus
511 1027 544 1090 te
560 1016 667 1088 Deum
683 1016 818 1090 Patrem
844 1017 1039 1107 coelestem,
1067 1042 1201 1094 oremus
1216 1028 1250 1092 et
1270 1019 1432 1092 dicamus:
1460 1021 1561 1094 Pater
1579 1028 1695 1094 noster

321 1135 377 1227 qui
403 1155 442 1204 es
468 1136 501 1204 in
528 1131 644 1204 coelis.

424 1247 588 1340 Populos.
640 1245 869 1320 Sanctificetur
897 1260 958 1321 etc.

426 1360 601 1433 Sacerdos
629 1361 766 1434 elevans
791 1385 917 1434 vocem.
969 1365 1070 1437 Pater
1096 1369 1237 1457 gratiae,
1266 1390 1287 1438 a
1315 1389 1379 1461 quo
1395 1367 1548 1463 procedit
1570 1375 1603 1438 et
1618 1369 1695 1439 ori-

320 1487 375 1549 tur
407 1481 565 1550 sanctitas
603 1481 745 1566 sanctis,
785 1479 943 1552 adveniat
976 1501 1117 1572 regnum
1152 1492 1259 1572 tuum,
1295 1480 1385 1577 quod
1416 1493 1553 1579 superat
1585 1485 1695 1554 omnia

321 1614 446 1685 regna,
482 1593 523 1666 ad
558 1593 777 1666 salvationem
812 1606 975 1669 nostram:
1010 1605 1044 1668 et
1075 1619 1119 1668 ne
1152 1597 1289 1672 inducas
1316 1620 1379 1670 nos
1406 1601 1694 1686 intentationem,

322 1711 438 1781 autin
465 1709 717 1797 confusionem,
745 1733 791 1783 ex
818 1712 1007 1785 alllictione:
1035 1710 1096 1784 sed
1128 1711 1234 1785 libera
1267 1735 1331 1786 nos
1365 1736 1385 1786 a
1420 1712 1580 1786 violentia
1616 1713 1695 1785 dia-

320 1821 407 1912 boli,
435 1836 469 1897 et
496 1828 667 1921 spirituum
693 1824 932 1918 malignorum,
960 1839 994 1899 et
1021 1851 1040 1900 a
1067 1833 1214 1924 potentia
1248 1828 1454 1924 deceptoris:
1495 1831 1569 1924 quia
1605 1839 1695 1900 tuum

322 1947 374 2009 est
399 1941 570 2034 imperinm
597 1940 707 2032 gloria
735 1951 769 2013 et
794 1953 963 2038 potestas,
990 1954 1024 2014 et
1049 1947 1209 2036 unigeniti
1235 1943 1311 2016 Filii
1337 1948 1395 2032 tui,
1424 1953 1458 2015 at
1477 1943 1620 2039 Spiritus
1647 1947 1694 2014 tui

321 2057 438 2123 sancti.

423 2167 586 2260 Populos.
638 2170 758 2242 Amen.

424 2282 608 2354 Sacerdos.
663 2286 747 2358 Pax.

424 2397 585 2491 Populus.
636 2398 681 2470 m
706 2423 781 2472 cum
808 2405 923 2497 spiritu
950 2413 1016 2474 tuo.

424 2513 613 2586 Diaconos.
665 2517 774 2604 Ante,
803 2527 865 2589 etc.

422 2629 585 2722 Populus.
639 2629 764 2702 Coram
790 2641 824 2704 te
850 2634 1002 2705 Domine.

422 2743 608 2816 Sacerdos.
660 2746 737 2819 'l'ibi
769 2748 832 2820 soli
859 2747 1056 2820 inclinantur
1081 2750 1167 2823 colla
1201 2753 1346 2824 omnium
1372 2755 1407 2823 in
1438 2755 1556 2848 quibus
1584 2759 1694 2831 anima

320 2863 410 2932 vitae
437 2870 507 2949 est,
543 2869 683 2932 etate
716 2861 884 2957 postulant
915 2868 1144 2938 remissionem
1179 2871 1324 2940 omnium
1356 2871 1694 2963 praevaricationum,

321 2998 407 3070 quae
431 3000 494 3072 per
518 2977 757 3070 negligentiam
785 2983 986 3053 commissae
1019 2994 1103 3054 sunt
1157 2983 1210 3056 Tu
1248 2993 1358 3056 summ
1392 3007 1455 3080 par
1487 2994 1695 3060 constantem

319 3094 580 3166 misericordiam
608 3102 695 3167 tuam
724 3092 799 3165 dele
825 3104 859 3166 et
886 3095 981 3167 aufer
1007 3119 1123 3171 omnes
1149 3101 1338 3194 iniquitates
1364 3109 1509 3180 nostras,
1537 3112 1570 3173 et
1590 3125 1693 3198 parce

320 3205 416 3280 nohis
442 3231 505 3304 per
531 3230 679 3282 amorem
706 3219 796 3281 tuum
822 3231 906 3303 erga
932 3210 1091 3286 homines.
1145 3213 1255 3285 Etiam
1281 3224 1417 3309 praesta
1433 3216 1542 3302 nobis,
1569 3227 1605 3288 ut
1618 3239 1694 3289 cum

320 3325 450 3395 animae
476 3335 573 3397 cauta
600 3329 872 3421 praeparatione,
899 3337 934 3397 et
959 3327 1067 3400 cordis
1094 3327 1269 3416 munditie,
1297 3332 1420 3402 sanctis
1447 3331 1510 3401 tuis
1537 3351 1693 3404 commu-

320 3440 485 3528 nicemus,
513 3451 547 3512 at
574 3445 639 3513 sint
664 3439 760 3516 nobis
788 3445 821 3512 in
847 3444 969 3537 pignus
994 3443 1175 3539 voluptatis
1202 3447 1235 3514 in
1251 3453 1422 3516 aeternum
1440 3467 1692 3541 permansurae,

319 3559 548 3649 pergratiam
576 3568 609 3628 et
635 3557 897 3630 misericordiam
925 3567 959 3630 at
985 3581 1132 3632 amorem
1159 3581 1243 3652 erga
1269 3557 1419 3634 homines
1446 3563 1606 3653 unigeniti
1619 3561 1694 3634 Filii

319 3672 386 3760 tui,
412 3692 475 3765 per
499 3693 616 3766 quarm
643 3682 706 3744 etc.

420 3787 581 3878 Populus.
633 3789 753 3861 Amen.

425 3894 609 3973 Sacerdos.
663 3904 746 3975 Pax.

422 4015 583 4110 Populus.
631 4016 775 4091 Etcum
803 4023 919 4117 spiritu
945 4031 1013 4094 tuo.

422 4132 607 4204 Sacerdos.
661 4133 721 4205 Sit.

424 4246 612 4318 Diaconos.
667 4247 751 4321 Cum
778 4253 914 4337 timore,
942 4263 1004 4322 etc.

423 4359 607 4434 Sacerdos.
662 4364 786 4436 Sancta
814 4368 947 4438 sanctis.

425 4474 585 4569 Populea.
640 4478 733 4554 Unus
759 4481 861 4554 Pater
886 4491 1030 4554 sanctus.

424 4592 614 4665 Diaconos.
668 4595 802 4670 Stemus
829 4595 996 4670 decenter.

424 4707 587 4800 Populos.
642 4711 774 4784 Gratias
801 4715 940 4804 agimus.

423 4821 609 4898 Sacerdos.
661 4826 760 4900 Nunc
786 4827 930 4900 Domine
958 4829 1089 4924 quando
1117 4827 1248 4923 quidem
1281 4829 1438 4902 invitatos
1480 4827 1522 4900 ad
1553 4850 1694 4922 regnum
1805 4847 1810 4856 ·

321 4946 409 5010 tuum
435 4938 545 5012 iecisti
576 4962 659 5030 nos,
692 4965 754 5038 per
787 4947 1035 5040 susceptionem
1060 4943 1354 5019 sacramentorum
1387 4951 1518 5016 tuorum
1552 4952 1694 5018 sancto-

319 5073 391 5124 rum
418 5063 453 5126 et
478 5056 737 5150 vivificantium,
764 5058 883 5152 quibus
916 5058 1036 5150 dignos
1069 5061 1263 5157 praestitisti
1288 5079 1369 5146 nos,
1408 5060 1455 5130 ita
1493 5068 1530 5131 ut
1562 5067 1692 5153 partem

1402 5175 1453 5250 28
1469 5174 1488 5208 *
