4712 6032
538 544 658 622 nosci
683 544 981 648 prinnannus
1006 548 1054 626 ΕΤ
1079 546 1374 628 nvnnannsrnn.
1568 550 1642 626 183

275 693 451 826 Dominum
476 741 641 821 nostrum,
669 754 742 806 cum
770 755 835 830 quo
863 745 897 808 te
923 734 1021 810 decet
1045 735 1172 829 gloria,
1199 746 1234 809 et
1258 734 1384 826 honor,
1411 744 1446 809 et
1469 739 1643 836 imperium

275 872 347 922 curn
373 850 498 945 Spiritu
524 859 593 922 tuo.

232 1023 236 1029 .
375 965 538 1060 Populus.
564 967 685 1040 Amen.

380 1081 565 1155 Sacerdos.
593 1081 676 1152 Par.

377 1192 541 1286 Papulas.
567 1189 612 1263 Et
637 1214 711 1264 cum
738 1191 854 1288 spirim
880 1199 947 1261 tuo.

377 1308 563 1380 Sacerdos.
590 1306 843 1381 Misericordiae
870 1308 943 1379 sint

377 1424 566 1496 Diaconos.
595 1422 679 1496 Cum
705 1425 833 1495 timore.

379 1539 565 1612 Sacerdos.
593 1540 718 1611 Sancta
745 1540 880 1625 sanctis,
907 1548 969 1610 etc.

377 1656 539 1750 Populos.
565 1653 659 1728 Unus
686 1655 796 1726 Pater.

378 1772 567 1843 Diaconos.
596 1769 730 1844 Stemus
758 1769 924 1845 decenter.

377 1887 562 1960 Sacerdos.
590 1885 794 1961 Confitemur
819 1885 894 1975 tibi,
922 1884 1098 1958 adoramus
1125 1894 1176 1972 tc,
1204 1895 1237 1956 et
1263 1885 1389 1978 gratias
1417 1889 1546 1980 agimus
1572 1885 1644 1974 tihi,

273 2003 398 2078 multae
423 2003 681 2090 misericordiae,
709 2012 745 2075 et
769 2005 909 2095 gratiae,
935 2023 1022 2074 nunc
1037 2025 1112 2074 cum
1137 2023 1202 2074 nos
1229 2000 1349 2093 dignos
1375 2001 1495 2091 iecisti,
1523 2023 1643 2075 come-
1703 2015 1706 2024 ’

275 2119 375 2192 dendi
402 2143 525 2217 corpus
552 2130 700 2192 sanctum
725 2121 885 2212 unigeniti
911 2097 987 2190 'Filii
1011 2122 1075 2205 tui,
1102 2129 1136 2190 et
1161 2116 1295 2190 bibendi
1328 2121 1525 2212 sanguinem
1559 2122 1643 2212 ejus,

272 2256 413 2330 purum,
440 2245 474 2306 et
500 2245 657 2308 sananim.
709 2236 781 2307 Fac
807 2237 966 2322 Domine,
993 2246 1029 2306 ut
1053 2236 1175 2329 pignus
1205 2232 1270 2306 hoc
1301 2237 1343 2305 in
1366 2233 1465 2307 nobis
1500 2245 1643 2321 maneat,

273 2359 310 2421 et
334 2352 378 2424 sit
401 2347 498 2422 nobis
524 2353 558 2422 in
583 2353 869 2447 propitiationem,
896 2362 931 2422 et
955 2353 1059 2422 vitam
1084 2370 1226 2440 novam,
1260 2371 1328 2422 non
1362 2352 1396 2421 in
1432 2346 1642 2421 condemna-

273 2467 431 2556 tionem,
446 2475 481 2537 et
505 2477 644 2539 mortem
672 2477 858 2553 aeternam,
884 2476 920 2537 ut
944 2475 1085 2562 propter
1111 2469 1221 2537 omnia
1247 2474 1303 2538 tna
1331 2486 1414 2558 erga
1439 2486 1504 2538 nos
1530 2465 1643 2538 bene-

274 2581 371 2670 iicia,
397 2575 750 2678 gloriam‘pcrpetuam
764 2581 950 2690 referamus
974 2581 1048 2669 tibi,
1076 2591 1109 2654 ct
1129 2585 1299 2674 unigenito
1318 2580 1404 2653 Filio
1431 2591 1500 2669 tuo,
1527 2581 1643 2679 Spiri-
1774 2582 1777 2592 '

275 2699 388 2793 tuique
404 2707 470 2770 ‘tuo
498 2701 726 2788 sanctissimo,
754 2708 788 2770 et
812 2695 911 2770 bono.

378 2813 539 2908 Populus.
565 2815 685 2888 Arnen.

378 2927 563 3001 Sacerdos.
591 2930 676 3001 Pax.

379 3044 541 3138 Popalas.
568 3044 722 3118 Etcum.

379 3159 568 3234 Diaconos.
593 3163 717 3235 lterum
743 3171 777 3234 et
802 3164 930 3235 iterum.

379 3273 561 3350 Sacerdos.
589 3275 722 3350 Christe
747 3277 826 3350 Rex
852 3269 991 3371 gloriae,
1020 3275 1288 3350 commendamus
1302 3278 1361 3353 tihi
1380 3279 1531 3371 regimen
1550 3281 1641 3350 vitae

275 3401 429 3465 nostrae:
455 3391 510 3466 lac
536 3404 572 3466 ut
598 3416 714 3467 omnes
740 3415 804 3498 nec
829 3397 961 3486 tentati,
988 3413 1051 3463 nec
1084 3391 1215 3487 spoliati
1250 3389 1292 3463 ab
1325 3392 1420 3466 hoste
1454 3399 1573 3482 simus,
1609 3403 1644 3467 et

277 3509 406 3580 effunde
432 3531 533 3605 super
558 3533 620 3583 nos
646 3510 905 3584 miscricordiam
931 3519 1020 3580 tuem
1036 3506 1419 3602 incomprehensibilem,
1448 3519 1482 3583 ct
1507 3513 1642 3582 unicui-

277 3647 341 3720 que
366 3633 515 3697 nostruin
542 3626 629 3722 quod
656 3629 720 3724 ipsi
754 3627 981 3698 necessarium
1008 3633 1074 3710 est,
1102 3623 1261 3696 concede.
1317 3622 1456 3696 Omnem
1491 3626 1642 3704 adoran-

274 3744 352 3813 num
379 3749 413 3813 te
439 3745 736 3836 congregationem*
758 3740 893 3829 robora,
920 3751 953 3812 et
971 3740 1110 3832 adjuva:
1138 3761 1238 3812 senes
1265 3740 1423 3813 confirma
1449 3763 1512 3837 per
1537 3751 1641 3836 pote-

276 3867 395 3934 statem
421 3869 509 3931 tunm
534 3881 707 3952 magnam3
730 3863 875 3954 juvenes
903 3860 1035 3930 contine
1069 3859 1103 3928 in
1139 3856 1377 3931 observatione
1412 3857 1639 3932 sollicitudinis

277 3975 379 4067 (erga
406 3973 501 4066 illos)
527 3983 620 4048 tuae:
646 3997 770 4071 pueros
797 3974 921 4062 educa;
956 3983 991 4044 et
1015 3975 1139 4045 instrue
1175 3974 1326 4047 doctrina
1362 3985 1416 4047 tua
1450 3974 1576 4046 divina:
1610 3985 1643 4046 et

275 4112 392 4163 omnes
418 4089 561 4184 obsigna
580 4093 710 4164 ‘invicta
737 4113 837 4163 cruce
863 4099 930 4178 tua,
957 4100 993 4161 ut
1006 4071 1262 4164 reseramus'nbi
1276 4088 1428 4183 gloriam,
1455 4087 1642 4162 etlaudem.

378 4207 540 4300 Populos.
566 4208 687 4296 Amen,

379 4323 562 4395 Sacerdos.
588 4321 860 4396 Benedicmohis
887 4320 1048 4396 omnihus.

379 4439 566 4512 Diaconos.
593 4439 801 4512 Benedicam.

650 4714 755 4786 Aliae
784 4715 967 4786 Oratiorws
994 4736 1042 4784 cc
1070 4712 1151 4784 Cod.
1177 4713 1256 4784 Mss.

356 4888 463 4988 ‘Quis
490 4906 630 5001 reperiri
656 4913 773 4999 posset
804 4907 890 4976 inter
921 4902 1073 4976 homines
1101 4907 1156 4998 qui
1180 4903 1288 4998 possit
1323 4900 1422 4994 digna
1455 4901 1643 4998 rependere

273 5021 404 5113 'gratiae
430 5029 526 5110 tuae,
558 5019 729 5092 Domine?
762 5023 818 5116 qui
849 5019 947 5093 nobis
974 5019 1090 5111 malis,
1129 5027 1162 5091 et
1194 5016 1333 5111 abjectis
1370 5017 1490 5092 dedisti
1522 5017 1643 5090 donum
