4782 6068
613 573 865 655 anatalon
895 574 1242 654 apostatabunt
1277 589 1327 653 bc.
1597 577 1672 654 585

312 875 315 885 ·
370 848 546 922 Sacerdos
572 852 658 922 dicit
683 850 773 923 banc
801 849 1010 941 Orationem,
1036 849 1221 922 inclinatas
1248 856 1283 923 ct
1308 829 1474 924 submissa
1499 874 1594 924 cccc.

404 1041 549 1113 Domine
574 1038 669 1113 Deus
695 1050 827 1136 potens,
855 1042 990 1136 suscipe
1024 1037 1110 1112 banc
1136 1041 1358 1131 oblationem,
1394 1065 1456 1138 pro
1485 1045 1574 1115 omni
1599 1042 1676 1116 Ec-

301 1157 405 1231 clesia
432 1166 548 1231 sancta
575 1154 766 1248 Catholica,
803 1167 836 1229 et
861 1179 924 1254 pro
952 1155 1104 1230 omnibus
1135 1157 1289 1232 Patribus
1322 1160 1386 1256 piis
1420 1167 1454 1231 et
1484 1161 1583 1252 justis
1618 1163 1674 1257 qui

298 1257 414 1370 placiti
439 1272 571 1346 inerunt
598 1272 677 1360 tibi,
713 1285 747 1346 et
781 1296 842 1370 pro
870 1270 1022 1346 omnibus
1048 1273 1224 1372 Prophetis
1251 1285 1285 1349 et
1309 1274 1507 1372 Apostolis,
1541 1287 1576 1348 et
1608 1299 1671 1374 pro

300 1388 452 1466 omnibus
485 1387 710 1487 Martyribus,
743 1401 777 1463 et
808 1388 1088 1481 confessoribus,
1121 1402 1155 1464 et
1188 1414 1251 1488 pro
1285 1391 1435 1465 omnibus
1468 1393 1671 1486 lugentibus,

301 1508 498 1598 angustiatis
526 1515 559 1578 et
586 1509 747 1599 aegrotis,
784 1515 819 1579 et
842 1529 905 1602 pro
933 1506 1084 1580 omnibus
1117 1511 1352 1582 necessitatem
1387 1518 1421 1581 et
1453 1513 1670 1584 vexationem

298 1624 518 1719 patientibus,
554 1633 588 1694 et
622 1646 685 1719 pro
721 1622 873 1697 omnibus
906 1622 1041 1695 inlirmis
1077 1634 1111 1695 et
1136 1627 1325 1722 oppressis,
1359 1634 1393 1697 et
1423 1646 1486 1721 pro
1519 1611 1672 1701 omnibus

299 1739 472 1826 defunctis,
500 1741 556 1834 qui
596 1763 616 1811 a
647 1738 744 1812 noble
779 1740 927 1835 separati
953 1741 1196 1834 migraverunt:
1229 1750 1297 1814 tum
1328 1762 1391 1837 pro
1427 1742 1579 1816 omnibns
1616 1747 1671 1839 qui

297 1863 413 1952 petunt
440 1859 624 1928 orationem
652 1854 694 1927 ab
722 1856 906 1929 infirmitate
931 1866 1067 1944 nostra,
1107 1867 1141 1930 et
1166 1879 1228 1954 pro
1255 1880 1310 1930 me
1343 1867 1525 1954 peccatore
1558 1857 1670 1932 humili

298 1981 334 2044 et
360 1971 498 2045 infirmo.
551 1973 694 2044 Domine
720 1972 812 2046 Dens
839 1982 967 2063 noster,
994 1973 1174 2046 secundum
1200 1977 1437 2048 miserationes
1463 1986 1551 2065 tures,
1578 1975 1669 2048 mul-

297 2087 535 2185 titudinemque
561 2091 741 2181 gratiarum
767 2100 908 2177 tuarum,
936 2091 1051 2185 aspice
1067 2090 1223 2186 populum
1250 2100 1351 2180 tuum,
1378 2101 1413 2164 et
1427 2115 1482 2165 me
1496 2093 1669 2180 infirmum,

297 2225 408 2299 neque
435 2202 615 2276 secundum
642 2213 783 2300 peccata
811 2228 895 2292 mea,
923 2214 958 2277 et
978 2207 1182 2300 insipientias
1209 2228 1321 2280 meas:
1349 2207 1458 2281 sedat
1473 2208 1565 2301 digni
1590 2209 1670 2282 bant

298 2323 498 2392 remissione
524 2311 738 2415 peccatorum
766 2325 913 2410 suorum,
947 2343 1009 2418 per
1035 2344 1158 2420 corpus
1183 2323 1248 2396 boc
1275 2334 1444 2414 sanctum,
1477 2323 1566 2420 quod
1593 2348 1668 2397 cnm

297 2435 363 2516 lide
390 2438 565 2532 accipiunt„
591 2440 821 2532 pergratiam
846 2437 1096 2510 misericordiae
1123 2449 1199 2514 tuae
1225 2443 1259 2511 in
1286 2441 1420 2514 saecula
1447 2441 1667 2515 saeculorum.

297 2554 417 2629 Amen.

604 2829 645 2900 la
671 2828 741 2900 alio
769 2830 895 2921 codice¹
915 2833 967 2900 ita
993 2833 1116 2924 incipit
1141 2831 1202 2903 illa
1229 2831 1362 2904 Oratio.

399 3019 543 3092 Domine
568 3020 661 3092 Deus
688 3027 820 3113 potens,
847 3019 971 3092 exaudi
987 3041 1110 3092 vocem
1136 3019 1292 3092 clamoris
1317 3023 1385 3093 mei
1400 3043 1516 3095 coram
1542 3029 1576 3092 te
1601 3019 1668 3092 boo

296 3146 464 3231 tempore:
491 3133 625 3208 intende
650 3136 793 3234 Domine
820 3142 853 3206 et
880 3134 957 3206 audi
982 3137 1125 3228 gemitus
1147 3157 1242 3208 meos
1262 3158 1377 3209 coram
1399 3141 1572 3230 majestate
1598 3145 1666 3226 tua,

296 3254 497 3348 suscipeque
523 3251 793 3348 deprecationem
819 3253 886 3322 mei
899 3254 1099 3346 peccatoris,
1126 3274 1190 3346 qua
1212 3251 1387 3347 interpello
1406 3255 1546 3346 mabam
1564 3262 1665 3340 tuam,

296 3367 360 3440 hac
387 3367 561 3464 horaque
588 3367 723 3440 ollertnr
749 3366 946 3440 sacrificium
973 3369 1059 3464 patri
1086 3377 1153 3440 nto.
1206 3369 1371 3441 Miserere
1388 3371 1533 3441 omnium
1560 3388 1666 3440 crea-

294 3495 458 3558 turarum:
484 3507 590 3581 perce
616 3487 702 3573 reis,
735 3494 898 3556 converte
933 3492 1103 3574 errantes3
1139 3505 1322 3579 oppressos
1356 3507 1492 3574 recrea3
1525 3485 1665 3559 turbatis

297 3605 442 3698 quietem
467 3610 621 3698 praesta:
647 3622 729 3673 sana
756 3598 918 3673 infirmos:
955 3600 1133 3673 consolare
1161 3601 1318 3691 aillictos;
1354 3613 1388 3674 et
1412 3602 1538 3699 perfice
1564 3603 1664 3676 elee—
1765 3675 1768 3685 ,

295 3739 454 3814 mosynas
482 3740 597 3791 eorum
617 3719 673 3813 qni
700 3728 879 3812 operantur
895 3719 1067 3810 justitiam,
1091 3728 1230 3815 propter
1249 3739 1372 3793 nomen
1393 3728 1483 3792 tuum
1503 3731 1663 3795 sanctum.

294 3833 362 3906 blei
395 3856 526 3930 qnoque
552 3836 741 3929 peccatoris
778 3835 939 3905 miserere
972 3836 1202 3929 pergratiam
1234 3844 1333 3908 tuam.
1390 3836 1533 3909 Domine
1570 3838 1663 3912 Deus
1753 3883 1755 3891 ·

294 3960 425 4045 potens,
453 3952 652 4046 suscipiatur
679 3945 802 4021 oblatio
829 3947 914 4020 baec
938 3970 1001 4044 pro
1027 3953 1186 4025 universa
1207 3951 1362 4025 Ecclesia
1388 3961 1504 4027 sancta
1531 3951 1663 4028 Galba-

292 4064 369 4157 lica,
397 4075 431 4138 et
455 4087 519 4162 pro
546 4062 796 4154 Sacerdotibus,
823 4064 985 4158 Regibus,
1013 4067 1226 4163 principibus,
1254 4075 1289 4139 et
1313 4069 1502 4166 reliquant
1521 4091 1637 4162 supra.

447 4341 623 4414 Sacerdos
649 4340 734 4412 dicit
758 4340 849 4411 banc
877 4340 1074 4413 Orationem
1100 4343 1335 4419 inclinationis
1359 4352 1504 4419 secreta.

396 4530 448 4603 'l'u
474 4530 616 4603 Dandae
642 4553 703 4628 per
728 4534 960 4605 miserationes
996 4539 1070 4604 tuas
1096 4533 1214 4607 mrdtm
1250 4545 1285 4607 et
1314 4534 1573 4624 inenarrabiles,
1605 4534 1661 4606 lac

292 4649 484 4720 memoriam
516 4645 638 4720 bonam
675 4657 710 4719 et
742 4646 980 4744 acceptabilem
1017 4647 1168 4722 omnibus
1201 4651 1352 4748 patribus
1387 4654 1451 4747 piis
1483 4663 1517 4726 et
1548 4653 1659 4745 justis,

293 4766 348 4858 qui
373 4761 487 4859 placiti
511 4760 645 4834 inerunt
671 4786 786 4837 coram
811 4771 846 4836 te
871 4766 906 4836 in
937 4767 1253 4841 commemoratione
1278 4771 1431 4864 corporis
1458 4777 1491 4841 et
1517 4773 1659 4864 sangd-

290 4881 342 4951 nis
370 4877 494 4952 Christi
519 4881 578 4970 tui,
604 4879 694 4975 quod
720 4877 885 4954 offerimus
912 4878 968 4953 tibi
995 4903 1095 4978 super
1122 4882 1226 4956 altare
1252 4894 1341 4957 tuum
1368 4907 1485 4980 purum
1512 4895 1546 4958 et
1571 4908 1659 4960 sau-

291 5004 397 5084 ctum,
437 4997 522 5068 sicut
561 4995 702 5069 docuisti
740 5018 820 5070 nos:
862 5005 898 5069 et
933 5007 1067 5094 praesta
1105 4997 1203 5074 uobis
1247 5000 1511 5098 tranquillitatem
1555 5012 1658 5094 tuam,

291 5107 442 5184 omnibus
470 5109 586 5186 diebus
614 5111 740 5188 saeculi
765 5111 871 5206 hujus.
