4712 6032
700 479 731 556 S.
759 478 1019 562 ctnnnntls
1050 484 1235 565 ROllrllll
1576 493 1648 571 191

282 687 345 762 qne
371 675 529 760 tanquam
555 675 779 740 contemtores
807 671 988 761 majestatis
1015 681 1092 744 tuae
1118 694 1182 747 nos
1209 677 1243 746 in
1269 675 1426 752 tenebras
1459 684 1650 755 exteriores

281 783 423 876 ejiciant.
476 779 529 853 Ne
556 785 769 874 extinguatur
801 783 910 857 lumen
942 785 1129 883 lampadum
1163 801 1369 882 nonnarum,
1403 798 1448 866 ita
1483 807 1519 868 ut
1552 808 1650 870 extra

281 896 373 970 fores
400 896 533 970 thalami
559 897 712 993 nuptialis
738 903 785 970 tui
812 922 1067 976 remaneamus:
1084 903 1137 977 Ne
1159 910 1286 999 justitia
1312 919 1368 981 tna
1393 909 1492 984 uobis
1520 911 1649 983 adver-

281 1021 387 1106 setur,
420 1035 529 1110 neque
561 1017 594 1086 in
627 1012 783 1087 tenebras
816 1020 1021 1108 exteriores,
1054 1031 1088 1092 et
1118 1022 1294 1096 stridorem
1329 1024 1473 1100 dentium
1508 1031 1650 1114 projecti

280 1132 473 1198 cruciemur.
534 1125 668 1198 Exhibe
704 1127 862 1198 auxilinm
895 1133 1025 1220 gratiae
1057 1140 1136 1202 tuae
1171 1153 1254 1223 erga
1295 1129 1451 1205 malitiam
1483 1142 1648 1207 nostram:

280 1239 410 1312 effunde
434 1240 577 1337 pelagus
603 1244 825 1314 miserationis
853 1254 928 1314 tuae
955 1266 1057 1340 snper
1082 1248 1260 1341 nequitiam
1285 1257 1453 1336 nostram,
1489 1260 1524 1320 et
1550 1248 1648 1322 ablue

253 1367 394 1429 nostra
421 1361 567 1430 crimina.
620 1358 742 1430 Emitte
774 1357 1004 1431 abundantiam
1037 1359 1232 1435 clementiae
1255 1374 1342 1436 tuae
1377 1375 1410 1436 et
1444 1369 1566 1439 amoris
1602 1369 1648 1438 tui

280 1494 363 1566 erga
390 1472 559 1568 homines,
593 1483 626 1545 et
657 1473 731 1544 dele
759 1496 845 1570 quae
872 1473 1028 1550 innubis
1056 1477 1134 1551 odio
1162 1478 1262 1570 digna
1289 1492 1379 1554 sunt:
1407 1486 1540 1555 contine
1566 1481 1647 1554 Do-

279 1594 367 1661 mine
393 1589 616 1662 fortitudinem
642 1597 744 1677 mam,
771 1599 804 1660 et
822 1588 944 1663 blando
966 1614 1050 1685 erga
1065 1615 1127 1666 nos
1146 1606 1284 1689 aspectu
1302 1607 1444 1669 mutetur
1463 1599 1646 1691 indignatio

280 1715 347 1796 tua,
371 1706 550 1802 vultusque
576 1709 620 1778 tui
646 1708 860 1778 serenitatem
887 1707 1078 1782 demonstra
1103 1709 1219 1799 nobis,
1245 1721 1281 1782 ut
1305 1715 1455 1787 victores
1482 1718 1516 1786 in
1542 1735 1646 1788 cansa

279 1832 493 1920 peccatorum
520 1832 710 1894 nostrorum
736 1843 850 1893 coram
878 1822 959 1896 sede
984 1827 1166 1917 majestatis
1198 1835 1274 1899 tuae
1306 1851 1543 1926 appareamus:
1577 1853 1646 1901 nu-

279 1963 444 2012 meremur
480 1941 578 2012 etiam
610 1941 696 2009 inter
735 1948 877 2011 vocatos
911 1939 952 2011 ad
992 1963 1132 2034 regnum
1165 1951 1271 2032 tuum,
1305 1955 1339 2016 et
1371 1948 1457 2018 inter
1487 1950 1645 2020 invitatos

279 2055 523 2138 discumbentes
556 2055 642 2152 apud
675 2065 709 2125 te
739 2053 961 2139 collocemur,
994 2064 1028 2128 et
1061 2055 1240 2153 splendore
1272 2058 1356 2132 lucis
1391 2071 1468 2132 tuae
1501 2065 1646 2134 eximiae

278 2196 352 2244 cum
378 2171 552 2270 voluptate
577 2169 794 2267 perimamur.
828 2172 1012 2267 Propterea
1026 2171 1182 2246 Ecclesia
1208 2185 1262 2246 tna
1290 2187 1376 2264 orat,
1403 2187 1437 2248 et
1462 2199 1551 2269 grex
1569 2189 1645 2250 tuns

278 2288 486 2384 deprecatur,
512 2286 712 2389 etvocibns
738 2285 984 2382 triumphalibus
1012 2297 1046 2359 te
1071 2288 1274 2385 interpellat,
1305 2292 1645 2388 misericordiamque,

278 2415 312 2476 et
337 2405 544 2477 clementiam
572 2426 592 2475 a
617 2414 651 2475 te
678 2401 814 2494 flagitat,
841 2414 875 2475 et
901 2401 1057 2478 obsecrat
1083 2415 1117 2477 te
1143 2405 1268 2480 dicens.

377 2519 539 2614 Papulas.
591 2517 765 2590 bliserere.

378 2636 566 2708 Diacouaa.
619 2635 726 2722 Quam
753 2632 897 2740 hmeuda
922 2643 975 2708 est
1001 2635 1084 2708 haec
1110 2635 1202 2707 hora.

379 2753 564 2825 Sacerdos.
617 2750 691 2824 Nos
718 2772 857 2846 quoque.

312 3079 486 3152 Sacerdos
517 3077 700 3150 inclinatas
726 3078 811 3165 dicit
838 3079 1034 3150 Orationem
1060 3079 1294 3152 laoooutr'onia
1318 3077 1471 3172 spiritur
1496 3086 1616 3154 annoti.

384 3302 610 3377 Obsecramus
638 3312 671 3373 te
698 3305 908 3375 sanctissime
943 3301 1049 3390 Deua,
1082 3303 1174 3375 mitte
1206 3301 1249 3373 ad
1281 3322 1344 3375 nos
1379 3325 1425 3375 ex
1455 3301 1643 3377 habitaculo

272 3423 371 3513 regni
394 3423 439 3492 tui
466 3421 605 3508 aeterni,
632 3429 665 3490 et
692 3441 738 3490 ex
764 3421 904 3511 regione
930 3421 1142 3514 praesentiae
1175 3429 1252 3490 tuae
1278 3417 1456 3506 excelsae,
1484 3419 1640 3516 Spiritum

274 3545 363 3608 tuum
389 3544 557 3624 sanctum,
584 3534 900 3607 consubstantialem
926 3533 998 3623 tibi,
1026 3545 1059 3606 et
1090 3536 1287 3630 operatione
1313 3534 1506 3628 aequalem,
1537 3533 1552 3573 ²
1586 3541 1641 3633 qui

273 3676 293 3724 a
321 3664 353 3724 te
380 3651 507 3747 absque
533 3655 624 3725 initio
651 3651 814 3747 procedit,
839 3673 902 3746 per
927 3653 1131 3744 unigenitum
1156 3649 1273 3722 Filium
1299 3657 1388 3722 tunm
1407 3661 1440 3722 et
1467 3655 1521 3748 qni
1548 3677 1639 3749 qno-

273 3791 413 3864 cnmqne
440 3779 591 3864 tempore
617 3768 779 3841 datariis
807 3769 862 3862 qni
889 3765 946 3839 tibi
973 3771 1103 3864 accepti
1117 3777 1210 3855 sunt,
1238 3788 1365 3861 eosque
1385 3771 1440 3864 qui
1466 3779 1500 3840 te
1526 3770 1641 3845 vident

273 3894 306 3956 et
332 3883 519 3977 intelligunt
543 3883 672 3980 perlicit
699 3895 732 3956 et
757 3895 982 3955 consummat:
1010 3893 1045 3954 nt
1070 3882 1222 3974 illabens,
1249 3886 1543 3980 requiescensqne,
1570 3886 1638 3959 ba-

270 3999 352 4072 bitet
379 4023 481 4096 super
507 3998 693 4073 oblationes
720 4003 817 4073 istas:
845 3998 962 4094 quibam
990 3999 1203 4072 sanctificatis
1234 4020 1296 4095 per
1328 4002 1483 4073 virtutem
1509 4005 1638 4092 gratiae

270 4124 346 4188 tuae
372 4117 524 4212 perficiat
549 4115 634 4189 haec
659 4118 829 4212 mysteria,
857 4124 955 4211 atque
981 4115 1036 4188 illa
1063 4125 1289 4211 suscepturos.

374 4231 557 4304 Sacerdos.
611 4232 743 4304 Exaudi
769 4253 822 4302 me
847 4232 1000 4304 Domine.

374 4348 537 4442 Populus.
589 4347 695 4446 llyrie
722 4347 862 4436 eleison,
888 4347 993 4444 llyrie
1020 4348 1160 4434 eleison,
1186 4345 1292 4442 Kyrie
1318 4345 1455 4418 eleison.

372 4461 548 4535 Sacerdos
582 4464 719 4535 elevans
756 4487 881 4542 uocem,
939 4461 983 4535 Et
1020 4486 1141 4560 panem
1181 4461 1311 4557 quidem
1352 4464 1467 4550 istum,
1508 4461 1638 4556 efficiat,

271 4603 393 4675 corpus
420 4579 608 4670 vivificum,
642 4587 663 4663 †
695 4603 818 4677 corpus
852 4579 1001 4652 coeleste
1027 4590 1062 4652 et
1088 4580 1254 4669 salutare,
1288 4585 1309 4660 †
1344 4598 1466 4674 corpus
1502 4579 1639 4654 salvans

273 4699 400 4769 animas
426 4705 574 4783 nostras,
601 4708 635 4768 et
661 4719 805 4794 corpora
832 4707 967 4788 nostra,
997 4705 1018 4780 †
1051 4718 1174 4792 corpus
1208 4697 1312 4790 ipsius
1339 4693 1473 4766 Domini
1506 4695 1570 4766 Dei
1605 4708 1640 4770 et

272 4810 459 4885 Salvatoris
486 4816 592 4886 nostri
617 4813 700 4886 lesu
727 4813 868 4904 Christi,
895 4812 937 4885 ad
964 4814 1231 4910 propitiationem
1262 4809 1475 4902 delictorum,
1510 4814 1638 4886 remis-

271 4931 399 5002 sionem
426 4940 651 5025 peccatorum,
680 4940 713 5002 et
739 4933 841 5003 vitam
869 4939 1038 5002 aeternam
1065 4930 1322 5024 suscipientium.
