4712 6032
551 520 581 596 S.
624 518 1512 620 Jonnulsuuulsosuoui.
1643 520 1721 595 245

356 706 520 780 salutares
548 729 630 803 quas
656 731 717 802 pro
745 705 842 778 nobis
869 710 1068 788 sustinuisti,
1103 717 1136 778 et
1161 729 1280 803 passus
1313 731 1369 796 es,
1404 713 1476 806 quis
1500 709 1722 804 compenset?

356 845 553 918 omnemque
579 823 860 918 dispensationem
885 833 974 894 tuam
1001 825 1179 895 salutarem
1205 834 1341 920 propter
1367 848 1448 915 nos,
1476 829 1549 921 quis
1578 825 1721 898 adorare

355 947 389 1010 et
415 939 588 1011 celebrare
615 939 774 1012 sufficiat?
801 939 852 1010 To
870 941 970 1030 igitur
989 939 1215 1035 deprecamur,
1243 939 1398 1030 Domine,
1427 944 1549 1036 optimc
1566 952 1599 1013 et
1621 966 1721 1016 ama-

355 1054 610 1143 torbominum,
639 1064 674 1127 ut
699 1058 897 1151 suscipiatur
919 1053 1043 1128 oblatio
1070 1059 1132 1130 ista
1160 1079 1257 1151 quam
1285 1057 1472 1144 olierimus,
1500 1079 1614 1128 coram
1640 1082 1722 1132 ma-

351 1170 474 1262 jestate
502 1180 568 1260 tua,
596 1193 697 1266 super
723 1171 828 1243 altaro
855 1181 944 1242 tuum
970 1171 1157 1266 spirituale,
1191 1171 1279 1266 quod
1314 1173 1481 1260 excelsius
1517 1175 1622 1246 coelis
1656 1185 1721 1263 est,

353 1289 387 1358 in
414 1285 599 1359 habitaculo
626 1286 845 1380 Angelorum,
873 1290 958 1357 inter
985 1298 1173 1361 sanctorum
1199 1300 1395 1376 conventus,
1422 1294 1455 1362 in
1482 1289 1559 1363 loco
1587 1290 1720 1362 divinae

354 1414 430 1475 tuae
457 1407 684 1500 praesentiae,
718 1409 751 1476 in
779 1400 994 1476 tabernaculo
1021 1407 1178 1500 primario
1206 1409 1327 1476 secreti
1363 1408 1430 1477 tui:
1466 1416 1502 1476 ut
1535 1430 1596 1502 per
1630 1406 1720 1480 illam

354 1517 444 1612 digni
482 1521 659 1592 efficiamur
696 1521 928 1616 propitiatione
964 1519 1157 1594 delictorum
1190 1530 1224 1592 et
1264 1525 1462 1594 remissione
1496 1531 1720 1616 peccatorum.

352 1633 396 1706 Et
422 1659 497 1708 curn
524 1640 657 1708 veneris
686 1636 728 1708 ad
751 1636 962 1731 judicandum
987 1639 1089 1708 vivos
1116 1647 1149 1707 et
1174 1646 1346 1726 mortuos,
1377 1660 1445 1710 uon
1471 1639 1575 1708 intres
1601 1641 1634 1708 in
1656 1643 1719 1731 ju-

354 1752 472 1824 dicium
500 1775 574 1823 cum
601 1755 710 1824 servis
737 1756 820 1839 tuis,
855 1773 921 1823 non
957 1753 1074 1824 officiat
1104 1775 1167 1825 uos
1196 1753 1347 1826 confusio
1374 1757 1407 1825 in
1434 1764 1614 1847 conspectu
1643 1745 1719 1844 tuo'3

352 1891 420 1942 non
446 1866 598 1960 abneges
625 1889 688 1939 nos
714 1890 823 1964 neque
851 1867 943 1941 dicas
969 1869 1085 1956 nobis,
1118 1867 1242 1940 Nescio
1277 1892 1359 1956 vos,
1394 1871 1425 1964 in
1458 1868 1523 1941 boo
1556 1871 1629 1964 ipso
1666 1869 1720 1942 die

352 2005 475 2076 magno
503 1993 537 2055 et
563 1983 698 2055 terribili
722 1985 927 2078 judiciorum.
987 1984 1061 2056 Non
1096 1995 1193 2057 extra
1225 1988 1383 2080 projicias
1418 2007 1480 2058 nos
1514 1984 1557 2057 ad
1589 1997 1719 2080 portam

353 2099 545 2193 gehennae,
571 2101 604 2170 in
630 2100 740 2171 locurn
766 2099 878 2189 fletus,
905 2111 938 2172 et
964 2099 1116 2174 stridoris
1144 2099 1303 2190 dentium3
1331 2100 1392 2174 scd
1417 2101 1549 2194 respice
1575 2101 1719 2173 Domine

353 2221 564 2305 misericors,
594 2216 641 2288 -ad
667 2215 884 2288 infirmitatem
913 2225 947 2288 et
972 2227 1199 2314 paupertatem
1232 2229 1399 2303 nostram,
1433 2227 1571 2312 propter
1598 2238 1720 2288 nomen

353 2331 1791 2428 mmmfflmmffimmfflmfflm.

354 2471 466 2522 sumus
493 2471 554 2545 por
581 2451 720 2540 gratiam
748 2459 837 2520 tuam
865 2447 952 2522 douo
980 2453 1132 2544 corporis
1160 2460 1194 2520 ct
1220 2452 1390 2542 sanguinis
1417 2453 1462 2522 tui
1489 2450 1719 2544 propitiatorii,

355 2565 494 2657 dignare
521 2577 555 2637 ut
582 2576 688 2638 tecum
717 2568 819 2638 simus
845 2587 955 2652 unum,
982 2588 1043 2661 per
1070 2567 1286 2657 sanctitatem,
1314 2568 1398 2640 sicut
1423 2578 1458 2638 tu
1485 2587 1568 2638 uuus
1596 2587 1634 2638 es
1657 2586 1719 2660 per

354 2687 533 2754 essentiam
559 2705 632 2754 curn
659 2683 758 2753 Patre
784 2691 840 2753 tuo
868 2691 902 2752 et
927 2681 1051 2776 Spiritu
1079 2693 1145 2754 tuo.
1177 2684 1290 2778 Atque
1310 2693 1447 2778 propter
1464 2682 1549 2755 baec
1563 2680 1718 2754 Ecclesia

355 2806 409 2869 tua
436 2806 550 2870 sancta
577 2807 611 2869 et
637 2796 823 2870 baereditas
850 2807 905 2869 tua
932 2801 1106 2893 poenitens
1142 2797 1339 2895 deprecatur
1372 2811 1424 2888 te,
1459 2809 1493 2871 et
1525 2821 1586 2896 per
1620 2808 1653 2872 te
1686 2807 1720 2872 et

356 2924 464 2986 tecum
490 2923 621 3010 patrem
648 2923 735 2986 tuum
764 2912 889 2986 dicens.
1261 2895 1268 2910 ’

456 3030 618 3124 Populus.
671 3028 844 3102 Miserere.

457 3146 641 3218 Sacerdos.
694 3145 766 3217 Nos
794 3167 936 3240 quoque.

366 3313 368 3324 Α
457 3261 618 3355 Populus.
671 3261 869 3334 Laudamus.

458 3377 633 3450 Sacerdos
658 3378 840 3450 inclinatam
866 3377 950 3447 dicit
976 3376 1230 3446 Inooentionem
1254 3374 1407 3467 Spiritus
1431 3380 1552 3447 sancti.

455 3496 522 3566 Per
548 3496 819 3590 supplicationem
849 3492 891 3564 ud
912 3503 945 3564 te
960 3492 1093 3580 iactam,
1113 3492 1256 3565 Domine
1274 3493 1367 3564 Deus
1384 3501 1479 3586 pater
1496 3496 1717 3590 omnipotens,

352 3611 493 3706 Spiritus
519 3622 593 3683 tuus
621 3621 654 3682 et
680 3610 785 3682 virtus'
811 3620 865 3681 tua
895 3607 1130 3680 sanctificatrix
1147 3610 1335 3702 requiescat
1351 3631 1452 3705 super
1471 3607 1533 3681 boc
1556 3619 1717 3698 sanctum,

353 3737 388 3798 ct
414 3726 595 3800 sanctificet
621 3728 808 3800 oblationes
834 3730 936 3815 istas,
963 3736 996 3796 et
1022 3723 1192 3809 illabatur,
1218 3725 1380 3812 resideat,
1406 3737 1441 3797 et
1466 3724 1591 3798 habitet
1617 3750 1718 3822 super

352 3866 472 3940 panem
498 3843 601 3932 bunc,
635 3854 668 3915 et
695 3865 795 3938 super
820 3842 884 3914 boc
909 3845 1043 3927 vinum,
1078 3849 1111 3912 et
1140 3840 1220 3912 liant
1245 3862 1343 3912 unum
1371 3863 1493 3934 corpus
1520 3851 1554 3912 et
1579 3847 1716 3934 sanguis

352 3963 511 4053 unigeniti
537 3959 610 4032 Filii
636 3962 694 4048 tui,
722 3983 783 4054 per
808 3962 963 4030 virtutem
990 3969 1077 4030 tuam
1105 3967 1140 4029 et
1166 3956 1305 4052 Spiritus
1332 3959 1377 4028 tui
1403 3959 1473 4030 vivi
1508 3969 1540 4029 et
1566 3961 1682 4030 sancti.

457 4076 641 4147 Sacerdos.
693 4074 825 4146 Exaudi
852 4097 914 4146 me.

460 4192 620 4285 Populus.
673 4192 779 4288 llyrie
806 4191 950 4281 eleison,
983 4188 1087 4284 Kyrie
1118 4188 1263 4273 eleison,
1296 4187 1401 4285 llyrie
1427 4188 1563 4262 eleison.

456 4308 630 4379 Sacerdos
656 4309 793 4379 clevans
818 4330 943 4378 vocem.
979 4307 1111 4400 Corpus
1138 4306 1269 4402 quidem
1295 4303 1359 4376 boc
1375 4302 1496 4377 Christi
1513 4305 1577 4377 Dei
1599 4309 1718 4396 nostri,

352 4424 409 4498 fiat
433 4428 466 4497 in
492 4427 611 4520 pignus
638 4428 729 4498 vitae
756 4425 898 4511 futurae,
925 4443 1047 4518 corpus
1073 4420 1160 4494 bona
1178 4421 1242 4494 -illa
1260 4424 1378 4494 novics
1396 4421 1608 4516 multipbcata
1624 4445 1715 4494 con-

351 4541 487 4630 ferens,
519 4564 605 4637 quae
631 4545 796 4636 promissa
824 4550 917 4613 sunt:
953 4559 1075 4634 corpus
1103 4537 1144 4609 ad
1171 4537 1307 4610 delicias
1333 4536 1406 4610 illas
1434 4537 1600 4610 coelestes
1629 4559 1715 4632 quae

353 4668 572 4752 expectantur
592 4680 815 4756 praeparans,
841 4655 884 4728 ad
908 4657 1155 4728 innovationem
1176 4658 1357 4727 animarum
1380 4673 1623 4748 corporumque
1643 4674 1714 4724 uo-

351 4782 513 4862 strorum,
546 4773 588 4846 ad
620 4774 886 4846 emundationem
920 4774 1063 4843 omnium
1096 4770 1242 4843 sordium
1274 4771 1384 4841 carnis
1417 4779 1450 4842 et
1482 4770 1635 4863 spiritus;
1672 4767 1714 4838 ad

350 4892 659 4985 praeservationem
686 4901 833 4964 nostram
861 4887 902 4959 ab
931 4891 1018 4959 omni
1046 4890 1241 4981 operatione
1257 4885 1393 4978 mabgni
1411 4884 1514 4959 bostis
1536 4888 1654 4974 nostri,
1680 4893 1715 4956 et

350 5009 452 5079 vitam
480 5015 659 5080 aeternam

1437 5117 1515 5194 34*
