4784 6040
635 545 838 626 PHILOXENI
864 544 1034 626 llPlSCOPl
1059 545 1334 624 BhGDthlllSlS.
1623 543 1701 619 407

426 733 590 829 Populus.
643 735 764 806 Amen.

427 849 613 922 Sacerdos.
666 849 749 920 Pax.

334 980 336 990 ·
427 965 591 1058 Populos.
643 962 688 1035 Et
713 987 787 1036 cum
814 967 931 1060 spiritu
957 975 1024 1036 tuo.

427 1081 617 1153 Diaconos.
678 1080 763 1153 Post
805 1084 1053 1177 susceptionem
1093 1082 1328 1178 mysteriorum
1375 1081 1514 1154 istorum
1558 1089 1700 1153 sancto-

323 1219 409 1288 rum,
435 1206 498 1269 etc.

428 1309 589 1405 Populus.
642 1307 767 1383 Coram
793 1319 837 1381 te.

428 1426 614 1500 Sacerdos.
667 1427 810 1498 Domine
844 1428 898 1521 qui
930 1425 1095 1498 inclinasti
1122 1425 1239 1499 coelos
1274 1437 1309 1498 et
1344 1426 1560 1500 descendisti:
1595 1436 1630 1500 et
1655 1450 1703 1500 ex

325 1553 417 1616 terra
443 1546 477 1615 in
504 1541 646 1616 sublime
673 1563 735 1615 nos
772 1541 930 1631 elevasti3
960 1544 1175 1637 peccatisque
1210 1544 1356 1614 omnium
1390 1551 1539 1616 nostrum
1570 1565 1700 1639 peper-

327 1662 416 1732 cisti:
443 1660 607 1754 propitius
634 1667 708 1730 esto
735 1657 895 1745 Domine,
927 1679 989 1753 per
1025 1657 1146 1730 donum
1171 1657 1236 1730 hoe
1263 1659 1352 1753 quod
1378 1663 1605 1755 suscepimus,
1639 1643 1725 1732 toti⁴

324 1773 447 1848 homini
474 1785 590 1848 nostro
618 1775 767 1845 interiori
794 1782 830 1844 et
855 1775 1034 1847 exteriori:
1061 1783 1096 1846 et
1122 1774 1164 1846 da
1190 1774 1289 1848 nohis
1306 1777 1463 1849 virtutem
1484 1784 1518 1847 et
1542 1783 1700 1870 potesta-

325 1899 414 1980 tem,
450 1890 493 1962 ad
526 1911 632 1962 verae
666 1891 797 1985 pietatis
830 1897 909 1962 tuae
942 1889 1214 1978 observantiam,
1255 1895 1332 1987 quia
1363 1902 1399 1964 tu
1432 1914 1471 1966 es
1499 1892 1594 1963 Deus
1622 1891 1700 1963 cle-

327 2026 441 2094 mens3
469 2015 503 2078 et
528 2006 587 2078 tihi
614 2004 745 2077 laudem
772 2003 963 2092 referimus,
991 2005 1149 2101 Patrique
1174 2017 1230 2078 tuo
1258 2016 1293 2078 et
1317 2005 1455 2104 Spiritui
1482 2017 1538 2080 tuo
1565 2016 1702 2081 sancto:

326 2132 592 2318 masalma
643 2223 765 2296 Amen·
972 2225 1162 2298 Draconem.
1214 2226 1362 2300 Benedic
1386 2224 1541 2300 Domina.

429 2339 615 2413 Sacerdos.
667 2339 817 2412 Benedic
843 2341 1007 2414 omnihus.

717 2671 1310 2730 ψ

368 3107 425 3198 1n
471 3103 813 3198 ttionemn
855 3100 1185 3196 ruiuouuui
1229 3101 1662 3198 sleolouasis

675 3323 710 3442 0
746 3325 782 3440 Β
819 3323 848 3440 S
884 3323 920 3439 Ε
956 3321 995 3439 n
1030 3321 1070 3438 V
1104 3321 1144 3436 l
1179 3323 1211 3438 T
1245 3322 1270 3438 Ι
1306 3321 1354 3440 0.

418 3632 512 3712 Hane
541 3643 706 3728 Liturgiam
739 3642 947 3705 transtulimus
978 3659 1018 3703 ex
1050 3637 1163 3703 Codice
1194 3638 1413 3722 Seguieriano,
1442 3642 1473 3704 in
1501 3659 1561 3722 quo
1591 3639 1704 3726 aliquot

329 3747 405 3812 aliae
430 3746 670 3824 continebantur,
694 3751 725 3806 et
747 3745 835 3825 qu'us
858 3763 917 3826 ope
936 3744 1126 3828 agnovimus,
1148 3743 1345 3808 Philoxenum
1368 3743 1454 3826 cujus
1477 3761 1588 3808 nomen
1609 3765 1704 3828 prae-

329 3847 388 3911 lert
408 3864 470 3909 non
492 3864 563 3910 esse
585 3844 803 3925 hlahugansem
825 3845 891 3906 sive
919 3843 1175 3924 hierapolitanum
1204 3861 1221 3904 a
1249 3841 1395 3907 iacebitis
1425 3850 1586 3926 tantopere
1617 3845 1704 3910 cele-

328 3943 457 4025 bratum,
480 3945 536 4009 sed
558 3945 696 4023 alterum,
718 3942 903 4025 Episcopum
925 3941 1165 4025 Bagdadensem,
1188 3944 1240 4024 qui
1263 3942 1489 4007 etiumvocatus
1512 3951 1560 4006 est
1570 3943 1704 4009 Lazarus

328 4048 394 4110 sive
416 4045 582 4109 Eleazarus
605 4041 682 4106 filius
706 4041 806 4106 Sahta.
852 4041 926 4116 Quis
950 4060 1044 4123 porro
1067 4040 1118 4104 ille
1141 4041 1243 4122 luerit,
1266 4050 1318 4105 aut
1339 4041 1458 4124 quando
1481 4043 1592 4106 vixerit
1613 4044 1705 4126 plane

331 4145 493 4209 obscurum
516 4152 572 4206 ast.
617 4141 724 4204 Natam
754 4139 860 4222 luisse,
883 4149 914 4206 et
941 4143 972 4206 in
994 4143 1093 4226 pretio
1120 4141 1250 4206 habitam
1280 4141 1357 4204 hano
1384 4141 1565 4225 liturgiam,
1595 4144 1705 4227 probat

329 4245 475 4310 autoritas
504 4241 628 4306 alterius
661 4259 739 4323 quae
771 4249 897 4304 vocatur
918 4243 1085 4306 Doctorum
1106 4241 1290 4304 Sanctorum
1316 4259 1334 4304 a
1363 4239 1480 4305 toanne
1508 4243 1619 4326 liugno
1645 4243 1706 4306 Pa-

329 4344 460 4407 triarcha
483 4341 675 4406 Antiocheno
698 4359 738 4404 ex
761 4339 826 4402 aliis
849 4341 991 4405 collecta:
1019 4343 1051 4404 in
1082 4359 1142 4423 qua
1170 4340 1247 4406 duae
1270 4341 1425 4404 orationes
1448 4341 1624 4404 reseruntur
1646 4342 1703 4404 sub

329 4443 450 4506 nomine
472 4441 620 4516 Eleazari
644 4458 722 4522 quae
744 4443 775 4503 in
796 4442 853 4503 ista
876 4441 1012 4523 liturgia
1034 4443 1237 4523 reperiuntur.
1278 4440 1326 4502 Ex
1348 4439 1427 4502 illius
1451 4439 1607 4524 dignitate,
1629 4439 1706 4522 Epi-

329 4543 416 4622 scopi
438 4541 553 4606 sciliect
575 4540 784 4622 Bagdadensis
807 4549 892 4605 certo
920 4542 1048 4620 seimus,
1077 4559 1146 4604 eum
1168 4546 1238 4603 ante
1266 4541 1367 4602 octavi
1390 4539 1504 4602 saeculi
1527 4539 1615 4604 linem
1643 4558 1704 4603 non

329 4643 455 4721 vixisse,
478 4659 545 4704 cum
568 4658 646 4702 anno
669 4638 836 4704 DCCLXll.
859 4639 1035 4725 Bagdadum
1057 4640 1227 4704 condiderit
1238 4639 1412 4718 Almansor,
1435 4637 1530 4703 Callia
1553 4637 1704 4704 sccundus
1767 4643 1867 4694 Elone·
1887 4661 1914 4713 p.
1938 4641 1983 4694 97.
2007 4651 2033 4695 et

330 4759 371 4804 ex
393 4738 629 4803 Abbassidarum
652 4747 816 4803 stemmate.
860 4739 934 4803 Cum
957 4758 1032 4803 vcro
1055 4740 1128 4803 urbs
1152 4739 1309 4802 aedificata
1332 4739 1440 4804 luisset
1463 4757 1503 4802 ex
1525 4737 1620 4802 ruinis
1644 4737 1700 4802 Se·
1733 4729 1832 4782 mota
1857 4729 1949 4782 ΜΓ·
1973 4726 2030 4780 ¹²⁶·

330 4838 449 4902 leuciae
471 4847 502 4902 et
525 4837 742 4920 Ctesiphontis,
766 4841 816 4902 ubl
838 4847 979 4921 tanquam
1005 4842 1036 4902 in
1059 4840 1228 4921 conjunctis
1251 4836 1386 4916 urbibus,
1409 4844 1441 4900 et
1462 4855 1541 4919 quae
1563 4854 1621 4920 pro
1644 4831 1705 4899 uda
1734 4823 1807 4870 m·

332 4936 520 5002 habebantur
542 4946 623 5002 essct
644 4939 804 5001 Persarum
825 4939 933 5023 Regia,
957 4940 986 5002 in
1010 4957 1069 5020 qua
1091 4939 1167 5002 urhe
1191 4935 1338 5000 Catholici
1359 4936 1616 5014 Nestorianorum,
1639 4938 1705 5000 sive

332 5037 467 5116 supremi
489 5055 594 5102 eortun
617 5036 777 5100 Antistites
800 5035 904 5102 sedem
927 5057 1011 5102 suam
1038 5039 1274 5116 constituerant,
1304 5036 1335 5099 in
1357 5052 1467 5100 novam
1496 5036 1575 5099 illam
1598 5035 1708 5098 Muha-
