<?xml version="1.0" encoding="UTF-8"?>
<!DOCTYPE html PUBLIC "-//W3C//DTD XHTML 1.0 Transitional//EN"
    "http://www.w3.org/TR/xhtml1/DTD/xhtml1-transitional.dtd">
<html xmlns="http://www.w3.org/1999/xhtml" xml:lang="en" lang="en">
 <head>
  <title>
</title>
<meta http-equiv="Content-Type" content="text/html;charset=utf-8" />
  <meta name='ocr-system' content='tesseract 3.04.00' />
  <meta name='ocr-capabilities' content='ocr_page ocr_carea ocr_par ocr_line ocrx_word'/>
</head>
<body>
  <div class='ocr_page' id='page_1' title='image "./liturgiarumorie04renagoog_0332.png"; bbox 0 0 4730 6038; ppageno 0'>
   <div class='ocr_carea' id='block_1_1' title="bbox 636 491 1631 628">
    <p class='ocr_par' dir='ltr' id='par_1_1' title="bbox 636 491 1631 628">
     <span class='ocr_line' id='line_1_1' title="bbox 636 491 1631 628; baseline -0.008 0"><span class='ocrx_word' id='word_1_1' title='bbox 636 491 1271 628; x_wconf 82' lang='lat' dir='ltr'><strong>uorrrruurrunuunorosoou.</strong></span> <span class='ocrx_word' id='word_1_2' title='bbox 1555 545 1631 626; x_wconf 79' lang='lat' dir='ltr'><strong>uos</strong></span> 
     </span>
    </p>
   </div>
   <div class='ocr_carea' id='block_1_2' title="bbox 270 732 1632 835">
    <p class='ocr_par' dir='ltr' id='par_1_2' title="bbox 270 732 1632 835">
     <span class='ocr_line' id='line_1_2' title="bbox 270 732 1632 835; baseline -0.004 -23"><span class='ocrx_word' id='word_1_3' title='bbox 270 759 416 835; x_wconf 90' lang='lat' dir='ltr'><strong>corpora</strong></span> <span class='ocrx_word' id='word_1_4' title='bbox 436 747 551 811; x_wconf 89' lang='lat' dir='ltr'><strong>nostra</strong></span> <span class='ocrx_word' id='word_1_5' title='bbox 570 759 632 834; x_wconf 89' lang='lat' dir='ltr'><strong>per</strong></span> <span class='ocrx_word' id='word_1_6' title='bbox 651 735 848 812; x_wconf 81' lang='lat' dir='ltr'><strong>sacrificium</strong></span> <span class='ocrx_word' id='word_1_7' title='bbox 867 734 931 809; x_wconf 94' lang='lat' dir='ltr'><strong>boc</strong></span> <span class='ocrx_word' id='word_1_8' title='bbox 956 734 1044 832; x_wconf 82' lang='lat' dir='ltr'><strong>quod</strong></span> <span class='ocrx_word' id='word_1_9' title='bbox 1064 737 1284 831; x_wconf 79' lang='lat' dir='ltr'><strong>suscepimus,</strong></span> <span class='ocrx_word' id='word_1_10' title='bbox 1311 741 1344 808; x_wconf 91' lang='lat' dir='ltr'><strong>et</strong></span> <span class='ocrx_word' id='word_1_11' title='bbox 1364 732 1470 828; x_wconf 86' lang='lat' dir='ltr'><strong>dirige</strong></span> <span class='ocrx_word' id='word_1_12' title='bbox 1492 755 1632 828; x_wconf 82' lang='lat' dir='ltr'><strong>gressus</strong></span> 
     </span>
    </p>
   </div>
   <div class='ocr_carea' id='block_1_3' title="bbox 268 849 1634 1624">
    <p class='ocr_par' dir='ltr' id='par_1_3' title="bbox 268 849 1634 1412">
     <span class='ocr_line' id='line_1_3' title="bbox 268 849 1633 948; baseline -0.001 -21"><span class='ocrx_word' id='word_1_13' title='bbox 268 865 404 930; x_wconf 88' lang='lat' dir='ltr'><strong>nostros</strong></span> <span class='ocrx_word' id='word_1_14' title='bbox 431 857 465 925; x_wconf 92' lang='lat' dir='ltr'><strong>in</strong></span> <span class='ocrx_word' id='word_1_15' title='bbox 491 856 625 927; x_wconf 76' lang='lat' dir='ltr'><strong>semitas</strong></span> <span class='ocrx_word' id='word_1_16' title='bbox 648 857 810 948; x_wconf 74' lang='lat' dir='ltr'><strong>institiae,</strong></span> <span class='ocrx_word' id='word_1_17' title='bbox 843 862 880 924; x_wconf 91' lang='lat' dir='ltr'><strong>ut</strong></span> <span class='ocrx_word' id='word_1_18' title='bbox 910 851 1090 924; x_wconf 90' lang='lat' dir='ltr'><strong>secundum</strong></span> <span class='ocrx_word' id='word_1_19' title='bbox 1121 849 1325 924; x_wconf 87' lang='lat' dir='ltr'><strong>voluntatem</strong></span> <span class='ocrx_word' id='word_1_20' title='bbox 1355 859 1443 923; x_wconf 91' lang='lat' dir='ltr'><strong>tuarn</strong></span> <span class='ocrx_word' id='word_1_21' title='bbox 1476 872 1633 944; x_wconf 78' lang='lat' dir='ltr'><strong>geramus</strong></span> 
     </span>
     <span class='ocr_line' id='line_1_4' title="bbox 268 963 1634 1066; baseline -0.001 -24"><span class='ocrx_word' id='word_1_22' title='bbox 268 993 343 1058; x_wconf 89' lang='lat' dir='ltr'><strong>nos,</strong></span> <span class='ocrx_word' id='word_1_23' title='bbox 371 979 471 1066; x_wconf 85' lang='lat' dir='ltr'><strong>atque</strong></span> <span class='ocrx_word' id='word_1_24' title='bbox 497 969 648 1043; x_wconf 87' lang='lat' dir='ltr'><strong>mandata</strong></span> <span class='ocrx_word' id='word_1_25' title='bbox 675 979 731 1042; x_wconf 89' lang='lat' dir='ltr'><strong>tua</strong></span> <span class='ocrx_word' id='word_1_26' title='bbox 758 969 990 1054; x_wconf 74' lang='lat' dir='ltr'><strong>observemus,</strong></span> <span class='ocrx_word' id='word_1_27' title='bbox 1017 977 1051 1039; x_wconf 90' lang='lat' dir='ltr'><strong>et</strong></span> <span class='ocrx_word' id='word_1_28' title='bbox 1066 965 1225 1040; x_wconf 87' lang='lat' dir='ltr'><strong>faciamus</strong></span> <span class='ocrx_word' id='word_1_29' title='bbox 1241 963 1392 1040; x_wconf 91' lang='lat' dir='ltr'><strong>omnibus</strong></span> <span class='ocrx_word' id='word_1_30' title='bbox 1408 964 1524 1038; x_wconf 89' lang='lat' dir='ltr'><strong>diebus</strong></span> <span class='ocrx_word' id='word_1_31' title='bbox 1542 969 1634 1040; x_wconf 87' lang='lat' dir='ltr'><strong>vitae</strong></span> 
     </span>
     <span class='ocr_line' id='line_1_5' title="bbox 268 1081 1633 1182; baseline -0.004 -23"><span class='ocrx_word' id='word_1_32' title='bbox 268 1097 417 1178; x_wconf 87' lang='lat' dir='ltr'><strong>nostrae,</strong></span> <span class='ocrx_word' id='word_1_33' title='bbox 444 1085 487 1157; x_wconf 88' lang='lat' dir='ltr'><strong>ad</strong></span> <span class='ocrx_word' id='word_1_34' title='bbox 512 1083 609 1158; x_wconf 87' lang='lat' dir='ltr'><strong>linem</strong></span> <span class='ocrx_word' id='word_1_35' title='bbox 635 1085 768 1160; x_wconf 79' lang='lat' dir='ltr'><strong>beatum</strong></span> <span class='ocrx_word' id='word_1_36' title='bbox 794 1088 1043 1182; x_wconf 90' lang='lat' dir='ltr'><strong>perveniamus,</strong></span> <span class='ocrx_word' id='word_1_37' title='bbox 1068 1094 1103 1155; x_wconf 91' lang='lat' dir='ltr'><strong>et</strong></span> <span class='ocrx_word' id='word_1_38' title='bbox 1127 1082 1283 1179; x_wconf 79' lang='lat' dir='ltr'><strong>hymnum</strong></span> <span class='ocrx_word' id='word_1_39' title='bbox 1309 1081 1541 1155; x_wconf 80' lang='lat' dir='ltr'><strong>incessabilem</strong></span> <span class='ocrx_word' id='word_1_40' title='bbox 1558 1106 1633 1156; x_wconf 88' lang='lat' dir='ltr'><strong>cmn</strong></span> 
     </span>
     <span class='ocr_line' id='line_1_6' title="bbox 270 1197 1631 1297; baseline -0.001 -21"><span class='ocrx_word' id='word_1_41' title='bbox 270 1205 393 1276; x_wconf 88' lang='lat' dir='ltr'><strong>sanctis</strong></span> <span class='ocrx_word' id='word_1_42' title='bbox 419 1205 484 1275; x_wconf 89' lang='lat' dir='ltr'><strong>tuis</strong></span> <span class='ocrx_word' id='word_1_43' title='bbox 512 1223 669 1274; x_wconf 72' lang='lat' dir='ltr'><strong>muamus</strong></span> <span class='ocrx_word' id='word_1_44' title='bbox 695 1202 766 1292; x_wconf 86' lang='lat' dir='ltr'><strong>tibi,</strong></span> <span class='ocrx_word' id='word_1_45' title='bbox 792 1201 929 1274; x_wconf 88' lang='lat' dir='ltr'><strong>etPatri</strong></span> <span class='ocrx_word' id='word_1_46' title='bbox 944 1209 1001 1273; x_wconf 91' lang='lat' dir='ltr'><strong>tuo</strong></span> <span class='ocrx_word' id='word_1_47' title='bbox 1020 1198 1201 1289; x_wconf 88' lang='lat' dir='ltr'><strong>adorando,</strong></span> <span class='ocrx_word' id='word_1_48' title='bbox 1227 1210 1262 1272; x_wconf 91' lang='lat' dir='ltr'><strong>et</strong></span> <span class='ocrx_word' id='word_1_49' title='bbox 1276 1197 1413 1297; x_wconf 87' lang='lat' dir='ltr'><strong>Spiritui</strong></span> <span class='ocrx_word' id='word_1_50' title='bbox 1430 1211 1485 1273; x_wconf 87' lang='lat' dir='ltr'><strong>tuo</strong></span> <span class='ocrx_word' id='word_1_51' title='bbox 1504 1209 1631 1289; x_wconf 87' lang='lat' dir='ltr'><strong>sancto,</strong></span> 
     </span>
     <span class='ocr_line' id='line_1_7' title="bbox 270 1315 1310 1412; baseline -0.002 -22"><span class='ocrx_word' id='word_1_52' title='bbox 270 1327 305 1390; x_wconf 90' lang='lat' dir='ltr'><strong>et</strong></span> <span class='ocrx_word' id='word_1_53' title='bbox 329 1316 524 1406; x_wconf 84' lang='lat' dir='ltr'><strong>vivificanti,</strong></span> <span class='ocrx_word' id='word_1_54' title='bbox 549 1315 673 1412; x_wconf 83' lang='lat' dir='ltr'><strong>tibique</strong></span> <span class='ocrx_word' id='word_1_55' title='bbox 701 1315 971 1391; x_wconf 77' lang='lat' dir='ltr'><strong>consubstantiali</strong></span> <span class='ocrx_word' id='word_1_56' title='bbox 996 1337 1083 1388; x_wconf 91' lang='lat' dir='ltr'><strong>nunc</strong></span> <span class='ocrx_word' id='word_1_57' title='bbox 1110 1324 1143 1387; x_wconf 86' lang='lat' dir='ltr'><strong>et</strong></span> <span class='ocrx_word' id='word_1_58' title='bbox 1168 1337 1310 1411; x_wconf 89' lang='lat' dir='ltr'><strong>semper.</strong></span> 
     </span>
    </p>

    <p class='ocr_par' dir='ltr' id='par_1_4' title="bbox 373 1433 706 1527">
     <span class='ocr_line' id='line_1_8' title="bbox 373 1433 706 1527; baseline 0.006 -23"><span class='ocrx_word' id='word_1_59' title='bbox 373 1433 534 1527; x_wconf 71' lang='lat' dir='ltr'><strong>Populea.</strong></span> <span class='ocrx_word' id='word_1_60' title='bbox 586 1434 706 1506; x_wconf 87' lang='lat' dir='ltr'><strong>Amen.</strong></span> 
     </span>
    </p>

    <p class='ocr_par' dir='ltr' id='par_1_5' title="bbox 373 1549 935 1624">
     <span class='ocr_line' id='line_1_9' title="bbox 373 1549 935 1624; baseline 0 -4"><span class='ocrx_word' id='word_1_61' title='bbox 373 1549 560 1621; x_wconf 71' lang='lat' dir='ltr'><strong>Diaconum.</strong></span> <span class='ocrx_word' id='word_1_62' title='bbox 611 1549 758 1621; x_wconf 92' lang='lat' dir='ltr'><strong>Benedic</strong></span> <span class='ocrx_word' id='word_1_63' title='bbox 783 1549 935 1624; x_wconf 90' lang='lat' dir='ltr'><strong>Domine.</strong></span> 
     </span>
    </p>
   </div>
   <div class='ocr_carea' id='block_1_4' title="bbox 373 1664 1033 1754">
    <p class='ocr_par' dir='ltr' id='par_1_6' title="bbox 373 1664 1033 1754">
     <span class='ocr_line' id='line_1_10' title="bbox 373 1664 1033 1754; baseline -0.002 -18"><span class='ocrx_word' id='word_1_64' title='bbox 373 1664 557 1738; x_wconf 79' lang='lat' dir='ltr'><strong>Sacerdos.</strong></span> <span class='ocrx_word' id='word_1_65' title='bbox 609 1665 756 1739; x_wconf 92' lang='lat' dir='ltr'><strong>Benedic</strong></span> <span class='ocrx_word' id='word_1_66' title='bbox 781 1665 944 1754; x_wconf 91' lang='lat' dir='ltr'><strong>omnibus,</strong></span> <span class='ocrx_word' id='word_1_67' title='bbox 971 1675 1033 1737; x_wconf 92' lang='lat' dir='ltr'><strong>etc.</strong></span> 
     </span>
    </p>
   </div>
   <div class='ocr_carea' id='block_1_5' title="bbox 702 2021 1202 2068">
    <p class='ocr_par' dir='ltr' id='par_1_7' title="bbox 702 2021 1202 2068">
     <span class='ocr_line' id='line_1_11' title="bbox 702 2021 1202 2068; baseline 0.002 -20"><span class='ocrx_word' id='word_1_68' title='bbox 702 2021 1202 2068; x_wconf 54' lang='grc' dir='ltr'><strong>-ψ-</strong></span> 
     </span>
    </p>
   </div>
   <div class='ocr_carea' id='block_1_6' title="bbox 537 2406 1381 2704">
    <p class='ocr_par' dir='ltr' id='par_1_8' title="bbox 537 2406 1381 2704">
     <span class='ocr_line' id='line_1_12' title="bbox 537 2406 1381 2503; baseline 0 -4"><span class='ocrx_word' id='word_1_69' title='bbox 537 2409 602 2500; x_wconf 89' lang='lat' dir='ltr'><strong>IN</strong></span> <span class='ocrx_word' id='word_1_70' title='bbox 643 2408 1022 2503; x_wconf 76' lang='lat' dir='ltr'><strong>LITURGIXM</strong></span> <span class='ocrx_word' id='word_1_71' title='bbox 1062 2406 1381 2503; x_wconf 86' lang='lat' dir='ltr'><strong>DIOSCORI</strong></span> 
     </span>
     <span class='ocr_line' id='line_1_13' title="bbox 726 2618 1054 2704; baseline 0 -2"><span class='ocrx_word' id='word_1_72' title='bbox 726 2660 728 2666; x_wconf 46' lang='lat'>1</span> <span class='ocrx_word' id='word_1_73' title='bbox 854 2618 1054 2704; x_wconf 81' lang='lat' dir='ltr'><strong>lllll&#39;lll.</strong></span> 
     </span>
    </p>
   </div>
   <div class='ocr_carea' id='block_1_7' title="bbox 271 2851 1957 4444">
    <p class='ocr_par' dir='ltr' id='par_1_9' title="bbox 271 2851 1957 4444">
     <span class='ocr_line' id='line_1_14' title="bbox 358 2851 1635 2945; baseline -0.002 -19"><span class='ocrx_word' id='word_1_74' title='bbox 358 2862 388 2929; x_wconf 92' lang='lat' dir='ltr'><strong>l.</strong></span> <span class='ocrx_word' id='word_1_75' title='bbox 432 2851 569 2930; x_wconf 74' lang='lat' dir='ltr'><strong>bleonus</strong></span> <span class='ocrx_word' id='word_1_76' title='bbox 590 2863 670 2926; x_wconf 89' lang='lat' dir='ltr'><strong>inter</strong></span> <span class='ocrx_word' id='word_1_77' title='bbox 692 2861 917 2945; x_wconf 76' lang='lat' dir='ltr'><strong>llonopbpsitns</strong></span> <span class='ocrx_word' id='word_1_78' title='bbox 945 2879 1065 2943; x_wconf 86' lang='lat' dir='ltr'><strong>semper</strong></span> <span class='ocrx_word' id='word_1_79' title='bbox 1093 2861 1147 2926; x_wconf 87' lang='lat' dir='ltr'><strong>luit</strong></span> <span class='ocrx_word' id='word_1_80' title='bbox 1174 2863 1313 2928; x_wconf 88' lang='lat' dir='ltr'><strong>Dioscuri</strong></span> <span class='ocrx_word' id='word_1_81' title='bbox 1340 2861 1538 2928; x_wconf 82' lang='lat' dir='ltr'><strong>Alexandrini</strong></span> <span class='ocrx_word' id='word_1_82' title='bbox 1559 2860 1635 2942; x_wconf 88' lang='lat' dir='ltr'><strong>Epi-</strong></span> 
     </span>
     <span class='ocr_line' id='line_1_15' title="bbox 272 2963 1637 3051; baseline -0.004 -17"><span class='ocrx_word' id='word_1_83' title='bbox 272 2969 358 3051; x_wconf 88' lang='lat' dir='ltr'><strong>scopi</strong></span> <span class='ocrx_word' id='word_1_84' title='bbox 388 2983 512 3048; x_wconf 78' lang='lat' dir='ltr'><strong>damno,</strong></span> <span class='ocrx_word' id='word_1_85' title='bbox 551 2963 630 3048; x_wconf 88' lang='lat' dir='ltr'><strong>quod</strong></span> <span class='ocrx_word' id='word_1_86' title='bbox 661 2965 899 3030; x_wconf 86' lang='lat' dir='ltr'><strong>Calchedonensi</strong></span> <span class='ocrx_word' id='word_1_87' title='bbox 927 2964 1062 3031; x_wconf 87' lang='lat' dir='ltr'><strong>Concilio</strong></span> <span class='ocrx_word' id='word_1_88' title='bbox 1097 2965 1171 3030; x_wconf 89' lang='lat' dir='ltr'><strong>duos</strong></span> <span class='ocrx_word' id='word_1_89' title='bbox 1206 2967 1236 3029; x_wconf 90' lang='lat' dir='ltr'><strong>in</strong></span> <span class='ocrx_word' id='word_1_90' title='bbox 1266 2965 1385 3031; x_wconf 87' lang='lat' dir='ltr'><strong>Christo</strong></span> <span class='ocrx_word' id='word_1_91' title='bbox 1413 2973 1536 3029; x_wconf 81' lang='lat' dir='ltr'><strong>namrns</strong></span> <span class='ocrx_word' id='word_1_92' title='bbox 1564 2972 1637 3046; x_wconf 91' lang='lat' dir='ltr'><strong>post</strong></span> 
     </span>
     <span class='ocr_line' id='line_1_16' title="bbox 272 3063 1636 3147; baseline -0.003 -15"><span class='ocrx_word' id='word_1_93' title='bbox 272 3071 413 3132; x_wconf 90' lang='lat' dir='ltr'><strong>unionem</strong></span> <span class='ocrx_word' id='word_1_94' title='bbox 435 3069 465 3130; x_wconf 91' lang='lat' dir='ltr'><strong>in</strong></span> <span class='ocrx_word' id='word_1_95' title='bbox 487 3084 546 3129; x_wconf 91' lang='lat' dir='ltr'><strong>una</strong></span> <span class='ocrx_word' id='word_1_96' title='bbox 568 3082 700 3147; x_wconf 87' lang='lat' dir='ltr'><strong>persona</strong></span> <span class='ocrx_word' id='word_1_97' title='bbox 723 3065 886 3147; x_wconf 81' lang='lat' dir='ltr'><strong>profitenti,</strong></span> <span class='ocrx_word' id='word_1_98' title='bbox 908 3066 1055 3129; x_wconf 87' lang='lat' dir='ltr'><strong>restiterit</strong></span> <span class='ocrx_word' id='word_1_99' title='bbox 1083 3073 1115 3129; x_wconf 89' lang='lat' dir='ltr'><strong>et</strong></span> <span class='ocrx_word' id='word_1_100' title='bbox 1144 3083 1224 3129; x_wconf 89' lang='lat' dir='ltr'><strong>novo</strong></span> <span class='ocrx_word' id='word_1_101' title='bbox 1253 3083 1344 3146; x_wconf 89' lang='lat' dir='ltr'><strong>ausu,</strong></span> <span class='ocrx_word' id='word_1_102' title='bbox 1377 3063 1472 3131; x_wconf 86' lang='lat' dir='ltr'><strong>Leoni</strong></span> <span class='ocrx_word' id='word_1_103' title='bbox 1501 3065 1636 3130; x_wconf 87' lang='lat' dir='ltr'><strong>llomano</strong></span> 
     </span>
     <span class='ocr_line' id='line_1_17' title="bbox 273 3163 1635 3249; baseline -0.001 -19"><span class='ocrx_word' id='word_1_104' title='bbox 273 3165 418 3244; x_wconf 87' lang='lat' dir='ltr'><strong>Pontifici,</strong></span> <span class='ocrx_word' id='word_1_105' title='bbox 442 3167 527 3249; x_wconf 90' lang='lat' dir='ltr'><strong>cujus</strong></span> <span class='ocrx_word' id='word_1_106' title='bbox 550 3165 686 3248; x_wconf 84' lang='lat' dir='ltr'><strong>Epistola</strong></span> <span class='ocrx_word' id='word_1_107' title='bbox 709 3163 746 3227; x_wconf 92' lang='lat' dir='ltr'><strong>ad</strong></span> <span class='ocrx_word' id='word_1_108' title='bbox 768 3165 941 3228; x_wconf 84' lang='lat' dir='ltr'><strong>Flavianum</strong></span> <span class='ocrx_word' id='word_1_109' title='bbox 968 3165 1094 3246; x_wconf 89' lang='lat' dir='ltr'><strong>probato</strong></span> <span class='ocrx_word' id='word_1_110' title='bbox 1116 3163 1225 3242; x_wconf 89' lang='lat' dir='ltr'><strong>luerat,</strong></span> <span class='ocrx_word' id='word_1_111' title='bbox 1248 3166 1404 3229; x_wconf 86' lang='lat' dir='ltr'><strong>anathema</strong></span> <span class='ocrx_word' id='word_1_112' title='bbox 1427 3166 1544 3230; x_wconf 88' lang='lat' dir='ltr'><strong>dixerit.</strong></span> <span class='ocrx_word' id='word_1_113' title='bbox 1588 3165 1635 3228; x_wconf 90' lang='lat' dir='ltr'><strong>Dc</strong></span> 
     </span>
     <span class='ocr_line' id='line_1_18' title="bbox 273 3263 1635 3348; baseline -0.001 -18"><span class='ocrx_word' id='word_1_114' title='bbox 273 3267 339 3348; x_wconf 89' lang='lat' dir='ltr'><strong>ejus</strong></span> <span class='ocrx_word' id='word_1_115' title='bbox 362 3267 422 3328; x_wconf 83' lang='lat' dir='ltr'><strong>rita</strong></span> <span class='ocrx_word' id='word_1_116' title='bbox 445 3273 476 3330; x_wconf 89' lang='lat' dir='ltr'><strong>et</strong></span> <span class='ocrx_word' id='word_1_117' title='bbox 497 3265 589 3329; x_wconf 85' lang='lat' dir='ltr'><strong>rebus</strong></span> <span class='ocrx_word' id='word_1_118' title='bbox 610 3266 706 3348; x_wconf 79' lang='lat' dir='ltr'><strong>gestis</strong></span> <span class='ocrx_word' id='word_1_119' title='bbox 729 3263 839 3326; x_wconf 90' lang='lat' dir='ltr'><strong>dictum</strong></span> <span class='ocrx_word' id='word_1_120' title='bbox 861 3273 909 3328; x_wconf 91' lang='lat' dir='ltr'><strong>est</strong></span> <span class='ocrx_word' id='word_1_121' title='bbox 931 3265 961 3326; x_wconf 91' lang='lat' dir='ltr'><strong>in</strong></span> <span class='ocrx_word' id='word_1_122' title='bbox 984 3263 1115 3326; x_wconf 89' lang='lat' dir='ltr'><strong>Historia</strong></span> <span class='ocrx_word' id='word_1_123' title='bbox 1138 3263 1331 3326; x_wconf 88' lang='lat' dir='ltr'><strong>Patriarchali</strong></span> <span class='ocrx_word' id='word_1_124' title='bbox 1353 3265 1517 3328; x_wconf 89' lang='lat' dir='ltr'><strong>secuudum</strong></span> <span class='ocrx_word' id='word_1_125' title='bbox 1538 3265 1635 3329; x_wconf 92' lang='lat' dir='ltr'><strong>Jaco-</strong></span> 
     </span>
     <span class='ocr_line' id='line_1_19' title="bbox 274 3362 1751 3446; baseline -0.001 -18"><span class='ocrx_word' id='word_1_126' title='bbox 274 3365 402 3428; x_wconf 89' lang='lat' dir='ltr'><strong>bitarnm</strong></span> <span class='ocrx_word' id='word_1_127' title='bbox 424 3362 625 3444; x_wconf 85' lang='lat' dir='ltr'><strong>traditionem,</strong></span> <span class='ocrx_word' id='word_1_128' title='bbox 655 3381 733 3446; x_wconf 85' lang='lat' dir='ltr'><strong>quae</strong></span> <span class='ocrx_word' id='word_1_129' title='bbox 755 3371 897 3445; x_wconf 88' lang='lat' dir='ltr'><strong>repetere</strong></span> <span class='ocrx_word' id='word_1_130' title='bbox 918 3381 1048 3427; x_wconf 89' lang='lat' dir='ltr'><strong>necesse</strong></span> <span class='ocrx_word' id='word_1_131' title='bbox 1070 3381 1131 3427; x_wconf 90' lang='lat' dir='ltr'><strong>non</strong></span> <span class='ocrx_word' id='word_1_132' title='bbox 1153 3371 1210 3427; x_wconf 85' lang='lat' dir='ltr'><strong>est.</strong></span> <span class='ocrx_word' id='word_1_133' title='bbox 1254 3363 1318 3427; x_wconf 89' lang='lat' dir='ltr'><strong>Nec</strong></span> <span class='ocrx_word' id='word_1_134' title='bbox 1340 3366 1435 3428; x_wconf 90' lang='lat' dir='ltr'><strong>minus</strong></span> <span class='ocrx_word' id='word_1_135' title='bbox 1458 3363 1635 3427; x_wconf 86' lang='lat' dir='ltr'><strong>laudatura</strong></span> <span class='ocrx_word' id='word_1_136' title='bbox 1748 3369 1751 3376; x_wconf 88' lang='lat'>&#39;</span> 
     </span>
     <span class='ocr_line' id='line_1_20' title="bbox 273 3461 1634 3546; baseline -0.003 -16"><span class='ocrx_word' id='word_1_137' title='bbox 273 3465 368 3546; x_wconf 79' lang='lat' dir='ltr'><strong>Syris,</strong></span> <span class='ocrx_word' id='word_1_138' title='bbox 391 3482 478 3546; x_wconf 88' lang='lat' dir='ltr'><strong>quarn</strong></span> <span class='ocrx_word' id='word_1_139' title='bbox 502 3481 518 3524; x_wconf 91' lang='lat' dir='ltr'><strong>a</strong></span> <span class='ocrx_word' id='word_1_140' title='bbox 541 3463 604 3526; x_wconf 91' lang='lat' dir='ltr'><strong>suis</strong></span> <span class='ocrx_word' id='word_1_141' title='bbox 626 3461 852 3538; x_wconf 82' lang='lat' dir='ltr'><strong>Alexandrinis3</strong></span> <span class='ocrx_word' id='word_1_142' title='bbox 880 3463 937 3525; x_wconf 91' lang='lat' dir='ltr'><strong>etsi</strong></span> <span class='ocrx_word' id='word_1_143' title='bbox 967 3463 1046 3524; x_wconf 91' lang='lat' dir='ltr'><strong>inter</strong></span> <span class='ocrx_word' id='word_1_144' title='bbox 1071 3461 1140 3525; x_wconf 90' lang='lat' dir='ltr'><strong>illos</strong></span> <span class='ocrx_word' id='word_1_145' title='bbox 1162 3462 1259 3524; x_wconf 89' lang='lat' dir='ltr'><strong>rarius</strong></span> <span class='ocrx_word' id='word_1_146' title='bbox 1281 3479 1388 3525; x_wconf 89' lang='lat' dir='ltr'><strong>nomen</strong></span> <span class='ocrx_word' id='word_1_147' title='bbox 1412 3463 1477 3544; x_wconf 90' lang='lat' dir='ltr'><strong>ejus</strong></span> <span class='ocrx_word' id='word_1_148' title='bbox 1499 3481 1634 3526; x_wconf 92' lang='lat' dir='ltr'><strong>comme-</strong></span> 
     </span>
     <span class='ocr_line' id='line_1_21' title="bbox 271 3561 1957 3644; baseline 0.001 -17"><span class='ocrx_word' id='word_1_149' title='bbox 271 3571 406 3627; x_wconf 88' lang='lat' dir='ltr'><strong>moretur</strong></span> <span class='ocrx_word' id='word_1_150' title='bbox 428 3561 641 3644; x_wconf 79' lang='lat' dir='ltr'><strong>inDiptychis:</strong></span> <span class='ocrx_word' id='word_1_151' title='bbox 664 3561 718 3624; x_wconf 91' lang='lat' dir='ltr'><strong>sed</strong></span> <span class='ocrx_word' id='word_1_152' title='bbox 741 3561 918 3625; x_wconf 91' lang='lat' dir='ltr'><strong>inomnibus</strong></span> <span class='ocrx_word' id='word_1_153' title='bbox 940 3561 1024 3626; x_wconf 89' lang='lat' dir='ltr'><strong>libris</strong></span> <span class='ocrx_word' id='word_1_154' title='bbox 1047 3561 1271 3625; x_wconf 86' lang='lat' dir='ltr'><strong>commandatur</strong></span> <span class='ocrx_word' id='word_1_155' title='bbox 1292 3579 1491 3644; x_wconf 81' lang='lat' dir='ltr'><strong>magnopere,</strong></span> <span class='ocrx_word' id='word_1_156' title='bbox 1513 3571 1544 3626; x_wconf 89' lang='lat' dir='ltr'><strong>et</strong></span> <span class='ocrx_word' id='word_1_157' title='bbox 1565 3583 1634 3627; x_wconf 92' lang='lat' dir='ltr'><strong>me·</strong></span> <span class='ocrx_word' id='word_1_158' title='bbox 1696 3569 1758 3622; x_wconf 75' lang='lat' dir='ltr'><strong>rme.</strong></span> <span class='ocrx_word' id='word_1_159' title='bbox 1786 3569 1856 3627; x_wconf 76' lang='lat' dir='ltr'><strong>Pau.</strong></span> <span class='ocrx_word' id='word_1_160' title='bbox 1880 3572 1957 3628; x_wconf 72' lang='lat' dir='ltr'><strong>Alce.</strong></span> 
     </span>
     <span class='ocr_line' id='line_1_22' title="bbox 272 3656 1768 3744; baseline 0.001 -18"><span class='ocrx_word' id='word_1_161' title='bbox 272 3663 365 3727; x_wconf 88' lang='lat' dir='ltr'><strong>moria</strong></span> <span class='ocrx_word' id='word_1_162' title='bbox 394 3663 460 3744; x_wconf 89' lang='lat' dir='ltr'><strong>ejus</strong></span> <span class='ocrx_word' id='word_1_163' title='bbox 488 3661 633 3744; x_wconf 81' lang='lat' dir='ltr'><strong>religiose</strong></span> <span class='ocrx_word' id='word_1_164' title='bbox 663 3668 801 3744; x_wconf 88' lang='lat' dir='ltr'><strong>tauquam</strong></span> <span class='ocrx_word' id='word_1_165' title='bbox 838 3662 935 3724; x_wconf 90' lang='lat' dir='ltr'><strong>sancti</strong></span> <span class='ocrx_word' id='word_1_166' title='bbox 965 3661 1089 3740; x_wconf 87' lang='lat' dir='ltr'><strong>colitur,</strong></span> <span class='ocrx_word' id='word_1_167' title='bbox 1126 3670 1159 3724; x_wconf 92' lang='lat' dir='ltr'><strong>ut</strong></span> <span class='ocrx_word' id='word_1_168' title='bbox 1195 3668 1279 3744; x_wconf 88' lang='lat' dir='ltr'><strong>patet</strong></span> <span class='ocrx_word' id='word_1_169' title='bbox 1312 3679 1352 3724; x_wconf 86' lang='lat' dir='ltr'><strong>ex</strong></span> <span class='ocrx_word' id='word_1_170' title='bbox 1387 3660 1574 3726; x_wconf 79' lang='lat' dir='ltr'><strong>calendariis</strong></span> <span class='ocrx_word' id='word_1_171' title='bbox 1603 3671 1634 3727; x_wconf 90' lang='lat' dir='ltr'><strong>et</strong></span> <span class='ocrx_word' id='word_1_172' title='bbox 1660 3674 1687 3726; x_wconf 85' lang='lat' dir='ltr'><strong>p.</strong></span> <span class='ocrx_word' id='word_1_173' title='bbox 1707 3656 1768 3709; x_wconf 73' lang='lat'><strong>¹¹⁴·</strong></span> 
     </span>
     <span class='ocr_line' id='line_1_23' title="bbox 272 3760 1633 3845; baseline -0.002 -17"><span class='ocrx_word' id='word_1_174' title='bbox 272 3761 440 3845; x_wconf 80' lang='lat' dir='ltr'><strong>Synaxorio</strong></span> <span class='ocrx_word' id='word_1_175' title='bbox 464 3761 650 3842; x_wconf 86' lang='lat' dir='ltr'><strong>Coptitarum</strong></span> <span class='ocrx_word' id='word_1_176' title='bbox 671 3760 734 3823; x_wconf 85' lang='lat' dir='ltr'><strong>vil.</strong></span> <span class='ocrx_word' id='word_1_177' title='bbox 756 3763 869 3824; x_wconf 91' lang='lat' dir='ltr'><strong>mensis</strong></span> <span class='ocrx_word' id='word_1_178' title='bbox 891 3761 979 3839; x_wconf 81' lang='lat' dir='ltr'><strong>loth,</strong></span> <span class='ocrx_word' id='word_1_179' title='bbox 1002 3763 1052 3844; x_wconf 87' lang='lat' dir='ltr'><strong>qui</strong></span> <span class='ocrx_word' id='word_1_180' title='bbox 1074 3762 1187 3843; x_wconf 88' lang='lat' dir='ltr'><strong>primus</strong></span> <span class='ocrx_word' id='word_1_181' title='bbox 1210 3769 1257 3825; x_wconf 88' lang='lat' dir='ltr'><strong>ast</strong></span> <span class='ocrx_word' id='word_1_182' title='bbox 1279 3762 1348 3824; x_wconf 89' lang='lat' dir='ltr'><strong>anni</strong></span> <span class='ocrx_word' id='word_1_183' title='bbox 1359 3761 1551 3845; x_wconf 83' lang='lat' dir='ltr'><strong>Aegyptiaci,</strong></span> <span class='ocrx_word' id='word_1_184' title='bbox 1573 3780 1633 3826; x_wconf 89' lang='lat' dir='ltr'><strong>non</strong></span> 
     </span>
     <span class='ocr_line' id='line_1_24' title="bbox 272 3857 1791 3944; baseline 0.001 -18"><span class='ocrx_word' id='word_1_185' title='bbox 272 3871 371 3941; x_wconf 86' lang='lat' dir='ltr'><strong>sexta,</strong></span> <span class='ocrx_word' id='word_1_186' title='bbox 393 3866 427 3922; x_wconf 90' lang='lat' dir='ltr'><strong>ut</strong></span> <span class='ocrx_word' id='word_1_187' title='bbox 447 3876 609 3940; x_wconf 87' lang='lat' dir='ltr'><strong>perperam</strong></span> <span class='ocrx_word' id='word_1_188' title='bbox 635 3857 746 3923; x_wconf 89' lang='lat' dir='ltr'><strong>editum</strong></span> <span class='ocrx_word' id='word_1_189' title='bbox 775 3868 822 3944; x_wconf 85' lang='lat' dir='ltr'><strong>est</strong></span> <span class='ocrx_word' id='word_1_190' title='bbox 849 3861 879 3922; x_wconf 93' lang='lat' dir='ltr'><strong>in</strong></span> <span class='ocrx_word' id='word_1_191' title='bbox 902 3862 966 3943; x_wconf 89' lang='lat' dir='ltr'><strong>ejus</strong></span> <span class='ocrx_word' id='word_1_192' title='bbox 990 3862 1060 3925; x_wconf 92' lang='lat' dir='ltr'><strong>vita.</strong></span> <span class='ocrx_word' id='word_1_193' title='bbox 1103 3860 1212 3925; x_wconf 81' lang='lat' dir='ltr'><strong>liarior</strong></span> <span class='ocrx_word' id='word_1_194' title='bbox 1238 3867 1337 3924; x_wconf 89' lang='lat' dir='ltr'><strong>tamen</strong></span> <span class='ocrx_word' id='word_1_195' title='bbox 1364 3859 1452 3944; x_wconf 88' lang='lat' dir='ltr'><strong>hujus</strong></span> <span class='ocrx_word' id='word_1_196' title='bbox 1481 3860 1633 3944; x_wconf 79' lang='lat' dir='ltr'><strong>liturgiae</strong></span> <span class='ocrx_word' id='word_1_197' title='bbox 1681 3871 1711 3925; x_wconf 82' lang='lat' dir='ltr'><strong>P.</strong></span> <span class='ocrx_word' id='word_1_198' title='bbox 1730 3873 1791 3928; x_wconf 82' lang='lat'><strong><em>120.</em></strong></span> 
     </span>
     <span class='ocr_line' id='line_1_25' title="bbox 271 3955 1891 4044; baseline -0.002 -19"><span class='ocrx_word' id='word_1_199' title='bbox 271 3979 346 4025; x_wconf 89' lang='lat' dir='ltr'><strong>usus</strong></span> <span class='ocrx_word' id='word_1_200' title='bbox 369 3967 416 4023; x_wconf 90' lang='lat' dir='ltr'><strong>est</strong></span> <span class='ocrx_word' id='word_1_201' title='bbox 439 3957 517 4040; x_wconf 91' lang='lat' dir='ltr'><strong>apud</strong></span> <span class='ocrx_word' id='word_1_202' title='bbox 541 3958 653 4040; x_wconf 79' lang='lat' dir='ltr'><strong>Syros,</strong></span> <span class='ocrx_word' id='word_1_203' title='bbox 682 3975 738 4022; x_wconf 90' lang='lat' dir='ltr'><strong>nec</strong></span> <span class='ocrx_word' id='word_1_204' title='bbox 760 3958 912 4022; x_wconf 86' lang='lat' dir='ltr'><strong>inuenitur</strong></span> <span class='ocrx_word' id='word_1_205' title='bbox 940 3961 971 4022; x_wconf 89' lang='lat' dir='ltr'><strong>in</strong></span> <span class='ocrx_word' id='word_1_206' title='bbox 1000 3959 1100 4024; x_wconf 92' lang='lat' dir='ltr'><strong>multis</strong></span> <span class='ocrx_word' id='word_1_207' title='bbox 1128 3959 1299 4024; x_wconf 90' lang='lat' dir='ltr'><strong>Codicibus.</strong></span> <span class='ocrx_word' id='word_1_208' title='bbox 1345 3961 1518 4044; x_wconf 82' lang='lat' dir='ltr'><strong>¹ltetbiopes</strong></span> <span class='ocrx_word' id='word_1_209' title='bbox 1544 3980 1633 4024; x_wconf 87' lang='lat' dir='ltr'><strong>onam</strong></span> <span class='ocrx_word' id='word_1_210' title='bbox 1887 3955 1891 3962; x_wconf 79' lang='grc'><strong>’</strong></span> 
     </span>
     <span class='ocr_line' id='line_1_26' title="bbox 271 4057 1634 4142; baseline -0.001 -17"><span class='ocrx_word' id='word_1_211' title='bbox 271 4061 383 4125; x_wconf 85' lang='lat' dir='ltr'><strong>babent</strong></span> <span class='ocrx_word' id='word_1_212' title='bbox 404 4060 471 4141; x_wconf 91' lang='lat' dir='ltr'><strong>ejus</strong></span> <span class='ocrx_word' id='word_1_213' title='bbox 493 4060 613 4121; x_wconf 90' lang='lat' dir='ltr'><strong>nomine</strong></span> <span class='ocrx_word' id='word_1_214' title='bbox 635 4075 713 4142; x_wconf 88' lang='lat' dir='ltr'><strong>quae</strong></span> <span class='ocrx_word' id='word_1_215' title='bbox 725 4058 904 4140; x_wconf 78' lang='lat' dir='ltr'><strong>Aethiopica</strong></span> <span class='ocrx_word' id='word_1_216' title='bbox 926 4066 957 4123; x_wconf 88' lang='lat' dir='ltr'><strong>at</strong></span> <span class='ocrx_word' id='word_1_217' title='bbox 974 4057 1079 4124; x_wconf 90' lang='lat' dir='ltr'><strong>Latine</strong></span> <span class='ocrx_word' id='word_1_218' title='bbox 1103 4077 1182 4123; x_wconf 88' lang='lat' dir='ltr'><strong>auno</strong></span> <span class='ocrx_word' id='word_1_219' title='bbox 1198 4059 1382 4123; x_wconf 87' lang='lat' dir='ltr'><strong>leCLXlll.</strong></span> <span class='ocrx_word' id='word_1_220' title='bbox 1405 4059 1533 4124; x_wconf 90' lang='lat' dir='ltr'><strong>Londini</strong></span> <span class='ocrx_word' id='word_1_221' title='bbox 1554 4060 1634 4125; x_wconf 88' lang='lat' dir='ltr'><strong>edita</strong></span> 
     </span>
     <span class='ocr_line' id='line_1_27' title="bbox 271 4156 1633 4243; baseline 0 -19"><span class='ocrx_word' id='word_1_222' title='bbox 271 4162 326 4224; x_wconf 88' lang='lat' dir='ltr'><strong>iuit</strong></span> <span class='ocrx_word' id='word_1_223' title='bbox 348 4157 568 4238; x_wconf 85' lang='lat' dir='ltr'><strong>uWanslebio,</strong></span> <span class='ocrx_word' id='word_1_224' title='bbox 591 4176 659 4222; x_wconf 90' lang='lat' dir='ltr'><strong>curn</strong></span> <span class='ocrx_word' id='word_1_225' title='bbox 681 4156 766 4220; x_wconf 85' lang='lat' dir='ltr'><strong>titulo</strong></span> <span class='ocrx_word' id='word_1_226' title='bbox 788 4159 884 4221; x_wconf 87' lang='lat' dir='ltr'><strong>sancti</strong></span> <span class='ocrx_word' id='word_1_227' title='bbox 898 4159 1048 4225; x_wconf 88' lang='lat' dir='ltr'><strong>Dioscuri.</strong></span> <span class='ocrx_word' id='word_1_228' title='bbox 1094 4159 1200 4241; x_wconf 88' lang='lat' dir='ltr'><strong>Neque</strong></span> <span class='ocrx_word' id='word_1_229' title='bbox 1222 4161 1247 4223; x_wconf 89' lang='lat' dir='ltr'><strong>is</strong></span> <span class='ocrx_word' id='word_1_230' title='bbox 1270 4167 1318 4222; x_wconf 89' lang='lat' dir='ltr'><strong>est</strong></span> <span class='ocrx_word' id='word_1_231' title='bbox 1340 4161 1426 4243; x_wconf 90' lang='lat' dir='ltr'><strong>cujus</strong></span> <span class='ocrx_word' id='word_1_232' title='bbox 1450 4179 1633 4224; x_wconf 90' lang='lat' dir='ltr'><strong>commemo-</strong></span> 
     </span>
     <span class='ocr_line' id='line_1_28' title="bbox 271 4255 1633 4344; baseline 0.001 -21"><span class='ocrx_word' id='word_1_233' title='bbox 271 4261 349 4323; x_wconf 89' lang='lat' dir='ltr'><strong>ratio</strong></span> <span class='ocrx_word' id='word_1_234' title='bbox 371 4258 403 4320; x_wconf 88' lang='lat' dir='ltr'><strong>lit</strong></span> <span class='ocrx_word' id='word_1_235' title='bbox 428 4255 518 4320; x_wconf 84' lang='lat' dir='ltr'><strong>XVll.</strong></span> <span class='ocrx_word' id='word_1_236' title='bbox 541 4257 634 4336; x_wconf 87' lang='lat' dir='ltr'><strong>Baini,</strong></span> <span class='ocrx_word' id='word_1_237' title='bbox 658 4264 690 4319; x_wconf 83' lang='lat' dir='ltr'><strong>ut</strong></span> <span class='ocrx_word' id='word_1_238' title='bbox 717 4257 814 4320; x_wconf 89' lang='lat' dir='ltr'><strong>voluit</strong></span> <span class='ocrx_word' id='word_1_239' title='bbox 835 4257 989 4339; x_wconf 87' lang='lat' dir='ltr'><strong>Ludolius,</strong></span> <span class='ocrx_word' id='word_1_240' title='bbox 1013 4259 1068 4323; x_wconf 89' lang='lat' dir='ltr'><strong>sed</strong></span> <span class='ocrx_word' id='word_1_241' title='bbox 1090 4257 1196 4322; x_wconf 90' lang='lat' dir='ltr'><strong>XXXl.</strong></span> <span class='ocrx_word' id='word_1_242' title='bbox 1219 4257 1390 4323; x_wconf 87' lang='lat' dir='ltr'><strong>Patriarcba</strong></span> <span class='ocrx_word' id='word_1_243' title='bbox 1409 4261 1514 4344; x_wconf 89' lang='lat' dir='ltr'><strong>junior</strong></span> <span class='ocrx_word' id='word_1_244' title='bbox 1540 4261 1633 4344; x_wconf 83' lang='lat' dir='ltr'><strong>vulgo</strong></span> 
     </span>
     <span class='ocr_line' id='line_1_29' title="bbox 272 4357 450 4444; baseline -0.006 -23"><span class='ocrx_word' id='word_1_245' title='bbox 272 4357 450 4444; x_wconf 85' lang='lat' dir='ltr'><strong>appellatus.</strong></span> 
     </span>
    </p>
   </div>
   <div class='ocr_carea' id='block_1_8' title="bbox 532 4635 1383 4732">
    <p class='ocr_par' dir='ltr' id='par_1_10' title="bbox 532 4635 1383 4732">
     <span class='ocr_line' id='line_1_30' title="bbox 532 4635 1383 4732; baseline 0.005 -26"><span class='ocrx_word' id='word_1_246' title='bbox 532 4635 567 4706; x_wconf 87' lang='lat'><strong>2.</strong></span> <span class='ocrx_word' id='word_1_247' title='bbox 609 4636 803 4709; x_wconf 80' lang='lat' dir='ltr'><strong>Natiuitatc</strong></span> <span class='ocrx_word' id='word_1_248' title='bbox 828 4637 979 4709; x_wconf 64' lang='grc' dir='ltr'><strong>ποιητοῖο·</strong></span> <span class='ocrx_word' id='word_1_249' title='bbox 1005 4643 1040 4709; x_wconf 86' lang='lat' dir='ltr'><strong>el</strong></span> <span class='ocrx_word' id='word_1_250' title='bbox 1064 4659 1132 4708; x_wconf 82' lang='lat' dir='ltr'><strong>uon</strong></span> <span class='ocrx_word' id='word_1_251' title='bbox 1155 4639 1383 4732; x_wconf 75' lang='lat' dir='ltr'><strong>phantastico.</strong></span> 
     </span>
    </p>
   </div>
   <div class='ocr_carea' id='block_1_9' title="bbox 370 4827 1635 4926">
    <p class='ocr_par' dir='ltr' id='par_1_11' title="bbox 370 4827 1635 4926">
     <span class='ocr_line' id='line_1_31' title="bbox 370 4827 1635 4926; baseline -0.001 -20"><span class='ocrx_word' id='word_1_252' title='bbox 370 4827 462 4906; x_wconf 69' lang='lat' dir='ltr'><strong>llum</strong></span> <span class='ocrx_word' id='word_1_253' title='bbox 483 4845 610 4916; x_wconf 85' lang='lat' dir='ltr'><strong>temere,</strong></span> <span class='ocrx_word' id='word_1_254' title='bbox 633 4848 684 4904; x_wconf 84' lang='lat' dir='ltr'><strong>aut</strong></span> <span class='ocrx_word' id='word_1_255' title='bbox 706 4842 839 4905; x_wconf 85' lang='lat' dir='ltr'><strong>oratorie</strong></span> <span class='ocrx_word' id='word_1_256' title='bbox 862 4840 941 4906; x_wconf 89' lang='lat' dir='ltr'><strong>dicta</strong></span> <span class='ocrx_word' id='word_1_257' title='bbox 963 4859 1024 4906; x_wconf 90' lang='lat' dir='ltr'><strong>non</strong></span> <span class='ocrx_word' id='word_1_258' title='bbox 1050 4850 1133 4921; x_wconf 89' lang='lat' dir='ltr'><strong>sunt,</strong></span> <span class='ocrx_word' id='word_1_259' title='bbox 1161 4849 1194 4904; x_wconf 93' lang='lat' dir='ltr'><strong>ut</strong></span> <span class='ocrx_word' id='word_1_260' title='bbox 1216 4842 1379 4906; x_wconf 85' lang='lat' dir='ltr'><strong>existimari</strong></span> <span class='ocrx_word' id='word_1_261' title='bbox 1400 4844 1499 4908; x_wconf 89' lang='lat' dir='ltr'><strong>statim</strong></span> <span class='ocrx_word' id='word_1_262' title='bbox 1519 4851 1635 4926; x_wconf 89' lang='lat' dir='ltr'><strong>posset,</strong></span> 
     </span>
    </p>
   </div>
   <div class='ocr_carea' id='block_1_10' title="bbox 273 4941 1635 5128">
    <p class='ocr_par' dir='ltr' id='par_1_12' title="bbox 273 4941 1635 5128">
     <span class='ocr_line' id='line_1_32' title="bbox 273 4941 1635 5030; baseline 0.001 -21"><span class='ocrx_word' id='word_1_263' title='bbox 273 4941 328 5009; x_wconf 86' lang='lat' dir='ltr'><strong>sed</strong></span> <span class='ocrx_word' id='word_1_264' title='bbox 357 4951 442 5006; x_wconf 91' lang='lat' dir='ltr'><strong>certo</strong></span> <span class='ocrx_word' id='word_1_265' title='bbox 470 4943 606 5007; x_wconf 88' lang='lat' dir='ltr'><strong>oonsilio.</strong></span> <span class='ocrx_word' id='word_1_266' title='bbox 662 4944 737 5008; x_wconf 88' lang='lat' dir='ltr'><strong>Nam</strong></span> <span class='ocrx_word' id='word_1_267' title='bbox 765 4965 831 5008; x_wconf 91' lang='lat' dir='ltr'><strong>cnm</strong></span> <span class='ocrx_word' id='word_1_268' title='bbox 858 4953 1016 5009; x_wconf 86' lang='lat' dir='ltr'><strong>accusatus</strong></span> <span class='ocrx_word' id='word_1_269' title='bbox 1047 4953 1129 5010; x_wconf 88' lang='lat' dir='ltr'><strong>esset</strong></span> <span class='ocrx_word' id='word_1_270' title='bbox 1154 4943 1337 5025; x_wconf 88' lang='lat' dir='ltr'><strong>Dioscorus,</strong></span> <span class='ocrx_word' id='word_1_271' title='bbox 1369 4947 1449 5028; x_wconf 87' lang='lat' dir='ltr'><strong>quod</strong></span> <span class='ocrx_word' id='word_1_272' title='bbox 1476 4947 1635 5030; x_wconf 78' lang='lat' dir='ltr'><strong>Eutychen</strong></span> 
     </span>
     <span class='ocr_line' id='line_1_33' title="bbox 273 5041 1634 5128; baseline 0.004 -24"><span class='ocrx_word' id='word_1_273' title='bbox 273 5041 461 5106; x_wconf 81' lang='lat' dir='ltr'><strong>haereticum</strong></span> <span class='ocrx_word' id='word_1_274' title='bbox 483 5041 680 5107; x_wconf 87' lang='lat' dir='ltr'><strong>absolvisset:</strong></span> <span class='ocrx_word' id='word_1_275' title='bbox 710 5061 727 5106; x_wconf 87' lang='lat' dir='ltr'><strong>a</strong></span> <span class='ocrx_word' id='word_1_276' title='bbox 749 5043 901 5127; x_wconf 87' lang='lat' dir='ltr'><strong>plerisque</strong></span> <span class='ocrx_word' id='word_1_277' title='bbox 923 5045 961 5109; x_wconf 89' lang='lat' dir='ltr'><strong>de</strong></span> <span class='ocrx_word' id='word_1_278' title='bbox 983 5043 1088 5110; x_wconf 88' lang='lat' dir='ltr'><strong>eadem</strong></span> <span class='ocrx_word' id='word_1_279' title='bbox 1110 5043 1230 5106; x_wconf 87' lang='lat' dir='ltr'><strong>haeresi</strong></span> <span class='ocrx_word' id='word_1_280' title='bbox 1259 5043 1426 5128; x_wconf 79' lang='lat' dir='ltr'><strong>postulatus</strong></span> <span class='ocrx_word' id='word_1_281' title='bbox 1449 5053 1512 5126; x_wconf 87' lang='lat' dir='ltr'><strong>ast,</strong></span> <span class='ocrx_word' id='word_1_282' title='bbox 1542 5045 1634 5128; x_wconf 86' lang='lat' dir='ltr'><strong>idque</strong></span> 
     </span>
    </p>
   </div>
   <div class='ocr_carea' id='block_1_11' title="bbox 0 0 2375 6036">
    <p class='ocr_par' dir='ltr' id='par_1_13' title="bbox 0 0 2375 6036">
     <span class='ocr_line' id='line_1_34' title="bbox 0 0 2375 6036; baseline 0 0"><span class='ocrx_word' id='word_1_283' title='bbox 0 0 2375 6036; x_wconf 95' lang='lat' dir='ltr'><strong> </strong></span> 
     </span>
    </p>
   </div>
  </div>
 </body>
</html>
