4728 6028
1155 343 1174 380 Ν

544 630 555 648 .
635 561 761 641 NOTAE
786 564 828 640 lll
852 559 1058 640 LITUROIAll
1083 561 1191 638 PETRI
1216 563 1251 640 ll.
1550 559 1620 638 161

258 769 338 818 nom.
382 749 427 814 Ea
449 749 514 813 sola
536 748 654 812 ratione
675 747 747 810 satis
770 755 887 812 constat
908 745 1072 828 liturgiam
1092 746 1179 808 istam
1201 745 1344 810 abatinis
1366 743 1543 824 hominibus,
1564 744 1625 808 illis

258 851 436 933 praesertim
466 867 542 931 quos
569 847 660 912 realis
683 848 874 929 praesentiae
896 845 983 910 Odem
1006 847 1037 907 in
1059 844 1183 908 Oriente
1206 862 1395 928 propagasse
1416 844 1624 908 Protestantes

259 949 374 1026 volunt,
395 946 605 1029 interpolatam
626 963 687 1008 non
710 945 813 1010 luisse.
842 944 931 1008 Nullo
954 945 1031 1008 enim
1053 951 1191 1006 veterum
1213 945 1364 1026 exemplo,
1386 942 1480 1007 verba
1503 942 1625 1008 Christi.

258 1049 323 1111 Hoc
336 1055 502 1128 estcorpos
518 1067 624 1126 meum,
647 1045 705 1107 llic
726 1053 773 1107 est
793 1045 879 1106 calio
900 1043 1148 1124 semiclerici,
1170 1051 1225 1107 etc.
1250 1045 1433 1123 omittuntur,
1456 1043 1627 1105 reclaman-

258 1145 337 1208 tibus
359 1145 484 1228 reliquis
507 1147 644 1210 omnibus
667 1144 882 1226 cujuscumque
904 1141 1204 1226 sectaeautlinguae
1219 1143 1421 1207 Orientalibus
1438 1143 1624 1207 Christianis.

260 1245 378 1326 Quippe
405 1248 431 1308 si
461 1254 524 1310 tres
548 1251 598 1308 aut
621 1252 749 1326 quatuor
771 1243 912 1324 Syriacas
934 1242 1084 1324 liturgias
1107 1243 1289 1323 excipimus,
1319 1261 1397 1324 quae
1420 1242 1528 1306 eodem
1550 1241 1623 1304 vitio

258 1343 406 1423 laborant,
430 1344 512 1408 nulla
534 1352 580 1407 est
593 1347 680 1426 'quae
703 1342 851 1406 hocloco
874 1360 961 1406 sacra
984 1341 1034 1403 illa
1055 1340 1150 1404 verba
1162 1359 1222 1404 non
1233 1348 1459 1423 repraesentet:
1484 1341 1624 1424 quodque

258 1443 419 1507 notandum
434 1445 560 1507 maxime
583 1450 641 1522 est,
664 1462 732 1506 cum
752 1461 811 1505 una
833 1442 949 1504 illarum
971 1459 1007 1502 ea
1029 1441 1068 1502 sit
1091 1439 1357 1521 quanionysium
1367 1439 1512 1502 Barsalibi
1534 1446 1624 1502 auto-

259 1560 322 1605 rem
344 1542 448 1620 babet,
478 1543 597 1624 ipsein
620 1528 839 1605 Commentario
863 1539 900 1602 ad
921 1539 1027 1602 Jacobi
1048 1539 1228 1621 Liturgiam,
1251 1539 1445 1620 pronunciari
1469 1539 1580 1602 debere
1604 1555 1623 1600 a

260 1639 422 1705 Sacerdote
445 1643 551 1706 eadem
572 1640 666 1704 verba
689 1639 780 1702 docet
802 1638 973 1721 perspicue.
1020 1639 1099 1700 Vere
1127 1638 1220 1720 igitur
1238 1647 1366 1720 questus
1388 1646 1436 1701 cst
1457 1637 1495 1704 de
1517 1639 1624 1702 lllaro-

258 1741 325 1802 nitis
348 1740 386 1802 ad
408 1758 483 1822 quos
507 1741 651 1803 visitator
671 1738 866 1821 Apostolicus
889 1731 996 1800 missus
1020 1736 1117 1799 luerat
1138 1736 1337 1819 Hieronymus
1355 1737 1520 1816 Dandinus,
1543 1737 1625 1820 quod

257 1839 289 1900 in
317 1838 431 1920 aliquot
459 1857 563 1902 eorum
590 1838 743 1902 codicibus
771 1837 803 1900 id
827 1837 931 1900 vitium
952 1835 1163 1899 observasset:
1194 1837 1328 1916 quamvis
1359 1851 1419 1898 non
1449 1843 1553 1900 essent
1582 1835 1625 1899 illi

257 1937 472 2002 Maronitarum
501 1939 634 2019 proprii,
663 1937 719 2000 sed
747 1936 960 2000 Jacobitarum,
1004 1935 1157 2016 Interpres
1186 1943 1216 1998 et
1238 1942 1455 1998 commentator
1476 1934 1625 1998 itinerarii

256 2035 386 2100 Dandini
408 2038 555 2101 llicardus
577 2039 688 2116 Simon,
711 2055 778 2099 cum
800 2043 945 2117 excerpta
968 2034 1081 2114 aliquot
1098 2033 1299 2118 liturgiarum
1322 2035 1468 2117 ejusmodi
1483 2054 1499 2098 a
1513 2035 1624 2097 Fausto

257 2136 391 2222 Nairono
414 2137 594 2217 accepisset,
617 2135 739 2218 longam
754 2155 791 2198 ea
807 2135 968 2198 occasione
984 2133 1219 2214 disquisitionem
1233 2135 1369 2212 instituit,
1392 2151 1469 2216 quae
1491 2133 1625 2197 colorem

257 2237 388 2318 aliquem
409 2237 545 2300 veritatis
568 2234 689 2298 babebit
715 2236 794 2317 apud
816 2233 990 2313 nonnullos,
1013 2233 1069 2297 sed
1091 2233 1127 2296 ab
1149 2234 1199 2296 illa
1222 2233 1308 2298 abest
1330 2253 1417 2317 pam
1438 2221 1625 2318 longissime

259 2335 347 2409 Quod
376 2335 456 2397 enim
484 2333 706 2399 invocationem
735 2334 834 2398 sancti
862 2333 990 2416 Spiritus
1020 2351 1097 2416 quae
1125 2333 1215 2414 paulo
1244 2343 1314 2416 post
1340 2334 1498 2417 subjicitur
1519 2332 1625 2396 iisdem

257 2433 371 2514 verbis,
394 2441 485 2517 atque
507 2435 538 2497 in
560 2434 702 2517 Liturgiis
725 2433 848 2496 Graccis
872 2439 969 2513 extat,
991 2433 1108 2496 videret
1130 2431 1167 2494 ab
1190 2432 1405 2516 Orientalibus,
1426 2451 1535 2520 magna
1558 2451 1626 2496 cum

258 2535 430 2598 reverentia
453 2534 656 2615 pronunciari,
679 2533 863 2596 existimavit
890 2534 937 2608 vir
959 2532 1110 2609 eruditus,
1139 2540 1172 2595 ut
1199 2531 1352 2610 Graecos,
1382 2533 1423 2597 ita
1453 2531 1625 2597 Orientales

261 2634 310 2715 qui
333 2631 468 2696 eamdem
484 2633 658 2696 Orationem
674 2630 794 2712 habent,
818 2639 909 2694 totam
932 2632 1129 2694 consecrandi
1148 2633 1211 2695 vim
1234 2631 1292 2694 illis
1315 2632 1492 2696 attribuere:
1515 2631 1626 2695 nullam

262 2739 311 2795 aut
331 2733 473 2816 exiguam
495 2731 596 2795 verbis
619 2732 793 2794 Dominicis.
838 2731 880 2794 At
901 2749 999 2814 neque
1024 2730 1141 2813 Graeci,
1164 2750 1264 2814 neque
1285 2733 1353 2814 ipse
1375 2732 1496 2795 llarcus
1520 2729 1626 2812 Ephe-

262 2832 332 2910 sius,
356 2849 445 2912 quem
467 2833 581 2895 erroris
604 2831 799 2894 architectum
822 2849 891 2894 esse
914 2831 1035 2911 volunt,
1067 2833 1096 2893 in
1120 2849 1156 2894 ea
1180 2850 1310 2916 unquam
1331 2831 1472 2914 opinione
1494 2830 1626 2906 luerunt,

262 2931 313 2994 sed
336 2930 409 2994 illud
432 2931 521 2994 modo
542 2929 675 3012 probare
697 2929 839 3014 aggressi
861 2937 940 3009 sunt,
963 2947 1025 2994 uon
1040 2930 1117 2994 solis
1126 2931 1229 2996 verbis
1241 2930 1396 2996 dominicis
1409 2930 1627 2994 Eucharistiam

264 3029 445 3114 consecrari.
488 3029 595 3113 Neque
619 3027 802 3093 Catholicam
825 3028 1004 3110 doctrinam,
1034 3030 1089 3094 sed
1112 3030 1279 3112 aliquorum
1306 3029 1531 3116 'lbeologcrum
1557 3028 1627 3109 pla-

264 3127 320 3188 cita
349 3128 573 3211 impugnabant,
597 3147 700 3222 eorqm
731 3128 865 3210 scilicet,
896 3129 946 3210 qui
974 3129 1076 3192 verbis
1106 3129 1170 3192 istis
1201 3137 1288 3192 extra
1315 3147 1433 3192 sacram
1465 3131 1624 3204 actionem,

264 3225 376 3306 absque
405 3227 526 3306 ritibus,
556 3237 585 3292 et
614 3229 810 3292 caeremoniis
838 3227 1050 3309 praescriptis,
1081 3247 1270 3310 quocumque
1297 3229 1385 3292 modo
1416 3236 1467 3291 aut
1493 3228 1561 3290 loco
1590 3245 1627 3289 ea

262 3326 479 3407 proferrentur,
503 3329 762 3391 consecrationem
783 3327 889 3408 perlici
912 3318 1144 3392 contendebant.
1171 3328 1231 3392 Sed
1252 3346 1352 3409 neque
1375 3329 1424 3391 vel
1438 3347 1497 3391 una
1510 3327 1628 3390 Graeca

262 3421 396 3508 liturgia
418 3435 465 3490 est
487 3435 538 3488 aut
560 3427 625 3508 luit,
648 3446 725 3511 quae
749 3433 867 3490 careret
888 3427 983 3489 sacris
1013 3427 1071 3490 illis
1092 3427 1210 3491 verbis:
1241 3434 1272 3490 et
1294 3429 1430 3509 quamvis
1454 3427 1563 3490 Graeci
1585 3427 1627 3487 ita

262 3533 424 3604 errassent,
446 3545 498 3588 res
521 3544 626 3589 eorum
648 3527 804 3609 agebatur,
828 3543 890 3590 non
920 3525 1065 3608 Syrorum
1094 3525 1311 3606 Jacobitarum,
1343 3545 1361 3586 a
1390 3527 1497 3608 quibus
1528 3524 1627 3588 vehe-

261 3626 440 3688 mentissime
464 3625 689 3705 dissentientes,
713 3627 794 3688 circa
815 3623 964 3688 lucarnati
987 3625 1079 3688 Verbi
1100 3625 1276 3707 mysterium
1299 3632 1329 3688 et
1351 3624 1479 3690 concilii
1495 3623 1627 3688 Calche-

262 3721 402 3788 donensis
434 3727 641 3802 autoritatem,
675 3724 794 3788 discere
826 3744 887 3790 non
914 3733 1055 3806 poterant
1084 3724 1243 3806 quidquam
1274 3725 1355 3810 quod
1381 3726 1419 3789 ad
1447 3725 1627 3809 religionem

262 3825 436 3903 pertineret,
461 3844 526 3888 com
550 3825 637 3888 alteri
660 3824 773 3887 alteros
796 3823 834 3887 ad
851 3825 1088 3888 communionem
1101 3843 1162 3889 non
1176 3825 1381 3889 admitterent:
1404 3823 1626 3901 multominus,

264 3939 298 3984 eu
321 3942 398 4004 quae
421 3923 529 3988 Graeci
550 3932 622 3987 tunc
644 3924 835 4007 ignorabant.
883 3925 957 3986 Nam
979 3925 1030 4005 qui
1051 3923 1139 4006 hujus
1162 3941 1230 3986 cum
1251 3924 1362 3988 Latinis
1385 3923 1626 4001 controversiae,

264 4028 331 4083 ante
354 4019 510 4086 Cabasilae
533 4031 669 4105 tempora
697 4023 873 4102 meminerit,
904 4022 1003 4086 nullus
1031 4024 1192 4105 reperitur.
1248 4025 1429 4086 Frustranea
1459 4025 1551 4106 igitur
1580 4029 1627 4084 cst

266 4117 368 4182 similis
390 4121 615 4203 interpretatio:
645 4141 744 4204 neque
767 4123 863 4206 magis
886 4123 970 4184 Onna
992 4123 1093 4185 Fausti
1114 4121 1256 4202 Naironi,
1285 4123 1411 4186 hominis
1434 4123 1507 4185 nihil
1529 4123 1626 4184 minus

267 4235 352 4300 quam
375 4219 533 4303 theologi,
556 4221 741 4303 conjectura,
764 4220 844 4306 quod
861 4223 965 4285 vitium
987 4221 1059 4284 illud
1081 4223 1239 4303 irrepserit
1261 4241 1301 4284 ex
1322 4223 1414 4286 llissa
1436 4219 1627 4285 Praesaucti-

266 4313 429 4380 licatorum.
458 4319 531 4383 Nam
553 4321 707 4404 singulare
729 4321 808 4384 illius
831 4320 974 4398 Olllcium,
996 4326 1136 4403 quantum
1158 4341 1199 4384 ex
1221 4323 1444 4404 comparatione
1467 4320 1627 4384 multorum

266 4415 407 4478 Codicum
434 4419 611 4500 perspicere
638 4419 737 4496 licuit,
771 4436 831 4482 non
858 4419 969 4484 habent
996 4419 1079 4502 Syri:
1109 4427 1140 4483 et
1162 4420 1377 4484 Graecanicum
1402 4438 1502 4501 neque
1533 4417 1626 4482 verba

266 4513 374 4578 Christi
396 4517 504 4595 babet;
531 4537 630 4600 neque
658 4519 883 4584 invocationem
910 4521 1038 4604 Spiritus
1065 4520 1172 4587 sancti.
1221 4521 1290 4585 Alia
1319 4521 1410 4604 igitur
1437 4518 1510 4583 nodi
1538 4518 1626 4618 hujus

265 4613 374 4678 solutio
399 4617 572 4700 quaerenda
594 4625 650 4699 est,
673 4619 847 4701 simplicior,
869 4621 982 4702 verior,
1005 4628 1035 4684 et
1056 4621 1153 4683 minus
1176 4638 1317 4703 operosa.

350 4715 520 4780 Verisimile
542 4716 634 4800 igitur
656 4726 703 4782 est
728 4718 891 4802 liturgiam
919 4721 1023 4799 istam,
1054 4739 1131 4802 quae
1161 4720 1337 4784 brevissima
1365 4726 1430 4799 est,
1460 4717 1496 4781 ab
1525 4713 1624 4798 aliquo

268 4809 447 4896 descriptam
476 4816 527 4898 qui
555 4816 650 4879 verba
678 4835 765 4881 sacra
794 4837 852 4900 per
880 4820 1087 4901 compendium
1116 4820 1319 4902 expresserit,
1353 4825 1387 4881 ut
1415 4815 1521 4881 multas
1550 4815 1625 4879 alias

227 4949 239 4968 .
268 4913 418 4976 orationes
441 4931 623 4996 communes,
645 4935 723 4997 qnae
745 4925 778 4980 ut
799 4918 972 4984 notissimae
995 4919 1120 4984 vocibus
1142 4927 1253 4984 tanturn
1275 4919 1436 4984 initialibus
1458 4917 1625 5001 designan-

267 5013 323 5076 tur.
367 5011 524 5096 lmperitus
548 5015 657 5078 deinde
680 5015 818 5080 librarios
840 5018 997 5100 quispiam,
1020 5018 1079 5082 illis
1090 5019 1192 5084 verbis
1210 5020 1338 5102 omissis,
1360 5019 1427 5114 Iloc
1447 5026 1495 5082 est
1514 5034 1627 5100 corpor
