4728 6028
787 517 1243 624 oes'nnvnrro.
1638 544 1710 618 ιιι

348 732 386 796 sit
407 731 563 796 successio
579 731 817 795 Patriarcharum
831 731 1096 808 Antiochenorum,
1120 730 1211 794 multo
1234 728 1329 811 magis
1353 728 1587 804 Catholicorum,
1611 729 1649 792 de
1672 745 1712 790 co

346 833 418 895 nihil
445 831 533 893 nohis
561 829 718 893 dicendum
746 831 892 912 suppetit,
922 830 979 892 nisi
1008 847 1065 908 per
1092 831 1304 911 conjecturam.
1348 827 1438 890 Extat
1466 828 1497 889 in
1526 826 1712 891 Bibliotheca

346 931 442 1015 Regia
454 929 560 993 Codex
572 929 733 1007 Arabicus,
754 947 813 1011 quc
829 930 1020 991 continentur
1041 946 1196 992 sermones
1211 928 1308 990 Ethioi
1322 925 1467 989 Simeonis
1489 926 1638 1004 blonachi,
1659 925 1713 990 lilii

343 1027 450 1106 libelii,
472 1029 662 1110 scriptusque
685 1035 806 1092 notatur
823 1046 902 1092 anno
923 1027 1108 1092 Graeconrm
1122 1025 1375 1091 MDCCCXCVll.
1394 1026 1422 1088 J.
1442 1025 1475 1088 C.
1491 1026 1709 1089 MDLXXXlV.

346 1147 411 1190 oum
435 1134 517 1191 esset
533 1135 603 1190 tunc
618 1128 789 1190 Patriarcha
803 1127 1020 1204 Antiochensis,
1042 1127 1108 1188 Mar
1127 1127 1269 1208 lgnatius,
1293 1127 1471 1207 cognomine
1488 1127 1595 1190 Daoud
1611 1126 1708 1190 Chah:

344 1227 471 1290 hlolrian
494 1229 559 1290 sive
582 1225 755 1290 Catholieus
779 1227 910 1290 Orientis
923 1222 988 1289 liar
1003 1225 1139 1304 Basilius,
1164 1227 1345 1308 cognomine
1368 1225 1494 1289 Filatus:
1517 1219 1710 1308 hietropoli'ta

345 1325 549 1404 Hierusalem,
582 1325 747 1408 Gregorius
778 1325 1004 1407 cognominatus
1034 1324 1187 1389 llarhari„
1222 1324 1251 1386 ls
1282 1326 1374 1406 igitur
1402 1325 1543 1406 quoniam
1573 1332 1709 1404 tempora
1797 1379 1803 1390 ,

345 1426 543 1500 conveniunt,
573 1426 670 1506 potuit
698 1445 739 1487 ex
767 1424 958 1505 Metropolita
987 1425 1258 1505 Hierosolymitano
1294 1422 1331 1486 ad
1362 1421 1508 1487 Catholici
1536 1424 1710 1508 dignitatem

274 1569 278 1574 -
347 1526 533 1606 promoveri,
556 1542 632 1605 quae
654 1524 794 1604 superior
816 1531 862 1586 est
883 1524 914 1585 in
936 1523 1073 1586 Ecclesia
1095 1521 1410 1605 JacobiticaSyriaca:
1433 1524 1465 1586 in
1487 1542 1546 1605 qua
1569 1524 1708 1602 maximo,

345 1640 404 1684 non
434 1623 531 1685 minus
559 1641 646 1703 quam
669 1622 746 1702 apud
769 1620 921 1701 Graecos,
943 1629 1081 1686 veterum
1109 1623 1261 1686 Canonum
1291 1629 1464 1699 contemtu,
1497 1622 1708 1685 translationes

345 1720 564 1802 Episcoporum
587 1740 604 1784 a
626 1720 725 1783 multis
748 1721 875 1784 saeculis
898 1720 1156 1801 frequentissimae
1179 1729 1257 1785 sunt.

433 1817 532 1882 Causa
555 1838 633 1900 quac
656 1827 789 1883 autorem
812 1821 912 1899 movit,
935 1827 969 1882 ut
989 1821 1095 1884 Jacobi
1116 1820 1280 1904 liturgiam
1301 1821 1332 1890 in
1354 1820 1562 1902 compendium
1585 1829 1710 1884 contra-

346 1919 443 1997 heret,
466 1920 595 1981 servatis
618 1918 802 1982 orationibus
824 1921 1015 1998 necessariis,
1039 1920 1115 1982 haec
1137 1921 1321 2000 potissimum
1343 1919 1436 1984 luisse
1457 1919 1585 1982 videtur.
1609 1921 1708 1984 Variis

347 2017 565 2081 Ecclesiasticis
589 2015 856 2081 Constitutiooibus
878 2025 938 2080 tarn
960 2018 1038 2100 apud
1062 2018 1168 2099 Syros,
1198 2037 1285 2098 quam
1307 2019 1386 2100 apud
1409 2018 1631 2082 Alexandrinos
1652 2019 1708 2081 Ja-

275 2103 278 2110 ’
348 2118 462 2180 cobitas
494 2116 691 2197 praecipitur,
735 2124 767 2178 ut
801 2118 832 2178 in
861 2119 1054 2180 sacramentis
1089 2117 1326 2182 administrandis
1354 2119 1489 2200 Liturgia
1519 2117 1706 2182 celebretur:

348 2235 446 2298 neque
467 2214 560 2278 ullum
583 2232 679 2296 prope
703 2223 750 2278 est
772 2215 852 2296 quod
874 2217 986 2298 absque
1007 2216 1142 2298 Liturgia
1165 2216 1225 2280 liat.
1260 2214 1333 2280 Cum
1355 2234 1430 2280 vero
1452 2217 1502 2280 illa
1523 2217 1583 2280 ritu
1596 2216 1708 2282 Orien-

348 2317 398 2379 tali
420 2317 492 2379 satis
514 2315 631 2395 prolixa
655 2315 707 2392 sit,
738 2315 768 2376 in
789 2314 941 2396 Baptismo
964 2317 1160 2397 praesertim,
1191 2319 1240 2397 qui
1264 2317 1434 2398 aegrotanti
1457 2323 1507 2382 aut
1529 2319 1706 2382 moribundo

347 2415 449 2478 infanti
472 2413 740 2492 administraretur,
772 2413 910 2478 accidere
939 2421 1075 2498 poterat,
1108 2421 1140 2476 ut
1168 2417 1344 2498 priusquam
1373 2434 1477 2479 omnes
1501 2418 1652 2480 orationes
1676 2425 1708 2480 et

347 2515 553 2578 caeremoniae
583 2512 816 2594 perficerentur,
847 2522 1015 2577 moreretur
1044 2514 1248 2596 baptisandus,
1305 2513 1337 2578 ln
1365 2533 1403 2579 eo
1426 2516 1561 2597 periculo
1583 2517 1707 2597 praeci-

280 2693 285 2706 ·
345 2617 427 2697 pitur
438 2613 650 2677 Sacerdotibus
672 2619 705 2673 ut
725 2631 835 2692 preces
857 2613 964 2676 multas
987 2614 1133 2692 omittant,
1156 2616 1344 2678 necessarias
1366 2622 1479 2677 tanturn
1500 2616 1707 2696 pronuncient.

347 2713 440 2776 Tanta
462 2729 555 2793 porro
579 2719 626 2774 est
648 2711 823 2794 plerumque
846 2713 1041 2778 Sacerdotem
1062 2712 1257 2776 Orientalium
1285 2715 1449 2796 imperitia,
1479 2723 1513 2778 ut
1540 2717 1569 2777 in
1593 2715 1709 2779 oratio·

346 2831 414 2876 num
437 2812 555 2877 delectu
577 2810 639 2874 salli
661 2812 798 2894 graviter
818 2814 935 2894 possint
942 2834 951 2888 ;
980 2832 1038 2876 nec
1064 2814 1162 2875 minor
1183 2813 1342 2877 multorum
1365 2815 1530 2882 temeritas.
1574 2814 1710 2877 Vidimus

347 2914 423 2976 enim
445 2913 575 2978 Codices
598 2910 710 2991 aliquot
731 2911 920 2993 Liturgicos,
950 2911 987 2975 ah
1017 2914 1092 2994 ipsis
1123 2912 1311 2994 descriptos,
1342 2913 1373 2975 in
1403 2915 1510 2995 quibus
1533 2913 1710 2978 addiderant

346 3019 377 3076 et
397 3014 581 3077 sustulerant
603 3009 704 3073 multa:
731 3016 762 3072 et
782 3011 871 3074 talem
894 3013 1156 3076 consarcinaverat
1177 3011 1326 3076 Sacerdos
1348 3012 1465 3094 quidam
1482 3012 1709 3094 Mesopotame-

345 3129 400 3176 nus
422 3109 612 3188 Abdelahad,
640 3109 705 3172 sive
733 3109 922 3188 Dominicus,
951 3113 1002 3192 qui
1023 3112 1158 3175 Lutetiae
1188 3111 1238 3174 diu
1265 3112 1340 3174 vixit
1362 3119 1393 3174 ct
1415 3113 1493 3176 diem
1515 3131 1600 3174 snum
1624 3113 1707 3177 obiit.

345 3211 416 3274 lllud
440 3230 514 3274 vero
538 3207 707 3289 exemplar,
739 3209 818 3290 quod
840 3210 1079 3288 Eminentissimo
1102 3209 1250 3272 Cardinali
1272 3209 1511 3292 llrehiepiscopo
1534 3209 1705 3289 Parisiensi,

346 3317 482 3393 tanquam
509 3310 635 3372 sormam
663 3309 815 3392 liturgiae
845 3307 1005 3372 Orientalis
1033 3308 1155 3387 obtulit,
1187 3326 1285 3388 neque
1314 3326 1380 3371 cum
1411 3309 1483 3371 lllss.
1513 3327 1610 3390 neque
1640 3327 1707 3371 oum

344 3409 475 3473 Romana
488 3410 619 3474 editione
633 3409 848 3472 consentiebat.
878 3407 998 3470 Memini
1011 3424 1132 3488 quoque
1146 3407 1240 3469 Ellam
1255 3404 1492 3490 Bngdadensem,
1516 3427 1605 3489 quem
1616 3409 1707 3470 toties

343 3509 487 3573 Ricardus
510 3508 612 3572 Simon
635 3509 805 3588 loquentem
828 3506 950 3586 inducit,
973 3525 1041 3570 cum
1061 3506 1226 3589 Liturgiam
1249 3505 1419 3568 celebraret
1441 3527 1481 3569 ex
1503 3507 1615 3570 blissali
1638 3507 1707 3570 lda-

344 3611 489 3686 ronitico,
513 3607 568 3670 tria
591 3606 640 3670 vel
663 3615 792 3688 quatuor
813 3606 885 3670 lolia
906 3607 1115 3688 praeteriisse:
1144 3604 1400 3686 respondisseque
1421 3605 1508 3686 mihi,
1531 3604 1706 3685 fecisseid,

344 3726 383 3770 ne
411 3707 567 3789 prolixitas
597 3707 764 3769 orationum
792 3706 892 3769 taedio
921 3712 1003 3770 esset
1034 3703 1302 3769 circumstantibus.
1347 3705 1473 3768 Videtur
1501 3706 1602 3786 itaque
1626 3705 1707 3768 Gre-

344 3807 448 3890 gorius
471 3807 550 3870 edita
572 3804 704 3867 breviori
725 3805 868 3887 Liturgia‚
892 3812 923 3867 et
944 3806 1108 3886 imperitiae
1130 3812 1161 3868 et
1184 3804 1340 3868 temeritati
1363 3805 1559 3870 sacerdotum
1581 3802 1708 3866 consul-

345 3913 406 3969 tum
424 3893 576 3968 uoluisse:
600 3902 746 3966 laudando
768 3921 842 3966 sane
864 3905 1002 3968 consilio.

431 4005 505 4068 Cum
526 4020 601 4068 vero
624 4002 674 4064 illa
696 4005 848 4066 contineat
870 4022 979 4085 preces
1001 4011 1032 4066 et
1060 4003 1266 4066 caeremonias
1297 4021 1400 4066 omnes
1429 3981 1636 4081 necessarias,
1667 4022 1707 4065 ex

344 4103 401 4167 viri
422 4107 473 4186 qui
494 4103 655 4167 secundam
670 4105 700 4166 in
714 4102 1129 4166 Paniarchatudacobitarum
1143 4101 1333 4165 Antiocheno
1357 4101 1529 4185 dignitatem
1552 4102 1707 4165 obtinebat
1778 4165 1781 4174 ,

345 4205 506 4280 sententia,
537 4203 626 4286 quale
648 4201 685 4266 de
707 4201 842 4284 partibus
863 4199 1016 4286 Littugiae
1035 4202 1177 4285 judicium
1200 4202 1279 4264 illius
1302 4200 1391 4280 soret,
1415 4202 1484 4264 hinc
1506 4203 1576 4265 licet
1599 4202 1708 4266 existi-

344 4320 435 4365 mare.
479 4302 582 4384 ltaque
612 4301 705 4366 verba
735 4301 846 4364 Christi
875 4301 1206 4380 sacramentalia,1non
1236 4302 1332 4364 minus
1362 4319 1450 4382 quam
1473 4302 1706 4380 lnvocationem,

344 4402 515 4464 necessaria
533 4401 693 4482 judicavit,
718 4419 816 4482 neque
839 4419 876 4462 ea
899 4400 1076 4481 compendio
1100 4399 1235 4477 tradidit,
1257 4408 1290 4462 ut
1312 4401 1343 4462 in
1365 4401 1540 4481 quibusdam
1562 4400 1706 4483 Liturgiis

345 4498 453 4562 lachim
480 4497 633 4580 videmus,
666 4518 727 4582 quo
758 4518 798 4562 ex
821 4499 892 4562 vitio
915 4500 992 4562 idern
1015 4497 1143 4562 Criticus
1166 4499 1289 4582 probari
1311 4500 1451 4580 credidit,
1482 4475 1577 4582 Syrssrs
1599 4500 1706 4564 eodem

345 4617 451 4663 errore
479 4599 635 4679 laborare,
664 4618 754 4681 quem
778 4599 901 4662 Graecis
927 4599 1146 4662 recentioribus
1169 4599 1320 4681 impingit,
1351 4617 1391 4662 ex
1412 4600 1532 4683 vulgari
1554 4601 1705 4681 opinione.

344 4697 530 4782 Agnoscitur
551 4715 673 4781 quoque
695 4699 764 4780 quid
789 4699 826 4761 de
848 4699 1039 4762 invocatione
1053 4696 1180 4781 Spiritus
1203 4699 1298 4762 sancti
1319 4698 1459 4779 sentiant,
1483 4717 1549 4762 cum
1572 4707 1706 4763 retorem

345 4798 474 4880 quaein
497 4799 632 4862 omnibus
656 4797 818 4862 Codicibus
847 4798 1060 4880 cujuscumque
1088 4797 1210 4879 linguae
1239 4797 1288 4861 vel
1317 4797 1392 4862 ritus
1421 4799 1599 4877 lectionem,
1629 4799 1706 4861 haec

343 4895 476 4980 Liturgia
498 4904 720 4977 repraesentet:
744 4897 814 4980 qnid
837 4897 925 4961 etiam
946 4897 1098 4960 senserint
1119 4896 1158 4960 de
1173 4897 1269 4960 verbo
1280 4907 1356 4966 utils
1372 4899 1453 4980 quod
1466 4907 1513 4962 est
1522 4899 1706 4962 Graecorum

344 4981 513 5080 ἀναδείξῃ,
535 5012 603 5058 oum
624 4995 697 5060 illud
719 4999 924 5080 expresserint
945 5014 1002 5079 per
1024 5007 1103 5072 tntu
1123 4996 1236 5076 saciat,
1265 4995 1379 5082 efficiat
1397 4984 1528 5082 ποιήσῃ,
1550 4995 1703 5080 loquendo

1420 5113 1502 5189 20*
