4728 6028
719 510 769 584 aa
1089 448 1706 589 observationes

803 697 889 758 Nunc
918 714 996 777 quae
1025 694 1064 756 ad
1091 692 1291 756 Eucharistiei
1318 693 1404 772 panis
1437 695 1697 773 praeparationem
1726 695 1880 778 pertinent
1909 695 2088 784 explicanda

717 805 802 874 sunt,
825 816 866 859 ex
888 796 1032 878 Syrorum
1055 793 1220 875 disciplina.
1263 793 1336 855 Eam
1364 791 1432 854 fuse
1461 791 1624 872 explicavit
1650 794 1814 879 Dionysius
1840 792 1986 858 Earsalibi
2008 795 2088 858 Tra-

717 903 799 958 ctatu
820 895 981 979 singulari,
1004 895 1034 956 in
1057 911 1118 974 quo
1140 894 1300 974 proposuit
1322 892 1421 955 omnia
1442 907 1521 972 quae
1543 893 1582 954 ad
1603 896 1661 956 rite
1688 894 1900 959 celebrandam
1921 893 2087 976 liturgiam

717 997 891 1058 necessaria
912 1003 992 1060 sunt.
1036 992 1118 1055 lllius
1140 992 1299 1073 Epitomen
1330 990 1416 1052 nacti
1432 1009 1534 1052 sumus
1556 990 1689 1056 Arabiae
1719 995 1879 1075 scriptam,
1914 994 1944 1055 in
1974 991 2088 1057 Codice

718 1094 909 1172 Colbertino,
930 1097 961 1158 in
983 1094 1068 1175 cujus
1087 1093 1146 1156 line
1167 1091 1309 1154 nonnulla
1329 1090 1468 1172 adjuncta
1483 1098 1558 1153 sunt
1573 1092 1611 1156 ab
1634 1094 1818 1174 interprete,
1837 1100 1870 1156 ut
1887 1093 2087 1156 testimonium

717 1194 859 1277 Gregorii
879 1193 1084 1276 Abulfaragii‚
1121 1193 1172 1274 qui
1202 1192 1253 1254 diu
1281 1197 1352 1270 post
1372 1189 1548 1270 Dionysium
1581 1192 1667 1254 vixit.
1712 1193 1899 1274 Praecipitur
1927 1200 2026 1254 autem
2056 1195 2088 1254 in

715 1295 932 1376 bacEpitome,
955 1301 987 1356 ut
1007 1293 1094 1375 panis
1116 1291 1339 1354 consecrationi
1360 1289 1543 1365 destinatus,
1566 1291 1743 1356 conficiatur
1757 1312 1798 1354 ex
1812 1291 1978 1366 frumento,
2001 1293 2088 1373 cujus

715 1412 811 1476 grana
833 1392 1004 1477 singulatim
1027 1392 1063 1454 ub
1087 1393 1167 1454 omui
1194 1389 1287 1454 sorde
1309 1390 1450 1452 mundata
1474 1388 1599 1452 fuerint:
1633 1399 1667 1453 ut
1693 1401 1852 1474 postquam
1884 1390 1980 1454 lanua
2009 1393 2088 1456 saeta

716 1501 773 1572 est,
797 1511 874 1576 aqua
896 1499 1083 1568 maceretur,
1106 1498 1168 1552 tum
1190 1497 1303 1552 attente
1326 1496 1487 1570 coquatur,
1511 1489 1588 1552 adeo
1611 1499 1644 1552 ut
1672 1493 1759 1572 panis
1790 1492 1912 1555 adustus
1942 1508 2003 1554 non
2032 1492 2087 1556 sit:

715 1595 877 1654 misceatur
905 1590 1102 1667 fermentum,
1134 1606 1191 1651 nec
1214 1607 1338 1671 azymus
1362 1589 1516 1653 offeratur.
1562 1589 1593 1653 Si
1615 1590 1704 1656 fissus
1727 1592 1782 1670 sit,
1813 1609 1871 1654 uec
1894 1591 1969 1654 alius
1992 1608 2088 1671 repe-

715 1693 826 1766 riatur,
849 1691 960 1771 poterit
983 1689 1103 1766 ollerri,
1125 1690 1193 1769 quia
1217 1689 1247 1750 in
1269 1689 1392 1769 propria
1414 1696 1520 1750 natura
1543 1697 1739 1769 perseverat,
1771 1709 1860 1772 quam
1887 1690 1996 1752 fissura
2025 1707 2087 1752 nou

715 1793 889 1870 corrumpit.

426 1884 701 1942 remanseruntque
800 1890 946 1972 azymum
969 1905 1042 1950 sane
1065 1905 1190 1968 panem,
1213 1895 1246 1948 ut
1267 1887 1393 1961 Graeci,
1426 1886 1468 1948 ita
1491 1884 1560 1967 Syri
1583 1894 1614 1950 et
1637 1888 1807 1952 orientales
1834 1888 1960 1968 reliqui,
1989 1907 2087 1952 exce-

403 1972 444 2024 ale
462 1981 488 2025 et
505 1973 573 2026 oleo.

712 1993 771 2072 ptis
793 1989 950 2065 Armenis,
973 1995 1087 2070 negant
1108 1987 1242 2068 legitime
1264 1986 1367 2050 offerri
1389 2003 1494 2065 posse,
1517 1994 1607 2068 atque
1629 1989 1708 2050 inter
1731 1988 1879 2069 aliaquae
1901 1989 2010 2051 Paulus
2033 1989 2085 2052 si-

712 2091 865 2154 doniensis
900 2089 1085 2170 Episcopus,
1121 2087 1227 2150 Petrus
1255 2085 1420 2164 blelicbae,
1449 2084 1645 2165 Abulbircat,
1679 2095 1710 2150 et
1746 2088 1930 2150 Ebnassalus
1961 2089 2085 2152 Francis

711 2190 871 2272 objiciunt,
894 2205 955 2250 non
976 2188 1079 2250 ultimo
1103 2187 1171 2249 loco
1194 2193 1392 2260 recensetur,
1420 2185 1606 2265 Azymorum
1633 2205 1719 2250 usus.
1764 2187 1825 2252 Sed
1853 2189 1885 2250 in
1915 2187 2086 2251 fermentati

710 2291 798 2372 panis
821 2306 879 2350 usu
901 2287 938 2349 ad
960 2285 1177 2350 Eucharistiam
1200 2286 1439 2348 consecrandam
1461 2284 1532 2366 Syri
1553 2303 1613 2348 uon
1637 2288 1824 2365 consistunt,
1855 2288 1968 2350 addunt
1989 2305 2086 2368 prae-

710 2397 796 2452 terea
818 2387 891 2450 salis
913 2388 1018 2448 micam
1041 2394 1072 2448 et
1093 2385 1201 2448 stillam
1223 2384 1302 2461 olei,
1324 2385 1406 2464 quod
1428 2403 1446 2446 a
1470 2385 1657 2450 Nestorianis
1676 2405 1800 2469 quoque
1815 2386 1973 2450 observari
1996 2388 2086 2450 docet

712 2487 850 2568 Officium
871 2487 1076 2548 reroootiomb
1100 2483 1259 2563 semeae,
1289 2491 1320 2546 et
1348 2485 1385 2547 ab
1409 2485 1563 2548 autoribus
1597 2486 1711 2567 aliquot
1741 2489 1904 2550 memoriae
1934 2487 2085 2567 proditum

712 2596 768 2650 est.
814 2585 956 2658 Quamvis
984 2600 1077 2665 porro
1105 2582 1261 2646 Jacobitae
1290 2582 1360 2664 Syri
1389 2585 1585 2646 arctissimam
1616 2603 1684 2648 cum
1712 2586 1841 2668 Coptitis
1868 2585 2084 2649 Alexandrinis

711 2686 947 2749 communionem
970 2683 1136 2761 coluerint,
1158 2681 1239 2745 illam
1262 2691 1361 2745 tamen
1383 2682 1443 2746 olei
1466 2692 1497 2746 et
1519 2683 1591 2747 salis
1609 2685 1647 2747 ad
1657 2685 1822 2766 parandum
1841 2703 1951 2767 panem
1962 2685 2085 2748 Eucha-

711 2787 845 2850 risticum
868 2783 1073 2846 admistionem
1096 2799 1157 2844 non
1179 2783 1393 2861 probaverunt.
1438 2782 1504 2846 Olei
1526 2785 1568 2847 ita
1589 2785 1707 2848 admisti
1720 2803 1816 2864 usum,
1839 2785 1944 2848 inillis
1965 2785 2086 2846 damnat

711 2887 817 2948 Petrus
840 2882 985 2964 blelicbae
1006 2882 1194 2962 Episcopus,
1218 2889 1248 2944 et
1271 2901 1311 2944 ex
1333 2900 1371 2945 eo
1393 2881 1585 2960 Abulbircat,
1616 2883 1672 2946 sed
1694 2885 1772 2948 salis'
1790 2903 1852 2948 non
1873 2885 2081 2948 meminerunt.

713 2986 839 3047 Constat
860 2990 957 3046 tamen
981 3001 1020 3044 ex
1042 2982 1173 3045 Historia
1195 2981 1434 3044 Patriarcbarum
1454 2982 1729 3047 Alexandrinorum
1755 2986 1785 3046 in
1813 2986 1875 3046 rita
1902 2981 2085 3046 Christoduli

443 3092 502 3143 itur.
529 3091 601 3146 Patr.
623 3093 698 3144 Atax.
711 3082 901 3145 Patriarcbae
924 3081 1027 3146 LXVl.
1051 3081 1179 3145 ordinati
1202 3099 1281 3144 anno
1302 3082 1331 3144 J.
1355 3081 1388 3145 C.
1406 3081 1556 3146 lllXLVll.
1580 3083 1661 3164 quod
1681 3083 1818 3146 Oblatum
1838 3084 1880 3145 ita
1901 3081 2082 3159 conlectam,

403 3197 428 3247 p.
448 3179 509 3232 426.

712 3201 779 3246 curn
803 3181 898 3245 Cbeik
921 3181 1041 3263 quidam
1061 3180 1257 3244 Abulbecber
1279 3180 1438 3244 Archiater
1460 3182 1623 3262 Principis,
1652 3184 1764 3265 Syrus,
1799 3183 1836 3246 ad
1867 3182 1963 3244 altare
1991 3181 2084 3244 detu-

710 3283 815 3360 lisset,
850 3301 916 3345 eam
938 3282 1082 3362 rejecerit
1110 3279 1367 3362 indignabundus,
1397 3281 1607 3362 hominemque
1637 3282 1714 3345 male
1742 3283 1914 3360 multatum,
1943 3281 2083 3344 Ecclesia

711 3381 783 3463 pelli
800 3381 935 3462 jusserit.
981 3382 1055 3444 'lum
1078 3380 1200 3460 scripsit
1221 3380 1259 3443 ad
1280 3378 1427 3448 loannem
1449 3381 1649 3445 Patriarcbam
1671 3381 1911 3460 Antiocheuum,
1934 3381 2082 3444 adversus

710 3481 790 3543 illam
813 3481 1076 3564 cousuetudinem
1099 3497 1188 3560 quern
1209 3481 1322 3542 monita
1346 3479 1529 3545 Christoduli
1555 3482 1681 3561 insuper
1702 3480 1845 3544 habuisse
1875 3488 2002 3544 testatur
2031 3481 2083 3542 bi-

711 3580 853 3644 storicus.

412 3693 697 3762 ttpotogtatsuuscon-
798 3681 912 3744 'lamen
934 3680 965 3742 in
989 3678 1102 3766 Codice
1123 3677 1328 3742 Bibliothecae
1350 3677 1545 3742 colbertinae
1567 3680 1626 3742 duo
1651 3679 1808 3743 Tractatus
1826 3680 1951 3760 Syriaca
1976 3679 2083 3760 scripti
2125 3721 2132 3733 .

389 3781 531 3834 suetudinis
563 3786 658 3850 scripta
684 3781 922 3862 areperiuntur,
949 3777 987 3840 ad
1009 3777 1216 3841 vindicandam
1246 3778 1325 3840 illam
1355 3778 1499 3859 Syromm
1527 3779 1728 3859 disciplinam,
1756 3797 1883 3860 quorum
1911 3779 1996 3860 prior
2023 3796 2083 3841 no-

388 3865 489 3920 ³⁰⁰¹¹¹¹⁰
507 3867 677 3921 At²¹⁰⁰¹¹⁰¹¹⁰·
712 3898 780 3942 men
806 3878 932 3941 loannis
954 3876 1145 3940 Patriarcbae
1172 3877 1321 3956 praefert:
1350 3877 1427 3940 alter
1453 3877 1626 3960 Apologiae
1654 3877 1802 3942 adversus
1832 3877 2081 3942 contradictores.

711 3979 757 4040 Do
779 3996 816 4040 ea
839 3978 1049 4042 controversia
1070 3977 1217 4057 quaedam
1240 3979 1319 4040 dicta
1340 3986 1412 4040 sunt
1433 3979 1464 4040 in
1487 3976 1707 4040 Commentario
1730 3979 1768 4040 ad
1797 3977 1899 4041 Basilii
1927 3977 2082 4058 Copticam

711 4077 886 4158 Liturgiam.
929 4079 1024 4140 Porro
1048 4095 1115 4139 eum
1137 4078 1350 4140 obscurissima
1378 4078 1418 4140 sit
1445 4078 1533 4140 etiam
1561 4079 1591 4139 in
1621 4077 1816 4140 Orientalium
1845 4077 2082 4141 Christianorum

711 4176 795 4238 libris
816 4176 1056 4239 Patriarcbarum
1083 4175 1341 4239 Antiochenorum
1370 4176 1573 4240 Jacobitarum
1603 4177 1778 4256 successio,
1809 4177 1847 4240 de
1875 4179 1933 4240 isto
1963 4176 2081 4239 Joanno

712 4275 784 4338 nibil
807 4275 887 4338 aliud
908 4276 1053 4338 alllrmare
1075 4275 1335 4355 possumus,'nisi
1357 4276 1436 4358 quod
1459 4276 1593 4358 aequalis
1615 4275 1705 4340 luerit
1728 4274 1938 4354 Christodulo,
1961 4274 2081 4337 medio-

712 4392 772 4454 que
794 4377 951 4438 undeeimo
965 4374 1088 4438 saeculo
1111 4375 1230 4437 vixerit.
1273 4375 1461 4452 Barumua,
1483 4385 1534 4438 aut
1549 4377 1673 4455 rectius,
1696 4375 1937 4451 Borcbouoboa,
1960 4391 2081 4457 coguo-

712 4475 853 4538 minatum
874 4474 956 4538 illum
977 4473 1087 4553 luisse,
1102 4465 1221 4556 'primus
1239 4475 1366 4556 ‘scripsit
1380 4475 1531 4540 Abraham
1541 4476 1741 4554 Ecbellensis,
1764 4476 1794 4536 in
1803 4475 1889 4538 Notis
1913 4473 1950 4536 ad
1973 4471 2080 4536 llebed

712 4572 802 4648 lesu,
825 4582 856 4638 et
877 4573 955 4637 illius
978 4574 1116 4654 iudicium
1139 4581 1261 4638 secutus
1285 4582 1332 4638 est
1354 4576 1481 4640 Faustus
1503 4575 1668 4654 Naironus,
1689 4576 1721 4638 in
1743 4591 1798 4638 suu
1810 4575 1951 4653 Eoopltir.
1994 4571 2081 4634 lllum

712 4691 834 4754 quoque
855 4673 1039 4736 haereticum
1061 4672 1154 4737 luisse
1176 4681 1340 4752 testantur,
1363 4675 1498 4755 quumvis
1521 4677 1587 4756 ejus
1609 4676 1746 4752 nomine,
1777 4691 1844 4735 oum
1874 4673 1975 4736 sancti
1994 4670 2080 4734 titulo

711 4771 864 4856 Liturgia,
887 4774 965 4836 inter
986 4773 1196 4852 Maroniticas,
1219 4791 1314 4853 purae
1336 4774 1414 4838 illius
1437 4783 1468 4837 et
1489 4776 1700 4857 incorruptae,
1721 4781 1756 4836 ut
1778 4773 1900 4851 volunt,
1921 4769 2079 4834 Ecclesiae

712 4891 801 4948 suae,
825 4869 924 4934 locum
945 4871 1094 4934 invenerit
1116 4873 1147 4934 in
1168 4872 1302 4936 llomana
1324 4873 1466 4938 editione.
1509 4873 1552 4937 At
1572 4875 1654 4938 istud
1682 4889 1854 4956 cognomen
1877 4887 1937 4934 non
1966 4869 2080 4952 legitur

712 4971 742 5033 in
775 4970 907 5038 llistoria
939 4969 1176 5036 Patriarcbarum
1204 4970 1494 5038 Alexandrinorum:
1535 4993 1635 5055 neque
1672 4974 1807 5037 loannes
1836 4970 1905 5052 ille,
1935 4977 2076 5050 tanquam
