4712 6032
790 589 1023 666 nunonem
1063 541 1404 668 nrosuouonuu.
1643 629 1649 640 -
1717 593 1790 668 nn

412 765 593 860 rectorum,
620 775 847 847 Diaconorum
872 795 1031 870 purorum
1059 785 1093 847 et
1110 773 1408 849 Subdtaconorum.
1433 775 1615 865 Memento,
1631 778 1790 865 Domine,

411 887 525 982 populi
553 893 616 976 tui,
652 893 834 986 praecipue
861 890 990 963 illorum
1019 895 1074 986 qul
1102 892 1291 965 obtulerunt
1316 891 1375 964 tihi
1402 890 1589 966 oblationes
1620 895 1721 981 istas,
1758 902 1793 964 et

409 1023 512 1096 parce
539 1007 798 1096 congregationi
823 1008 897 1091 isti,
924 1027 1011 1101 quae
1038 1028 1153 1078 eoram
1180 1016 1215 1078 te
1240 1005 1382 1078 collecta
1409 1016 1471 1078 est.

516 1119 667 1191 Eteonos
692 1141 819 1190 vocene.
872 1119 917 1191 Ut
943 1131 1127 1215 perpetuo,
1154 1125 1346 1215 incorrupte
1373 1124 1492 1193 vivant
1518 1144 1632 1196 coram
1665 1133 1719 1208 te,
1756 1133 1790 1194 et

407 1244 652 1327 praeparentur
683 1234 726 1305 ad
751 1233 841 1306 hona
869 1257 956 1329 quae
983 1259 1003 1306 a
1031 1246 1064 1307 te
1089 1237 1155 1308 illis
1182 1240 1347 1332 promissa
1375 1247 1467 1322 sunt,
1502 1259 1563 1336 per
1589 1242 1788 1312 misericor-

409 1346 495 1418 diam
517 1371 600 1440 erga
619 1347 715 1422 illos:
743 1359 817 1420 esto
840 1348 904 1420 illis
923 1354 1098 1445 propitius,
1126 1362 1283 1447 tauquam
1303 1350 1466 1423 Dominus
1485 1352 1594 1426 honus
1610 1363 1644 1424 et
1665 1353 1789 1427 multae

411 1466 565 1554 gratiae:
592 1461 845 1559 referemusque
870 1463 930 1536 tihi
957 1463 1120 1556 gloriam,
1148 1477 1212 1543 etc.

513 1577 710 1650 inclinatas.
740 1577 923 1662 Memento,
949 1579 1105 1667 Domine,
1131 1580 1263 1675 Regum
1289 1581 1433 1654 fidelium
1460 1587 1515 1676 qui
1542 1581 1682 1655 benefici
1711 1595 1787 1657 sunt

408 1692 533 1788 populo
561 1702 630 1778 tuo,
657 1703 692 1763 et
718 1694 899 1766 clementes
927 1704 1003 1768 sunt
1028 1718 1113 1787 erga
1140 1719 1227 1769 oves
1254 1696 1422 1770 redemtus
1450 1701 1613 1790 sanguine
1631 1708 1698 1770 tuo.
1731 1701 1785 1800 Da

409 1805 474 1877 Mis
500 1805 722 1878 fortidudinem
750 1830 837 1903 quae
864 1831 884 1880 a
911 1819 944 1880 te
971 1819 1035 1897 est,
1061 1833 1172 1905 neque
1198 1821 1396 1908 superentur
1423 1812 1465 1885 ab
1492 1817 1634 1886 inimicis
1661 1818 1741 1888 suis.

513 1923 664 1994 Eleocoa
689 1945 815 1994 nocane.
867 1923 912 1996 Et
936 1925 1090 2016 Angelos
1117 1937 1193 1999 tuos
1227 1935 1363 2000 sanctos
1401 1930 1512 2016 mitte,
1545 1927 1706 2021 Domine,
1743 1931 1786 2002 ad

409 2036 568 2108 auxilium
594 2059 726 2109 eorum:
752 2037 868 2111 libera·
887 2042 985 2111 etiam
1013 2063 1074 2113 eos
1102 2065 1121 2114 a
1149 2042 1227 2114 dolo
1255 2045 1429 2137 tyrannico
1463 2051 1497 2112 et
1523 2065 1543 2113 a
1570 2043 1677 2114 Belial
1705 2050 1784 2141 spi-

409 2149 531 2239 rituali,
557 2161 593 2221 ut
619 2163 878 2246 praeserventur
905 2152 946 2222 ab
973 2155 1099 2226 insidiis
1125 2165 1160 2226 et
1185 2155 1481 2228 machinationibus
1495 2153 1639 2228 hostium
1654 2159 1784 2231 Eccle-

410 2269 482 2336 siae
510 2275 584 2336 tuae
610 2265 736 2338 fidelis:
768 2271 864 2338 utin
891 2269 1139 2361 tranquillitate,
1172 2292 1258 2364 pace
1289 2281 1322 2343 et
1355 2270 1537 2343 concordia
1572 2271 1721 2346 studiose
1749 2287 1784 2346 et
1917 2275 1923 2284 ”

410 2391 672 2475 perseveranter
697 2381 881 2455 referamus
909 2381 967 2454 tihi
993 2382 1155 2475 gloriam,
1182 2397 1246 2457 etc.

512 2501 699 2588 Memento,
734 2502 894 2589 Domine,
935 2513 969 2574 et
1003 2501 1134 2574 illorum
1169 2503 1225 2594 qui
1258 2523 1279 2571 a
1312 2498 1449 2573 saeculo
1483 2498 1541 2571 tibi
1577 2501 1785 2596 placuerunt,

407 2618 593 2710 praecipue
620 2625 766 2704 sanctae,
795 2616 984 2708 gloriosae,
1014 2638 1148 2711 semper
1172 2615 1321 2707 Virginis
1350 2613 1527 2687 Genitrieis
1554 2616 1618 2687 Dei
1644 2618 1786 2711 Mariae,

406 2731 548 2802 loannis
575 2731 766 2826 Baptistae,
801 2731 962 2827 Stephani
992 2735 1149 2829 principis
1181 2730 1409 2804 Diaconorum
1443 2740 1477 2801 et
1509 2739 1785 2828 protomartyris3

408 2868 483 2917 cum
519 2846 654 2940 reliquis
690 2846 886 2941 Prophetis,
923 2848 1166 2943 Apostolisque
1199 2849 1340 2932 sanclis,
1375 2855 1410 2916 et
1446 2845 1596 2939 patribus
1629 2849 1692 2942 piis
1729 2853 1785 2943 qui

408 2960 569 3035 obierunt.
611 2961 780 3034 Memento
809 2966 919 3048 etiam,
947 2963 1102 3053 Domine,
1130 2965 1274 3036 omnium
1302 2959 1530 3032 defunctorum
1557 2960 1700 3033 fidelium
1728 2967 1784 3059 qui

408 3077 538 3172 pridem
566 3079 720 3150 obierunt
747 3087 781 3148 ct
807 3077 849 3148 ad
877 3088 909 3149 te
935 3088 1170 3173 pervenerunt.
1202 3079 1344 3171 Suscipe
1364 3073 1552 3148 oblationes
1575 3081 1670 3167 istas,
1698 3101 1784 3173 quae

407 3214 471 3288 pro
499 3193 563 3264 illis
589 3192 688 3264 hodie
716 3190 773 3263 tibi
799 3191 997 3280 offeruntur,
1034 3203 1068 3264 et
1100 3195 1274 3287 quiescere
1308 3190 1383 3262 illos
1416 3188 1472 3260 lac
1504 3195 1536 3261 in
1573 3194 1646 3262 sinu
1682 3192 1782 3266 beato

404 3306 598 3380 Abrahami.
653 3305 742 3400 Cum,
766 3327 827 3402 spe
853 3306 1104 3378 misericordiae
1139 3317 1217 3378 turae
1253 3307 1397 3398 quietem
1429 3318 1632 3400 acceperunt
1664 3331 1781 3381 omnes

406 3423 563 3512 defuncti,
591 3432 625 3493 et
650 3425 882 3494 miserationes
900 3446 919 3494 a
940 3432 973 3493 te
988 3431 1197 3516 exspectant,
1218 3421 1313 3492 Deus
1332 3430 1448 3492 noster
1463 3421 1642 3493 adorande.
1670 3422 1782 3494 Prae—

405 3548 456 3612 sta
483 3539 548 3609 illis
574 3547 609 3609 ut
635 3549 825 3610 mereantur
852 3538 967 3609 audire
993 3559 1116 3610 vocem
1142 3536 1232 3609 illam
1258 3535 1439 3624 vivificam,
1466 3559 1554 3630 quae
1570 3549 1673 3609 vocet
1693 3537 1780 3624 illos,

406 3665 441 3725 et
467 3652 620 3740 adducat,
648 3664 749 3747 utque
775 3657 840 3724 sint
865 3656 1004 3724 invitati·
1021 3653 1064 3724 ad
1089 3673 1229 3744 regnum
1258 3662 1355 3724 tuum.
1384 3649 1543 3722 Concede
1565 3655 1663 3722 etiam
1684 3652 1781 3725 nohis

407 3773 533 3841 exitum
563 3769 788 3863 tranquillum,
820 3771 1048 3863 pergratiam
1075 3777 1183 3860 tuam,
1218 3778 1252 3838 et
1277 3765 1378 3838 abole
1403 3769 1607 3862 insipientias
1634 3775 1781 3855 nostraS,

407 3907 468 3980 per
494 3884 756 3956 misericordiam
783 3893 883 3956 tuam.

510 4000 661 4070 Eleonne
686 4021 812 4069 nocem.
864 3997 958 4070 Unus
984 4001 1072 4070 enim
1098 3996 1159 4070 luit
1186 4001 1241 4092 qui
1266 4000 1360 4068 visus
1387 3995 1486 4066 luerit
1513 4015 1615 4090 super
1642 4005 1779 4084 terram,

405 4117 478 4187 siue
503 4124 662 4210 peccato,
699 4117 887 4206 unigenitus
914 4112 1016 4184 Filius
1051 4123 1125 4186 tuus
1151 4114 1314 4185 Dominus
1345 4121 1462 4182 noster
1487 4111 1587 4182 lesus
1616 4107 1780 4198 Christus,

402 4232 599 4326 propitiator
625 4250 766 4320 maguus
792 4231 928 4320 generis
954 4231 1077 4316 nostri3
1109 4230 1183 4322 ipse
1213 4248 1275 4320 per
1302 4248 1400 4320 quem
1426 4235 1460 4296 et
1486 4247 1549 4298 nos
1577 4228 1773 4296 misericor-

289 4343 294 4352 '
404 4343 492 4416 diam
528 4343 678 4416 obtinere
711 4367 903 4438 speramus,
938 4353 973 4414 et
1003 4345 1234 4415 remissionem
1266 4349 1481 4434 peecatorum
1514 4350 1707 4413 nostrorum
1743 4348 1778 4410 et

404 4458 544 4532 illorum.
1084 4463 1087 4470 ’

508 4574 668 4666 Populea.
723 4575 877 4660 Quietem
901 4584 1048 4669 praesta.

506 4686 691 4759 Sacerdos.
744 4689 852 4762 Nobis
885 4691 983 4762 etiam
1018 4698 1051 4759 et
1083 4685 1148 4758 illis
1181 4694 1254 4759 esto
1290 4685 1472 4780 propitius,
1505 4694 1539 4756 et
1571 4682 1779 4756 condonator

402 4813 616 4899 peccatorum
644 4804 800 4891 Domine,
826 4811 861 4875 ut
888 4805 921 4875 in
947 4802 1058 4892 nohis,
1084 4814 1147 4896 pro
1173 4799 1283 4888 nohis,
1316 4809 1349 4871 et
1376 4809 1515 4894 propter
1540 4821 1617 4889 nos,
1643 4797 1778 4889 glorifi-

403 4929 509 5009 cetur,
535 4917 706 5010 laudetur,
733 4929 767 4991 et
793 4919 977 4991 honoretur
1001 4937 1123 4988 nomen
1149 4926 1239 4987 tuum
1268 4913 1546 5006 gloriosissimum
1573 4923 1607 4985 et
1633 4910 1778 4985 henedi-

1488 5029 1571 5103 25*
