4730 6038
648 557 917 637 suncti
970 557 1280 638 GYRILLI.
1570 561 1644 636 281

277 745 473 820 rationalem
500 749 705 840 rigaverunt.
757 745 884 820 Eorum
918 749 973 842 qui
1008 749 1157 836 statutis,
1193 758 1227 820 et
1259 747 1546 823 constitutionibus
1577 752 1647 824 suis

278 863 403 958 Spiritu
429 873 488 935 tuo
515 872 632 936 sancto
658 863 878 960 plenissimis,
909 867 1080 956 ejecerunt
1111 885 1158 936 ex
1183 863 1338 937 Ecclesia
1365 876 1419 938 tua
1445 866 1647 939 haereticam

275 983 450 1070 insaniam,
476 1003 551 1052 cum
577 981 746 1076 impietate
772 982 998 1071 conjunctam:
1025 988 1141 1051 eorum
1168 983 1223 1074 qui
1248 985 1282 1051 in
1308 980 1424 1054 labore
1451 991 1484 1054 et
1506 981 1645 1056 sudori·
1741 977 1747 985 ’

275 1093 351 1185 bus,
379 1117 508 1188 agones
535 1117 616 1168 suos
642 1094 868 1191 perfecerunt,
900 1106 934 1166 et
958 1094 1163 1170 voluntatem
1190 1106 1277 1168 tuam
1304 1096 1582 1193 adimpleverunt:
1610 1109 1646 1171 ut

275 1233 339 1283 nos
373 1234 526 1306 quoquc,
563 1213 617 1305 qui
651 1211 749 1284 fidem
783 1232 897 1283 eorum
935 1212 1180 1305 amplectimur,
1216 1234 1330 1284 coram
1357 1224 1391 1284 te
1417 1235 1544 1287 summa
1570 1238 1645 1287 cum

275 1324 416 1415 fiducia,
452 1339 485 1399 et
523 1328 651 1422 absque
686 1326 883 1400 confusione
918 1331 1156 1415 consistamus3
1196 1351 1385 1423 novamque
1421 1328 1479 1402 tibi
1514 1330 1644 1403 laudem

274 1440 470 1531 referemus,
498 1454 532 1514 et
557 1441 789 1517 incessabilem
815 1446 995 1535 gratiarum
1022 1448 1200 1535 actionem,
1227 1455 1261 1516 et
1286 1448 1455 1538 unigenito
1470 1445 1555 1518 Filio
1575 1457 1643 1538 tuo,

276 1567 310 1630 et
335 1557 470 1654 ¹Spiritui
497 1569 563 1632 tuo.
771 1559 932 1652 Populus.
985 1561 1105 1632 Amen.
1549 1565 1552 1572 '

379 1675 558 1748 Diaconos
584 1677 669 1748 dicit
696 1676 866 1748 &eonem
891 1682 1033 1747 sectum.

378 1790 553 1865 Sacerdos
570 1795 761 1866 inclinatus.
797 1794 938 1866 Praesta
952 1792 1095 1866 Domine
1111 1815 1172 1890 per
1184 1792 1249 1866 boc
1263 1795 1471 1885 sacrificium,
1486 1795 1642 1888 quietem,

272 1909 557 2002 propitiationem,
584 1913 830 1997 remissionem,
862 1918 896 1981 et
922 1913 1115 1982 memoriam
1141 1910 1280 1996 bonam,
1313 1934 1415 2008 super
1446 1909 1551 1982 altare
1577 1909 1642 1983 hoc

274 2023 456 2119 spirituale,
484 2027 636 2100 omnibus
654 2027 815 2122 patribus,
843 2035 877 2096 et
891 2024 1047 2097 iratribus
1068 2029 1192 2099 uostris
1210 2026 1452 2122 corporalibus,
1481 2037 1514 2098 et
1536 2029 1641 2121 spiri-

272 2137 432 2230 tualibus3
458 2164 609 2215 necnon
636 2143 700 2215 illis
727 2142 877 2216 omnibus
905 2145 960 2236 qui
987 2164 1032 2212 ex
1058 2140 1122 2214 hoc
1147 2141 1237 2230 loco,
1261 2152 1295 2214 et
1321 2147 1410 2218 omni
1436 2143 1501 2216 alio
1529 2145 1642 2238 populi

272 2255 401 2343 tidelis,
428 2265 462 2328 et
488 2256 673 2332 Ortbodoxi
701 2257 945 2352 christianique
971 2259 1118 2345 instituti,
1145 2257 1265 2329 dudum
1290 2261 1392 2331 vitam
1419 2259 1579 2332 linierunt.

377 2373 527 2444 Eteonos
551 2397 676 2446 uocem.
728 2376 874 2447 Petimus
901 2397 922 2444 a
956 2384 988 2444 te
1013 2375 1172 2460 Domine,
1206 2377 1362 2446 vivorum
1396 2376 1576 2470 Princeps,
1608 2385 1641 2446 et

272 2499 477 2561 mortuorum
504 2490 660 2579 Domine,
688 2493 815 2586 prolis
843 2490 992 2562 omnibus
1021 2493 1076 2584 qui
1103 2500 1159 2562 tuo
1182 2492 1279 2580 jussu
1305 2513 1350 2560 ex
1375 2495 1544 2585 praesenti
1570 2495 1640 2563 vita

270 2609 512 2696 migraverunt,
540 2616 573 2678 et
598 2611 631 2678 iu
649 2605 843 2699 Ortbodoxa
870 2605 936 2677 lide
962 2606 1004 2678 ad
1030 2615 1064 2676 te
1090 2605 1232 2701 proiecti
1259 2618 1344 2694 sunt,
1368 2616 1403 2678 ut
1419 2629 1481 2702 per
1503 2611 1640 2681 miseri-

271 2719 420 2793 cordiam
447 2721 535 2792 illam
563 2743 720 2796 summam
750 2745 835 2818 quae
861 2723 1019 2795 naturalis
1047 2721 1104 2794 tibi
1131 2733 1199 2808 est,
1226 2732 1260 2793 et
1285 2722 1344 2795 tibi
1370 2727 1456 2796 inest
1478 2715 1639 2796 substen-

270 2835 410 2927 tialiter,
437 2859 551 2910 eorum
578 2843 611 2910 in
637 2838 759 2912 bonum
787 2842 992 2926 memineris,
1028 2848 1062 2910 et
1093 2860 1136 2910 ne
1171 2837 1369 2933 despexeris
1401 2850 1550 2932 nostram
1576 2863 1638 2937 pro

270 2951 334 3024 illis
362 2953 648 3050 deprecationem,
682 2958 756 3049 quia
784 2958 896 3047 imago
923 2965 978 3026 tua
1006 2957 1070 3050 ipsi
1101 2965 1188 3027 sunt:
1222 2955 1283 3025 sed
1318 2977 1452 3028 assumo
1485 2979 1546 3028 eos
1579 2980 1640 3052 per

270 3073 413 3160 gratiam
441 3078 541 3160 tuam,
569 3079 603 3142 et
629 3069 738 3156 eleva,
766 3074 995 3165 constitueque
1021 3070 1096 3142 illos
1123 3073 1157 3141 in
1184 3071 1323 3143 excelso
1349 3074 1440 3142 vitae
1466 3069 1551 3144 illius
1569 3077 1638 3144 im-

270 3184 433 3275 mortalis,
468 3190 501 3258 in
535 3185 730 3260 habitaculis
763 3186 827 3258 illis
855 3185 1074 3275 coelestibus,
1109 3185 1165 3257 ubi
1198 3189 1403 3278 unigenitus,
1438 3198 1638 3282 sanctusque

270 3301 374 3374 Filius
401 3312 487 3390 tuus,
515 3303 535 3375 a
563 3302 739 3398 spiritualis
767 3305 936 3376 exercitus
963 3325 1088 3375 corona
1110 3304 1260 3394 cingitur,
1289 3313 1322 3373 et
1340 3301 1538 3374 celebratur.
1571 3305 1637 3376 Per

270 3439 363 3505 cunr,
400 3441 462 3513 per
493 3441 590 3512 quem
617 3423 762 3491 maxime
788 3419 1066 3508 misericordiam,
1101 3428 1135 3490 et
1169 3421 1397 3490 remissionem
1423 3430 1637 3514 peccatorum

268 3544 408 3629 propter
434 3557 509 3606 eum
537 3556 709 3630 speramus
736 3539 916 3631 consequi,
945 3546 978 3607 et
1003 3534 1117 3622 nobb,
1145 3537 1294 3631 stipsis.

373 3649 536 3742 Populus.
590 3651 741 3738 Quietem
767 3661 911 3746 praesta.

375 3763 559 3838 Sacerdos.
623 3763 787 3859 cognitor
816 3766 1101 3857 absconditomm,
1137 3777 1170 3838 et
1204 3767 1439 3860 cogitationum
1472 3777 1637 3841 scrutator

270 3883 426 3967 Domine,
454 3881 560 3968 aulen,
588 3893 621 3955 et
641 3882 844 3962 deleomnia
862 3895 1001 3981 peccata
1019 3894 1146 3972 nostra,
1172 3893 1262 3971 nota,
1290 3893 1324 3954 et
1339 3884 1465 3976 ignota,
1493 3895 1636 3973 secreta,

270 4009 303 4069 st
329 3995 477 4093 publica,
506 3997 692 4071 voluntaria
720 4011 754 4072 et
778 3999 1019 4087 involuntaria,
1046 3999 1158 4090 hujus,
1192 3998 1440 4095 praecedendo,
1473 4011 1507 4072 et
1537 4000 1636 4073 bituri

268 4117 449 4211 temporis3
483 4125 517 4185 et
543 4137 617 4188 cum
644 4126 700 4188 tuo
723 4121 820 4209 jussu
848 4116 890 4188 ad
916 4115 1014 4188 linem
1048 4119 1138 4188 vitae
1169 4118 1376 4204 venerimus,
1407 4121 1504 4209 juxta
1546 4120 1635 4189 viam

269 4233 449 4324 antiquam,
463 4241 497 4301 et
505 4231 710 4323 generalem,
725 4232 910 4306 hominibus
924 4235 1090 4305 universis
1100 4235 1322 4322 constitutam,
1335 4241 1368 4303 et
1379 4238 1635 4330 praescriptam:

270 4345 410 4441 dispono
436 4367 499 4418 nos
525 4349 588 4436 ita3
614 4357 651 4418 ut
676 4346 795 4422 nullius
822 4351 967 4436 conscii,
1000 4371 1115 4421 coram
1143 4347 1295 4421 tribunali
1321 4358 1376 4420 tuo
1404 4349 1574 4422 tremendo
1602 4360 1636 4422 et

268 4461 433 4551 timendo,
467 4466 696 4537 consistamus.
749 4465 883 4557 Adjuva
920 4487 983 4538 nos
1014 4465 1108 4536 Deus
1134 4463 1292 4536 Salvator
1324 4475 1457 4554 noster,
1492 4476 1526 4537 et
1559 4469 1634 4538 vias

268 4581 361 4650 vitae
388 4577 486 4651 uobis
514 4578 720 4669 demonstra,
748 4593 782 4654 et
808 4585 943 4654 semitas
971 4580 1099 4654 luminis
1126 4580 1260 4679 plenas,
1293 4603 1378 4676 quae
1405 4593 1497 4654 recte
1524 4581 1635 4654 dedu-

270 4705 347 4766 cant
368 4694 410 4766 ad
428 4705 559 4791 portum
580 4695 794 4790 benignitatis
820 4708 908 4787 tuae,
936 4709 970 4770 ut
992 4701 1024 4769 iu
1044 4696 1153 4786 nobis,
1181 4707 1214 4767 et
1230 4718 1292 4791 pro
1313 4697 1422 4787 nobis,
1450 4709 1484 4770 et
1499 4709 1635 4794 propter

268 4831 343 4899 nos,
372 4819 405 4882 et
431 4809 473 4883 ab
502 4811 653 4886 omnibus
680 4813 845 4886 exaltetur
871 4836 992 4887 nomen
1009 4823 1110 4903 mum,
1137 4834 1284 4885 necnon
1304 4816 1462 4906 unigeniti
1480 4813 1555 4887 Filii
1577 4818 1633 4900 tui,

270 4938 304 5000 et
329 4927 472 5024 Spiritus
499 4931 554 5000 tui.

326 5111 335 5123 ,
372 5043 531 5138 Populos.
584 5043 636 5119 Ut.
