4804 6026
721 541 867 616 XIV'
1144 545 1647 624 DISSERTATIO

722 743 757 805 et
781 737 995 806 instrumenta
1022 731 1277 821 Pania-chana,
1304 731 1381 804 nibil
1407 735 1439 803 in
1467 755 1507 804 ea
1534 730 1743 806 scriberetur.
1778 733 1876 830 Syris
1903 739 2003 828 igitur
2028 737 2088 810 ia-

722 850 785 922 cile
809 847 870 922 suit
896 850 1009 923 Officia
1035 872 1124 922 nova
1152 847 1316 936 sorbuere,
1349 851 1500 944 mamus
1532 848 1646 942 lingua
1679 849 1827 945 vulgaris
1865 874 1941 925 esse
1968 853 2087 928 dudum

723 966 919 1040 desivisset:
948 966 1019 1038 aliis
1047 987 1115 1036 non
1140 968 1228 1036 item.
1281 964 1361 1037 lnde
1386 965 1509 1038 lactina
1535 973 1571 1037 ut
1594 965 1723 1038 illorum
1750 966 1851 1040 multo
1866 967 1972 1064 plura,
1991 992 2089 1065 quam

722 1083 921 1178 reliquorum
950 1081 1208 1154 Christianorum
1236 1081 1449 1155 Orientalium
1465 1080 1579 1155 Officia
1595 1082 1786 1155 habeantur.
1813 1082 1974 1158 Extitisse
1990 1089 2089 1159 etiam

583 1269 585 1278 χ
723 1202 897 1294 antiquitus
923 1200 957 1268 in
983 1197 1039 1270 illu
1064 1195 1251 1269 Jacobitica
1276 1196 1429 1270 Ecclesia
1464 1197 1660 1293 multiplices
1685 1198 1855 1292 Liturgias
1892 1213 2088 1292 argumento

725 1325 793 1404 est,
821 1337 861 1385 ea
889 1336 985 1408 quam
1011 1314 1159 1387 loannes
1193 1336 1289 1409 quern
1323 1314 1480 1407 Magnum
1517 1313 1682 1410 appellant
1714 1315 1905 1388 Patriarcba
1940 1315 2088 1410 collegit,

724 1434 867 1504 servatis
895 1430 1031 1501 aliarum
1056 1428 1170 1502 verbis
1198 1439 1232 1500 et
1258 1433 1439 1504 sententiis.
1468 1417 1628 1517 Quamvis
1654 1441 1763 1503 autem
1789 1431 1874 1504 illius
1902 1440 1995 1506 aetas
2018 1457 2086 1506 non

723 1549 803 1621 satis
830 1555 1008 1642 perspecta
1035 1549 1093 1635 sit,
1127 1555 1161 1616 at
1194 1544 1360 1617 scribebat
1394 1556 1546 1641 quamam
1576 1547 1748 1638 ¹conjicere
1781 1562 1976 1642 possumus,
2010 1559 2086 1622 ante

722 1685 827 1736 annos
853 1674 888 1734 nt
914 1666 1020 1734 minus
1047 1672 1238 1738 sexcentos.
1289 1664 1401 1758 Atque
1433 1662 1517 1734 baec
1547 1673 1623 1735 sunt
1649 1686 1734 1756 quae
1762 1663 1803 1734 de
1829 1666 1900 1736 istis
1927 1664 2086 1758 Liturgiis

722 1778 927 1875 probabilius
955 1778 1017 1849 dici
1044 1799 1147 1874 posse
1174 1778 1349 1868 videntur,
1376 1777 1483 1851 donec
1508 1779 1646 1850 meliora
1674 1790 1708 1850 et
1734 1783 1878 1852 certiora
1897 1803 1942 1851 ex
1959 1782 2085 1854 Orien-

723 1894 850 1968 talibus
868 1893 959 1967 libris
986 1898 1042 1990 qui
1068 1893 1111 1966 ad
1136 1917 1252 1966 manus
1278 1903 1412 1968 nostros
1437 1915 1504 1966 non
1530 1904 1770 1991 pervenerint,
1804 1895 2007 1987 detegantur.
2046 1919 2049 1926 ·

436 2022 567 2092 liturgiae
581 2039 711 2077 commen·
826 2011 948 2083 XXIV.
974 2010 1083 2083 Unum
1109 2007 1273 2102 adjicere,
1300 2014 1592 2107 operaepretium
1618 2014 1698 2082 erit:
1725 2033 1843 2106 nempe
1870 2009 2024 2106 quidquid
2044 2013 2086 2086 de

400 2109 494 2160 ΜΨ
521 2125 535 2159 ³
562 2111 784 2199 Sinceritltlillis
812 2127 933 2200 Officiis
959 2137 1118 2200 statuatur
1143 2125 1198 2197 illa
1225 2125 1346 2222 duplici
1372 2129 1500 2200 ratione
1527 2127 1772 2216 commendari,
1800 2129 1996 2200 sinceritatis
2010 2133 2084 2202 sci-

719 2244 816 2332 licet,
851 2253 949 2338 atque
975 2245 1160 2315 vetustatis.
1198 2242 1285 2315 Nam
1311 2245 1439 2334 omnia,
1473 2265 1610 2337 quorum
1643 2246 1835 2316 versionem
1871 2242 2004 2336 damus,
2038 2267 2084 2318 ex

719 2363 850 2454 optimis
882 2381 947 2430 nec
980 2357 1187 2454 interpolatis
1221 2357 1389 2431 codicibus
1422 2381 1585 2455 expressa
1621 2368 1717 2449 sunt,
1749 2362 1861 2456 ¹iisque
1894 2381 1962 2432 non
1994 2364 2084 2434 unis:

719 2486 818 2571 atque
845 2475 930 2548 adeo
951 2476 1089 2590 plurium
1117 2497 1302 2549 consensus
1328 2480 1361 2547 in
1387 2479 1531 2569 genuina
1556 2475 1699 2548 lectione
1713 2474 1937 2548 confirmanda
1952 2475 2084 2571 plenam

402 2201 428 2246 et
445 2202 579 2248 vetustate.

720 2595 928 2664 autoritatem
953 2589 1069 2682 habet,
1097 2615 1196 2687 mam
1222 2591 1460 2688 exemplarium
1487 2595 1660 2687 antiquitas
1696 2592 1738 2665 ab
1773 2594 1861 2664 omni
1896 2594 2087 2688 suspicione

718 2709 872 2780 vindicat.
925 2707 1003 2804 Ipsa
1029 2730 1113 2782 vero
1140 2711 1175 2780 in
1199 2731 1262 2781 usu
1288 2708 1409 2800 fuisse,
1435 2707 1510 2780 libri
1537 2712 1669 2803 quc'que
1694 2709 1758 2803 ipsi
1784 2716 1966 2798 testantur,
1998 2707 2084 2780 adeo

717 2830 783 2899 triti
808 2835 970 2922 apparent
996 2824 1204 2899 sacerdotum
1230 2824 1398 2898 manibus:
1425 2824 1575 2896 etmulti
1602 2833 1716 2896 extant
1741 2826 1775 2894 in
1803 2844 1941 2918 quorum
1966 2825 2084 2898 vacuis

716 2943 804 3014 foliis
832 2942 1015 3038 aliquorum
1041 2944 1193 3033 nomina,
1221 2952 1286 3014 tum
1315 2963 1429 3015 eorum
1456 2960 1539 3036 quos
1556 2939 1827 3035 baptismium,
1855 2939 1926 3010 dies
1943 2938 2084 3011 ordina-

717 3062 833 3149 tionis,
862 3058 970 3130 obitus
996 3057 1237 3154 Episcoporum
1265 3067 1321 3129 aut
1347 3055 1630 3147 Patriarcbarum,
1664 3066 1720 3128 aut
1751 3054 1968 3127 Sacerdotum
2001 3076 2083 3126 suae

716 3173 904 3264 Ecclesiae,
919 3172 1156 3247 adscribuntur.
1183 3174 1345 3246 Eumdem
1363 3195 1461 3245 usum
1483 3172 1829 3268 probantrecentiora
1854 3169 2081 3243 nonnullarum

718 3289 934 3384 exemplaria,
962 3313 1047 3384 quae
1072 3292 1213 3362 vetustis
1240 3289 1402 3362 simillima
1429 3296 1517 3361 sunt:
1545 3290 1686 3383 sparsim
1707 3289 1794 3359 enirn
1812 3287 1981 3378 Liturgiae
2007 3287 2084 3358 ibae

717 3410 942 3502 reperiuntur,
974 3428 1083 3500 neque
1109 3429 1155 3478 ex
1181 3404 1290 3480 multis
1317 3403 1486 3479 codicibus
1515 3423 1598 3500 quos
1624 3401 1816 3494 babuimus,
1848 3402 1946 3475 nobis
1972 3424 2083 3497 appa-

716 3528 792 3615 ruit,
818 3544 917 3595 unum
945 3507 1085 3616 aliquem
1102 3521 1284 3617 fuisseque
1302 3543 1418 3594 omnes
1445 3522 1702 3610 continerentur,
1730 3519 1815 3591 adeo
1841 3526 1877 3591 ut
1902 3517 2021 3612 nullus,
2047 3526 2083 3588 ut

718 3641 804 3736 apud
832 3637 993 3735 Coptitas,
1020 3638 1132 3711 codex
1158 3647 1251 3710 cxtm
1283 3641 1338 3734 qui
1370 3637 1592 3729 liturgiarum
1628 3657 1750 3732 corpus
1783 3637 1947 3726 integrum
1982 3656 2083 3706 corn-

715 3754 887 3852 plectatur.
915 3755 1000 3827 Hinc
1033 3764 1187 3849 quantum
1219 3756 1399 3846 conjectari
1430 3753 1508 3824 licet
1541 3751 1769 3840 confirmatur,
1801 3750 1834 3821 id
1861 3748 1948 3845 quod
1975 3769 2081 3844 supe-

628 3927 629 3932 ,
716 3875 786 3942 rius
811 3874 991 3964 tetigimus,
1018 3874 1051 3941 in
1078 3872 1269 3944 vastissima
1297 3869 1352 3941 illa
1378 3866 1588 3941 Antiocheno
1613 3867 1781 3955 Dioecesi,
1810 3864 2020 3955 Oatboliccs,
2049 3873 2083 3936 et

717 3990 811 4082 ipsos
837 3990 935 4059 etiam
961 3987 1163 4082 Episcopus,
1189 3985 1308 4058 multas
1335 3986 1523 4078 scripsisse,
1548 3984 1607 4054 vel
1632 3982 1809 4079 probasse,
1836 4004 1922 4078 quae
1947 3985 1981 4053 in
2006 3980 2081 4053 Ec-

719 4103 822 4175 clesia
848 4103 1055 4176 Antiocheno
1081 4125 1176 4175 usum
1203 4124 1270 4173 non
1295 4099 1472 4172 baberent
2091 4177 2096 4187 ‚

431 4248 547 4304 Omnium
562 4253 643 4306 torma
659 4272 706 4309 „.
821 4220 929 4292 XXV.
958 4221 1108 4293 Omnium
1133 4241 1234 4316 porro
1262 4217 1498 4312 exemplarium
1526 4239 1612 4312 quae
1638 4219 1670 4288 in
1695 4217 1831 4289 Oriente
1848 4214 1890 4288 ab
1917 4214 2082 4308 indigenis

396 4335 454 4390 ‘¹²¹³
472 4347 519 4392 ιιι·
719 4336 886 4432 descripta
914 4347 988 4410 sunt
1012 4336 1120 4410 forma
1148 4334 1266 4407 eadem
1299 4343 1352 4406 est
1391 4357 1476 4428 quae
1510 4337 1822 4430 antiquissimorum:
1857 4355 1876 4403 a
1910 4353 1974 4425 qua
1999 4331 2081 4403 lon-

718 4455 793 4545 gius
820 4451 952 4544 abeunt,
980 4473 1204 4548 quaecumque
1231 4473 1277 4522 ex
1302 4449 1433 4522 illorum
1458 4451 1608 4524 monibus
1635 4449 1827 4546 prodierunt
1853 4451 1908 4542 qui
1942 4450 1976 4518 in
2001 4444 2077 4517 Eu-

717 4591 836 4666 ropam
861 4573 1049 4662 venientes,
1076 4567 1151 4640 dum
1176 4567 1253 4640 fidei
1279 4589 1361 4640 suae
1396 4571 1617 4642 sinceritatem
1650 4565 1878 4637 demonstrare
1912 4572 2078 4656 satagunt,

716 4696 926 4758 mutaverunt
953 4707 1179 4780 quaecumque
1206 4707 1226 4755 a
1251 4683 1486 4774 blissionariis‚
1512 4682 1696 4778 improbata
1724 4702 1801 4753 esse
1828 4679 2018 4768 audierant,
2045 4689 2078 4750 et

717 4803 833 4875 similia
861 4823 965 4897 saepe
990 4801 1141 4889 vidimus,
1169 4823 1256 4896 quae
1281 4811 1317 4872 ut
1341 4800 1463 4873 inutilia
1488 4799 1599 4896 plane,
1626 4821 1672 4870 ex
1697 4797 1760 4869 bac
1792 4795 1990 4868 collectione
2015 4818 2078 4867 re-

713 4918 858 5011 jicienda
888 4918 1119 5010 judicavimus,
1155 4941 1229 4988 curn
1259 4917 1347 4988 nulla
1389 4920 1431 4989 sit
1471 4914 1599 4987 illorum
1639 4916 1811 4985 autoritas:
1845 4935 1954 5007 neque
1991 4912 2077 4980 enim

716 5039 914 5130 quaerimus,
942 5055 1027 5128 quae
1053 5031 1174 5106 debeat
1200 5055 1246 5106 ex
1272 5031 1383 5104 talium
1410 5052 1586 5105 censorum
1613 5034 1776 5104 sententia
1803 5051 1880 5104 esse
1916 5028 2076 5102 Orienta-
