<?xml version="1.0" encoding="UTF-8"?>
<!DOCTYPE html PUBLIC "-//W3C//DTD XHTML 1.0 Transitional//EN"
    "http://www.w3.org/TR/xhtml1/DTD/xhtml1-transitional.dtd">
<html xmlns="http://www.w3.org/1999/xhtml" xml:lang="en" lang="en">
 <head>
  <title>
</title>
<meta http-equiv="Content-Type" content="text/html;charset=utf-8" />
  <meta name='ocr-system' content='tesseract 3.04.00' />
  <meta name='ocr-capabilities' content='ocr_page ocr_carea ocr_par ocr_line ocrx_word'/>
</head>
<body>
  <div class='ocr_page' id='page_1' title='image "./liturgiarumorie04renagoog_0487.png"; bbox 0 0 4784 6040; ppageno 0'>
   <div class='ocr_carea' id='block_1_1' title="bbox 741 696 1604 776">
    <p class='ocr_par' dir='ltr' id='par_1_1' title="bbox 741 696 1604 776">
     <span class='ocr_line' id='line_1_1' title="bbox 741 696 1604 776; baseline 0.006 -6"><span class='ocrx_word' id='word_1_1' title='bbox 741 696 819 771; x_wconf 82' lang='lat'><strong>450</strong></span> <span class='ocrx_word' id='word_1_2' title='bbox 1244 697 1604 776; x_wconf 72' lang='lat' dir='ltr'><strong>birunain</strong></span> 
     </span>
    </p>
   </div>
   <div class='ocr_carea' id='block_1_2' title="bbox 738 881 2111 2001">
    <p class='ocr_par' dir='ltr' id='par_1_2' title="bbox 740 881 2110 1094">
     <span class='ocr_line' id='line_1_2' title="bbox 844 881 2110 980; baseline 0.003 -24"><span class='ocrx_word' id='word_1_3' title='bbox 844 884 1028 957; x_wconf 75' lang='lat' dir='ltr'><strong><em>Sacerdos.</em></strong></span> <span class='ocrx_word' id='word_1_4' title='bbox 1080 881 1125 954; x_wconf 89' lang='lat' dir='ltr'><strong>Et</strong></span> <span class='ocrx_word' id='word_1_5' title='bbox 1156 887 1289 957; x_wconf 85' lang='lat' dir='ltr'><strong>mistum</strong></span> <span class='ocrx_word' id='word_1_6' title='bbox 1322 884 1410 980; x_wconf 88' lang='lat' dir='ltr'><strong>quod</strong></span> <span class='ocrx_word' id='word_1_7' title='bbox 1445 896 1498 958; x_wconf 89' lang='lat' dir='ltr'><strong>est</strong></span> <span class='ocrx_word' id='word_1_8' title='bbox 1531 887 1565 957; x_wconf 93' lang='lat' dir='ltr'><strong>iu</strong></span> <span class='ocrx_word' id='word_1_9' title='bbox 1600 885 1819 978; x_wconf 84' lang='lat' dir='ltr'><strong>buccolica,</strong></span> <span class='ocrx_word' id='word_1_10' title='bbox 1851 897 2047 960; x_wconf 73' lang='lat' dir='ltr'><strong>transmutet</strong></span> <span class='ocrx_word' id='word_1_11' title='bbox 2076 891 2110 960; x_wconf 92' lang='lat' dir='ltr'><strong>iu</strong></span> 
     </span>
     <span class='ocr_line' id='line_1_3' title="bbox 740 997 1319 1094; baseline -0.007 -20"><span class='ocrx_word' id='word_1_12' title='bbox 740 1004 937 1094; x_wconf 81' lang='lat' dir='ltr'><strong>sauguinem</strong></span> <span class='ocrx_word' id='word_1_13' title='bbox 964 997 1087 1072; x_wconf 83' lang='lat' dir='ltr'><strong>Christi</strong></span> <span class='ocrx_word' id='word_1_14' title='bbox 1112 1001 1178 1073; x_wconf 89' lang='lat' dir='ltr'><strong>Dei</strong></span> <span class='ocrx_word' id='word_1_15' title='bbox 1203 1003 1319 1072; x_wconf 82' lang='lat' dir='ltr'><strong>nostri.</strong></span> 
     </span>
    </p>

    <p class='ocr_par' dir='ltr' id='par_1_3' title="bbox 843 1116 1848 1209">
     <span class='ocr_line' id='line_1_4' title="bbox 843 1116 1848 1209; baseline -0.004 -21"><span class='ocrx_word' id='word_1_16' title='bbox 843 1116 1005 1209; x_wconf 79' lang='lat' dir='ltr'><strong>Popalne.</strong></span> <span class='ocrx_word' id='word_1_17' title='bbox 1057 1116 1178 1187; x_wconf 82' lang='lat' dir='ltr'><strong>Amen.</strong></span> <span class='ocrx_word' id='word_1_18' title='bbox 1845 1177 1848 1184; x_wconf 80' lang='grc'>,</span> 
     </span>
    </p>

    <p class='ocr_par' dir='ltr' id='par_1_4' title="bbox 738 1230 2111 1556">
     <span class='ocr_line' id='line_1_5' title="bbox 842 1230 2108 1329; baseline 0.004 -26"><span class='ocrx_word' id='word_1_19' title='bbox 842 1231 1027 1304; x_wconf 74' lang='lat' dir='ltr'><strong><em>Sacerdos.</em></strong></span> <span class='ocrx_word' id='word_1_20' title='bbox 1079 1231 1124 1304; x_wconf 88' lang='lat' dir='ltr'><strong>Ut</strong></span> <span class='ocrx_word' id='word_1_21' title='bbox 1150 1235 1216 1305; x_wconf 88' lang='lat' dir='ltr'><strong>siut</strong></span> <span class='ocrx_word' id='word_1_22' title='bbox 1242 1230 1395 1304; x_wconf 87' lang='lat' dir='ltr'><strong>omuibus</strong></span> <span class='ocrx_word' id='word_1_23' title='bbox 1421 1231 1678 1329; x_wconf 82' lang='lat' dir='ltr'><strong>suscipientibus</strong></span> <span class='ocrx_word' id='word_1_24' title='bbox 1712 1236 1745 1305; x_wconf 91' lang='lat' dir='ltr'><strong>iu</strong></span> <span class='ocrx_word' id='word_1_25' title='bbox 1778 1237 2009 1309; x_wconf 88' lang='lat' dir='ltr'><strong>remissionem</strong></span> <span class='ocrx_word' id='word_1_26' title='bbox 2042 1235 2108 1308; x_wconf 88' lang='lat' dir='ltr'><strong>de-</strong></span> 
     </span>
     <span class='ocr_line' id='line_1_6' title="bbox 738 1349 2111 1444; baseline 0.002 -23"><span class='ocrx_word' id='word_1_27' title='bbox 738 1350 889 1423; x_wconf 88' lang='lat' dir='ltr'><strong>bctornm</strong></span> <span class='ocrx_word' id='word_1_28' title='bbox 918 1369 1052 1436; x_wconf 73' lang='lat' dir='ltr'><strong>eorum,</strong></span> <span class='ocrx_word' id='word_1_29' title='bbox 1088 1357 1123 1419; x_wconf 91' lang='lat' dir='ltr'><strong>et</strong></span> <span class='ocrx_word' id='word_1_30' title='bbox 1155 1370 1217 1443; x_wconf 89' lang='lat' dir='ltr'><strong>per</strong></span> <span class='ocrx_word' id='word_1_31' title='bbox 1248 1371 1291 1420; x_wconf 91' lang='lat' dir='ltr'><strong>ea</strong></span> <span class='ocrx_word' id='word_1_32' title='bbox 1324 1353 1415 1420; x_wconf 85' lang='lat' dir='ltr'><strong>vitae</strong></span> <span class='ocrx_word' id='word_1_33' title='bbox 1452 1358 1610 1422; x_wconf 81' lang='lat' dir='ltr'><strong>aeternae</strong></span> <span class='ocrx_word' id='word_1_34' title='bbox 1644 1349 1809 1426; x_wconf 87' lang='lat' dir='ltr'><strong>haeredes</strong></span> <span class='ocrx_word' id='word_1_35' title='bbox 1843 1353 2044 1444; x_wconf 79' lang='lat' dir='ltr'><strong>efficiantur,</strong></span> <span class='ocrx_word' id='word_1_36' title='bbox 2077 1364 2111 1425; x_wconf 91' lang='lat' dir='ltr'><strong>et</strong></span> 
     </span>
     <span class='ocr_line' id='line_1_7' title="bbox 739 1461 1187 1556; baseline -0.004 -20"><span class='ocrx_word' id='word_1_37' title='bbox 739 1465 924 1538; x_wconf 82' lang='lat' dir='ltr'><strong>reseremus</strong></span> <span class='ocrx_word' id='word_1_38' title='bbox 951 1461 1009 1534; x_wconf 91' lang='lat' dir='ltr'><strong>tibi</strong></span> <span class='ocrx_word' id='word_1_39' title='bbox 1035 1464 1187 1556; x_wconf 88' lang='lat' dir='ltr'><strong>gloriam.</strong></span> 
     </span>
    </p>

    <p class='ocr_par' dir='ltr' id='par_1_5' title="bbox 844 1579 1179 1673">
     <span class='ocr_line' id='line_1_8' title="bbox 844 1579 1179 1673; baseline -0.006 -21"><span class='ocrx_word' id='word_1_40' title='bbox 844 1579 1005 1673; x_wconf 84' lang='lat' dir='ltr'><strong>Popalas.</strong></span> <span class='ocrx_word' id='word_1_41' title='bbox 1058 1581 1179 1652; x_wconf 88' lang='lat' dir='ltr'><strong>Amen.</strong></span> 
     </span>
    </p>

    <p class='ocr_par' dir='ltr' id='par_1_6' title="bbox 739 1692 2108 2001">
     <span class='ocr_line' id='line_1_9' title="bbox 842 1692 2107 1794; baseline 0.006 -30"><span class='ocrx_word' id='word_1_42' title='bbox 842 1693 1018 1765; x_wconf 79' lang='lat' dir='ltr'><strong>Sacerdos</strong></span> <span class='ocrx_word' id='word_1_43' title='bbox 1043 1695 1234 1766; x_wconf 81' lang='lat' dir='ltr'><strong>inclinatae.</strong></span> <span class='ocrx_word' id='word_1_44' title='bbox 1288 1692 1464 1768; x_wconf 86' lang='lat' dir='ltr'><strong>Olierimus</strong></span> <span class='ocrx_word' id='word_1_45' title='bbox 1490 1695 1549 1768; x_wconf 88' lang='lat' dir='ltr'><strong>tibi</strong></span> <span class='ocrx_word' id='word_1_46' title='bbox 1574 1697 1717 1769; x_wconf 90' lang='lat' dir='ltr'><strong>Domine</strong></span> <span class='ocrx_word' id='word_1_47' title='bbox 1738 1696 1935 1771; x_wconf 87' lang='lat' dir='ltr'><strong>sacrificium</strong></span> <span class='ocrx_word' id='word_1_48' title='bbox 1959 1697 2025 1770; x_wconf 94' lang='lat' dir='ltr'><strong>boc</strong></span> <span class='ocrx_word' id='word_1_49' title='bbox 2045 1721 2107 1794; x_wconf 90' lang='lat' dir='ltr'><strong>pro</strong></span> 
     </span>
     <span class='ocr_line' id='line_1_10' title="bbox 739 1810 2108 1909; baseline 0.002 -25"><span class='ocrx_word' id='word_1_50' title='bbox 739 1811 894 1884; x_wconf 82' lang='lat' dir='ltr'><strong>Ecclesia</strong></span> <span class='ocrx_word' id='word_1_51' title='bbox 919 1820 976 1883; x_wconf 87' lang='lat' dir='ltr'><strong>tua</strong></span> <span class='ocrx_word' id='word_1_52' title='bbox 1003 1820 1118 1884; x_wconf 88' lang='lat' dir='ltr'><strong>sancta</strong></span> <span class='ocrx_word' id='word_1_53' title='bbox 1144 1810 1267 1906; x_wconf 91' lang='lat' dir='ltr'><strong>ubique</strong></span> <span class='ocrx_word' id='word_1_54' title='bbox 1294 1810 1421 1900; x_wconf 81' lang='lat' dir='ltr'><strong>diffusa,</strong></span> <span class='ocrx_word' id='word_1_55' title='bbox 1450 1821 1484 1884; x_wconf 92' lang='lat' dir='ltr'><strong>et</strong></span> <span class='ocrx_word' id='word_1_56' title='bbox 1508 1834 1570 1908; x_wconf 92' lang='lat' dir='ltr'><strong>pro</strong></span> <span class='ocrx_word' id='word_1_57' title='bbox 1594 1812 1719 1909; x_wconf 92' lang='lat' dir='ltr'><strong>populo</strong></span> <span class='ocrx_word' id='word_1_58' title='bbox 1751 1824 1807 1886; x_wconf 90' lang='lat' dir='ltr'><strong>tuo</strong></span> <span class='ocrx_word' id='word_1_59' title='bbox 1834 1813 1921 1886; x_wconf 84' lang='lat' dir='ltr'><strong>fideli</strong></span> <span class='ocrx_word' id='word_1_60' title='bbox 1947 1824 1981 1887; x_wconf 89' lang='lat' dir='ltr'><strong>et</strong></span> <span class='ocrx_word' id='word_1_61' title='bbox 2008 1813 2108 1888; x_wconf 82' lang='lat' dir='ltr'><strong>clero</strong></span> 
     </span>
     <span class='ocr_line' id='line_1_11' title="bbox 741 1928 951 2001; baseline -0.005 -1"><span class='ocrx_word' id='word_1_62' title='bbox 741 1928 951 2001; x_wconf 87' lang='lat' dir='ltr'><strong>sacerdotali.</strong></span> 
     </span>
    </p>
   </div>
   <div class='ocr_carea' id='block_1_3' title="bbox 846 2042 2238 2154">
    <p class='ocr_par' dir='ltr' id='par_1_7' title="bbox 846 2042 2238 2154">
     <span class='ocr_line' id='line_1_12' title="bbox 846 2042 2238 2154; baseline 0.001 -39"><span class='ocrx_word' id='word_1_63' title='bbox 846 2045 996 2115; x_wconf 80' lang='lat' dir='ltr'><strong>Elcoarte</strong></span> <span class='ocrx_word' id='word_1_64' title='bbox 1020 2065 1146 2116; x_wconf 87' lang='lat' dir='ltr'><strong>nocem.</strong></span> <span class='ocrx_word' id='word_1_65' title='bbox 1199 2042 1243 2117; x_wconf 89' lang='lat' dir='ltr'><strong>Et</strong></span> <span class='ocrx_word' id='word_1_66' title='bbox 1275 2044 1424 2117; x_wconf 91' lang='lat' dir='ltr'><strong>concede</strong></span> <span class='ocrx_word' id='word_1_67' title='bbox 1450 2043 1627 2120; x_wconf 83' lang='lat' dir='ltr'><strong>Ecclesiae</strong></span> <span class='ocrx_word' id='word_1_68' title='bbox 1662 2055 1739 2118; x_wconf 85' lang='lat' dir='ltr'><strong>tuae</strong></span> <span class='ocrx_word' id='word_1_69' title='bbox 1772 2053 1910 2118; x_wconf 88' lang='lat' dir='ltr'><strong>sauctae</strong></span> <span class='ocrx_word' id='word_1_70' title='bbox 1944 2047 2110 2142; x_wconf 75' lang='lat' dir='ltr'><strong>uauqrul-</strong></span> <span class='ocrx_word' id='word_1_71' title='bbox 2234 2141 2238 2154; x_wconf 26' lang='grc' dir='ltr'>ι</span> 
     </span>
    </p>
   </div>
   <div class='ocr_carea' id='block_1_4' title="bbox 739 2159 2113 3882">
    <p class='ocr_par' dir='ltr' id='par_1_8' title="bbox 739 2159 2110 2484">
     <span class='ocr_line' id='line_1_13' title="bbox 739 2159 2108 2258; baseline 0.002 -26"><span class='ocrx_word' id='word_1_72' title='bbox 739 2161 875 2250; x_wconf 87' lang='lat' dir='ltr'><strong>litatem,</strong></span> <span class='ocrx_word' id='word_1_73' title='bbox 903 2172 936 2233; x_wconf 87' lang='lat' dir='ltr'><strong>et</strong></span> <span class='ocrx_word' id='word_1_74' title='bbox 954 2175 1093 2258; x_wconf 85' lang='lat' dir='ltr'><strong>pacem,</strong></span> <span class='ocrx_word' id='word_1_75' title='bbox 1120 2159 1396 2256; x_wconf 81' lang='lat' dir='ltr'><strong>praesulibusque</strong></span> <span class='ocrx_word' id='word_1_76' title='bbox 1428 2163 1502 2254; x_wconf 88' lang='lat' dir='ltr'><strong>ejus</strong></span> <span class='ocrx_word' id='word_1_77' title='bbox 1528 2165 1690 2234; x_wconf 87' lang='lat' dir='ltr'><strong>caniciem</strong></span> <span class='ocrx_word' id='word_1_78' title='bbox 1715 2161 1860 2251; x_wconf 76' lang='lat' dir='ltr'><strong>bonam,</strong></span> <span class='ocrx_word' id='word_1_79' title='bbox 1891 2171 1926 2234; x_wconf 90' lang='lat' dir='ltr'><strong>et</strong></span> <span class='ocrx_word' id='word_1_80' title='bbox 1957 2163 2108 2236; x_wconf 92' lang='lat' dir='ltr'><strong>bonora-</strong></span> 
     </span>
     <span class='ocr_line' id='line_1_14' title="bbox 739 2275 2110 2374; baseline 0.002 -26"><span class='ocrx_word' id='word_1_81' title='bbox 739 2275 855 2349; x_wconf 88' lang='lat' dir='ltr'><strong>bilem:</strong></span> <span class='ocrx_word' id='word_1_82' title='bbox 883 2286 918 2348; x_wconf 90' lang='lat' dir='ltr'><strong>et</strong></span> <span class='ocrx_word' id='word_1_83' title='bbox 942 2288 1050 2349; x_wconf 89' lang='lat' dir='ltr'><strong>statue</strong></span> <span class='ocrx_word' id='word_1_84' title='bbox 1077 2281 1110 2348; x_wconf 92' lang='lat' dir='ltr'><strong>iu</strong></span> <span class='ocrx_word' id='word_1_85' title='bbox 1137 2299 1178 2348; x_wconf 89' lang='lat' dir='ltr'><strong>ea</strong></span> <span class='ocrx_word' id='word_1_86' title='bbox 1205 2276 1365 2350; x_wconf 87' lang='lat' dir='ltr'><strong>Pastores</strong></span> <span class='ocrx_word' id='word_1_87' title='bbox 1400 2281 1573 2373; x_wconf 85' lang='lat' dir='ltr'><strong>qui·recte</strong></span> <span class='ocrx_word' id='word_1_88' title='bbox 1610 2277 1804 2374; x_wconf 87' lang='lat' dir='ltr'><strong>dispensent</strong></span> <span class='ocrx_word' id='word_1_89' title='bbox 1836 2276 1979 2350; x_wconf 89' lang='lat' dir='ltr'><strong>verbum</strong></span> <span class='ocrx_word' id='word_1_90' title='bbox 2010 2282 2110 2352; x_wconf 87' lang='lat' dir='ltr'><strong>veri-</strong></span> 
     </span>
     <span class='ocr_line' id='line_1_15' title="bbox 740 2392 1286 2484; baseline 0 -19"><span class='ocrx_word' id='word_1_91' title='bbox 740 2396 828 2484; x_wconf 85' lang='lat' dir='ltr'><strong>tatis,</strong></span> <span class='ocrx_word' id='word_1_92' title='bbox 855 2405 889 2466; x_wconf 90' lang='lat' dir='ltr'><strong>et</strong></span> <span class='ocrx_word' id='word_1_93' title='bbox 913 2393 1099 2465; x_wconf 87' lang='lat' dir='ltr'><strong>referemus</strong></span> <span class='ocrx_word' id='word_1_94' title='bbox 1125 2392 1196 2480; x_wconf 85' lang='lat' dir='ltr'><strong>tibi,</strong></span> <span class='ocrx_word' id='word_1_95' title='bbox 1223 2404 1286 2465; x_wconf 90' lang='lat' dir='ltr'><strong>etc.</strong></span> 
     </span>
    </p>

    <p class='ocr_par' dir='ltr' id='par_1_9' title="bbox 740 2508 2112 2718">
     <span class='ocr_line' id='line_1_16' title="bbox 844 2508 2112 2599; baseline 0.002 -20"><span class='ocrx_word' id='word_1_96' title='bbox 844 2508 1019 2580; x_wconf 80' lang='lat' dir='ltr'><strong>Sacerdos</strong></span> <span class='ocrx_word' id='word_1_97' title='bbox 1038 2508 1230 2580; x_wconf 81' lang='lat' dir='ltr'><strong>inclinatae.</strong></span> <span class='ocrx_word' id='word_1_98' title='bbox 1281 2508 1450 2581; x_wconf 87' lang='lat' dir='ltr'><strong>Memento</strong></span> <span class='ocrx_word' id='word_1_99' title='bbox 1488 2511 1632 2582; x_wconf 89' lang='lat' dir='ltr'><strong>Domine</strong></span> <span class='ocrx_word' id='word_1_100' title='bbox 1674 2511 1837 2599; x_wconf 72' lang='lat' dir='ltr'><strong>omnium,</strong></span> <span class='ocrx_word' id='word_1_101' title='bbox 1876 2512 2038 2581; x_wconf 86' lang='lat' dir='ltr'><strong>miserere</strong></span> <span class='ocrx_word' id='word_1_102' title='bbox 2076 2519 2112 2581; x_wconf 89' lang='lat' dir='ltr'><strong>et</strong></span> 
     </span>
     <span class='ocr_line' id='line_1_17' title="bbox 740 2623 2070 2718; baseline 0 -22"><span class='ocrx_word' id='word_1_103' title='bbox 740 2624 863 2715; x_wconf 86' lang='lat' dir='ltr'><strong>adjuva</strong></span> <span class='ocrx_word' id='word_1_104' title='bbox 891 2645 1006 2696; x_wconf 89' lang='lat' dir='ltr'><strong>omnes</strong></span> <span class='ocrx_word' id='word_1_105' title='bbox 1034 2627 1091 2718; x_wconf 86' lang='lat' dir='ltr'><strong>qui</strong></span> <span class='ocrx_word' id='word_1_106' title='bbox 1116 2627 1276 2698; x_wconf 88' lang='lat' dir='ltr'><strong>invocant</strong></span> <span class='ocrx_word' id='word_1_107' title='bbox 1301 2634 1348 2716; x_wconf 78' lang='lat' dir='ltr'><strong>te,</strong></span> <span class='ocrx_word' id='word_1_108' title='bbox 1374 2634 1408 2696; x_wconf 89' lang='lat' dir='ltr'><strong>et</strong></span> <span class='ocrx_word' id='word_1_109' title='bbox 1433 2624 1476 2696; x_wconf 89' lang='lat' dir='ltr'><strong>ad</strong></span> <span class='ocrx_word' id='word_1_110' title='bbox 1502 2635 1536 2696; x_wconf 90' lang='lat' dir='ltr'><strong>te</strong></span> <span class='ocrx_word' id='word_1_111' title='bbox 1563 2623 1758 2717; x_wconf 80' lang='lat' dir='ltr'><strong>conmgimt</strong></span> <span class='ocrx_word' id='word_1_112' title='bbox 1783 2646 1858 2696; x_wconf 92' lang='lat' dir='ltr'><strong>cum</strong></span> <span class='ocrx_word' id='word_1_113' title='bbox 1884 2624 1950 2697; x_wconf 85' lang='lat' dir='ltr'><strong>lide</strong></span> <span class='ocrx_word' id='word_1_114' title='bbox 1975 2647 2070 2698; x_wconf 87' lang='lat' dir='ltr'><strong>vcra.</strong></span> 
     </span>
    </p>

    <p class='ocr_par' dir='ltr' id='par_1_10' title="bbox 740 2738 2111 3068">
     <span class='ocr_line' id='line_1_18' title="bbox 844 2738 2111 2836; baseline 0.002 -26"><span class='ocrx_word' id='word_1_115' title='bbox 844 2740 996 2811; x_wconf 74' lang='lat' dir='ltr'><strong>Elaeam</strong></span> <span class='ocrx_word' id='word_1_116' title='bbox 1026 2762 1152 2812; x_wconf 85' lang='lat' dir='ltr'><strong>nocem.</strong></span> <span class='ocrx_word' id='word_1_117' title='bbox 1204 2740 1376 2814; x_wconf 82' lang='lat' dir='ltr'><strong>Auxilium</strong></span> <span class='ocrx_word' id='word_1_118' title='bbox 1408 2743 1509 2813; x_wconf 89' lang='lat' dir='ltr'><strong>etiam</strong></span> <span class='ocrx_word' id='word_1_119' title='bbox 1547 2749 1638 2815; x_wconf 90' lang='lat' dir='ltr'><strong>tuum</strong></span> <span class='ocrx_word' id='word_1_120' title='bbox 1675 2738 1827 2815; x_wconf 78' lang='lat' dir='ltr'><strong>caulibus</strong></span> <span class='ocrx_word' id='word_1_121' title='bbox 1860 2749 2015 2835; x_wconf 83' lang='lat' dir='ltr'><strong>praesta,</strong></span> <span class='ocrx_word' id='word_1_122' title='bbox 2055 2744 2111 2836; x_wconf 85' lang='lat' dir='ltr'><strong>qui</strong></span> 
     </span>
     <span class='ocr_line' id='line_1_19' title="bbox 741 2854 2111 2951; baseline 0.003 -25"><span class='ocrx_word' id='word_1_123' title='bbox 741 2865 894 2948; x_wconf 82' lang='lat' dir='ltr'><strong>egestate</strong></span> <span class='ocrx_word' id='word_1_124' title='bbox 935 2865 968 2927; x_wconf 91' lang='lat' dir='ltr'><strong>et</strong></span> <span class='ocrx_word' id='word_1_125' title='bbox 1001 2858 1163 2948; x_wconf 83' lang='lat' dir='ltr'><strong>augustiis</strong></span> <span class='ocrx_word' id='word_1_126' title='bbox 1199 2855 1435 2930; x_wconf 84' lang='lat' dir='ltr'><strong>conflictantur.</strong></span> <span class='ocrx_word' id='word_1_127' title='bbox 1488 2855 1628 2931; x_wconf 80' lang='lat' dir='ltr'><strong>Custodi</strong></span> <span class='ocrx_word' id='word_1_128' title='bbox 1658 2856 1801 2928; x_wconf 89' lang='lat' dir='ltr'><strong>Domine</strong></span> <span class='ocrx_word' id='word_1_129' title='bbox 1834 2877 1896 2930; x_wconf 86' lang='lat' dir='ltr'><strong>eos</strong></span> <span class='ocrx_word' id='word_1_130' title='bbox 1932 2880 1952 2930; x_wconf 92' lang='lat' dir='ltr'><strong>a</strong></span> <span class='ocrx_word' id='word_1_131' title='bbox 1992 2854 2111 2951; x_wconf 87' lang='lat' dir='ltr'><strong>quibus</strong></span> 
     </span>
     <span class='ocr_line' id='line_1_20' title="bbox 740 2971 1989 3068; baseline 0.003 -26"><span class='ocrx_word' id='word_1_132' title='bbox 740 2995 856 3046; x_wconf 87' lang='lat' dir='ltr'><strong>manus</strong></span> <span class='ocrx_word' id='word_1_133' title='bbox 884 2971 1116 3044; x_wconf 80' lang='lat' dir='ltr'><strong>auxiliatorum</strong></span> <span class='ocrx_word' id='word_1_134' title='bbox 1142 2971 1339 3068; x_wconf 87' lang='lat' dir='ltr'><strong>praeclusae</strong></span> <span class='ocrx_word' id='word_1_135' title='bbox 1366 2983 1452 3062; x_wconf 74' lang='lat' dir='ltr'><strong>suut,</strong></span> <span class='ocrx_word' id='word_1_136' title='bbox 1479 2984 1514 3046; x_wconf 92' lang='lat' dir='ltr'><strong>et</strong></span> <span class='ocrx_word' id='word_1_137' title='bbox 1539 2972 1724 3047; x_wconf 83' lang='lat' dir='ltr'><strong>reseremus</strong></span> <span class='ocrx_word' id='word_1_138' title='bbox 1750 2971 1809 3044; x_wconf 93' lang='lat' dir='ltr'><strong>tibi</strong></span> <span class='ocrx_word' id='word_1_139' title='bbox 1835 2974 1989 3066; x_wconf 85' lang='lat' dir='ltr'><strong>gloriam.</strong></span> 
     </span>
    </p>

    <p class='ocr_par' dir='ltr' id='par_1_11' title="bbox 740 3087 2111 3301">
     <span class='ocr_line' id='line_1_21' title="bbox 845 3087 2111 3183; baseline 0.001 -25"><span class='ocrx_word' id='word_1_140' title='bbox 845 3087 1022 3160; x_wconf 71' lang='lat' dir='ltr'><strong>Sacerdos</strong></span> <span class='ocrx_word' id='word_1_141' title='bbox 1047 3088 1239 3160; x_wconf 81' lang='lat' dir='ltr'><strong>inclinatae.</strong></span> <span class='ocrx_word' id='word_1_142' title='bbox 1279 3089 1448 3162; x_wconf 83' lang='lat' dir='ltr'><strong>Memento</strong></span> <span class='ocrx_word' id='word_1_143' title='bbox 1467 3089 1611 3162; x_wconf 90' lang='lat' dir='ltr'><strong>Domine</strong></span> <span class='ocrx_word' id='word_1_144' title='bbox 1636 3089 1768 3181; x_wconf 82' lang='lat' dir='ltr'><strong>Regum</strong></span> <span class='ocrx_word' id='word_1_145' title='bbox 1794 3089 1938 3162; x_wconf 84' lang='lat' dir='ltr'><strong>fidelium</strong></span> <span class='ocrx_word' id='word_1_146' title='bbox 1965 3091 2021 3183; x_wconf 92' lang='lat' dir='ltr'><strong>qui</strong></span> <span class='ocrx_word' id='word_1_147' title='bbox 2034 3087 2111 3160; x_wconf 88' lang='lat' dir='ltr'><strong>Ec—</strong></span> 
     </span>
     <span class='ocr_line' id='line_1_22' title="bbox 740 3202 2019 3301; baseline 0 -25"><span class='ocrx_word' id='word_1_148' title='bbox 740 3202 878 3277; x_wconf 87' lang='lat' dir='ltr'><strong>clesiam</strong></span> <span class='ocrx_word' id='word_1_149' title='bbox 904 3213 991 3275; x_wconf 92' lang='lat' dir='ltr'><strong>tuam</strong></span> <span class='ocrx_word' id='word_1_150' title='bbox 1019 3215 1168 3277; x_wconf 88' lang='lat' dir='ltr'><strong>sanctam</strong></span> <span class='ocrx_word' id='word_1_151' title='bbox 1194 3204 1363 3299; x_wconf 79' lang='lat' dir='ltr'><strong>adjuvant,</strong></span> <span class='ocrx_word' id='word_1_152' title='bbox 1390 3214 1425 3276; x_wconf 87' lang='lat' dir='ltr'><strong>et</strong></span> <span class='ocrx_word' id='word_1_153' title='bbox 1449 3203 1574 3301; x_wconf 91' lang='lat' dir='ltr'><strong>populo</strong></span> <span class='ocrx_word' id='word_1_154' title='bbox 1601 3215 1659 3278; x_wconf 88' lang='lat' dir='ltr'><strong>tuo</strong></span> <span class='ocrx_word' id='word_1_155' title='bbox 1685 3204 1775 3278; x_wconf 86' lang='lat' dir='ltr'><strong>fideli</strong></span> <span class='ocrx_word' id='word_1_156' title='bbox 1801 3205 2019 3278; x_wconf 84' lang='lat' dir='ltr'><strong>benefaciunt</strong></span> 
     </span>
    </p>

    <p class='ocr_par' dir='ltr' id='par_1_12' title="bbox 741 3320 2112 3642">
     <span class='ocr_line' id='line_1_23' title="bbox 843 3320 2111 3419; baseline 0.003 -29"><span class='ocrx_word' id='word_1_157' title='bbox 843 3320 995 3394; x_wconf 74' lang='lat' dir='ltr'><strong>Menace</strong></span> <span class='ocrx_word' id='word_1_158' title='bbox 1018 3342 1146 3395; x_wconf 80' lang='lat' dir='ltr'><strong>cacam,</strong></span> <span class='ocrx_word' id='word_1_159' title='bbox 1172 3320 1217 3393; x_wconf 90' lang='lat' dir='ltr'><strong>Et</strong></span> <span class='ocrx_word' id='word_1_160' title='bbox 1243 3320 1338 3393; x_wconf 89' lang='lat' dir='ltr'><strong>auler</strong></span> <span class='ocrx_word' id='word_1_161' title='bbox 1364 3345 1384 3392; x_wconf 92' lang='lat' dir='ltr'><strong>a</strong></span> <span class='ocrx_word' id='word_1_162' title='bbox 1410 3320 1507 3393; x_wconf 90' lang='lat' dir='ltr'><strong>nobis</strong></span> <span class='ocrx_word' id='word_1_163' title='bbox 1533 3320 1677 3393; x_wconf 90' lang='lat' dir='ltr'><strong>Domine</strong></span> <span class='ocrx_word' id='word_1_164' title='bbox 1702 3323 1867 3394; x_wconf 90' lang='lat' dir='ltr'><strong>inimicum</strong></span> <span class='ocrx_word' id='word_1_165' title='bbox 1894 3323 2111 3419; x_wconf 83' lang='lat' dir='ltr'><strong>spiritualem,</strong></span> 
     </span>
     <span class='ocr_line' id='line_1_24' title="bbox 741 3436 2112 3534; baseline 0.002 -27"><span class='ocrx_word' id='word_1_166' title='bbox 741 3439 880 3530; x_wconf 88' lang='lat' dir='ltr'><strong>ejusque</strong></span> <span class='ocrx_word' id='word_1_167' title='bbox 907 3436 1129 3532; x_wconf 73' lang='lat' dir='ltr'><strong>tyrannidem,</strong></span> <span class='ocrx_word' id='word_1_168' title='bbox 1155 3448 1190 3509; x_wconf 87' lang='lat' dir='ltr'><strong>et</strong></span> <span class='ocrx_word' id='word_1_169' title='bbox 1216 3460 1263 3509; x_wconf 84' lang='lat' dir='ltr'><strong>ex</strong></span> <span class='ocrx_word' id='word_1_170' title='bbox 1282 3458 1381 3509; x_wconf 92' lang='lat' dir='ltr'><strong>mauu</strong></span> <span class='ocrx_word' id='word_1_171' title='bbox 1406 3439 1590 3533; x_wconf 89' lang='lat' dir='ltr'><strong>principum</strong></span> <span class='ocrx_word' id='word_1_172' title='bbox 1608 3437 1916 3511; x_wconf 80' lang='lat' dir='ltr'><strong>immisericordium</strong></span> <span class='ocrx_word' id='word_1_173' title='bbox 1927 3460 1990 3512; x_wconf 91' lang='lat' dir='ltr'><strong>nos</strong></span> <span class='ocrx_word' id='word_1_174' title='bbox 2005 3441 2112 3534; x_wconf 82' lang='lat' dir='ltr'><strong>eripe,</strong></span> 
     </span>
     <span class='ocr_line' id='line_1_25' title="bbox 741 3550 1171 3642; baseline 0.007 -20"><span class='ocrx_word' id='word_1_175' title='bbox 741 3561 774 3622; x_wconf 87' lang='lat' dir='ltr'><strong>et</strong></span> <span class='ocrx_word' id='word_1_176' title='bbox 800 3550 985 3625; x_wconf 78' lang='lat' dir='ltr'><strong>referemus</strong></span> <span class='ocrx_word' id='word_1_177' title='bbox 1011 3550 1081 3642; x_wconf 83' lang='lat' dir='ltr'><strong>tibi,</strong></span> <span class='ocrx_word' id='word_1_178' title='bbox 1109 3563 1171 3625; x_wconf 90' lang='lat' dir='ltr'><strong>etc.</strong></span> 
     </span>
    </p>

    <p class='ocr_par' dir='ltr' id='par_1_13' title="bbox 741 3649 2113 3882">
     <span class='ocr_line' id='line_1_26' title="bbox 843 3649 2112 3743; baseline 0 -3"><span class='ocrx_word' id='word_1_179' title='bbox 843 3669 1020 3740; x_wconf 75' lang='lat' dir='ltr'><strong>Sacerdos</strong></span> <span class='ocrx_word' id='word_1_180' title='bbox 1044 3669 1236 3740; x_wconf 80' lang='lat' dir='ltr'><strong>inclinatae.</strong></span> <span class='ocrx_word' id='word_1_181' title='bbox 1275 3668 1443 3743; x_wconf 87' lang='lat' dir='ltr'><strong>Memento</strong></span> <span class='ocrx_word' id='word_1_182' title='bbox 1466 3671 1609 3742; x_wconf 90' lang='lat' dir='ltr'><strong>Domine</strong></span> <span class='ocrx_word' id='word_1_183' title='bbox 1635 3649 1832 3742; x_wconf 81' lang='lat' dir='ltr'><strong>Sanctorum</strong></span> <span class='ocrx_word' id='word_1_184' title='bbox 1861 3672 2004 3742; x_wconf 88' lang='lat' dir='ltr'><strong>omnium</strong></span> <span class='ocrx_word' id='word_1_185' title='bbox 2031 3691 2112 3740; x_wconf 91' lang='lat' dir='ltr'><strong>ma-</strong></span> 
     </span>
     <span class='ocr_line' id='line_1_27' title="bbox 741 3784 2113 3882; baseline 0 -26"><span class='ocrx_word' id='word_1_186' title='bbox 741 3787 866 3879; x_wconf 86' lang='lat' dir='ltr'><strong>trisque</strong></span> <span class='ocrx_word' id='word_1_187' title='bbox 891 3787 1050 3877; x_wconf 86' lang='lat' dir='ltr'><strong>unigeniti</strong></span> <span class='ocrx_word' id='word_1_188' title='bbox 1077 3785 1152 3856; x_wconf 85' lang='lat' dir='ltr'><strong>Filii</strong></span> <span class='ocrx_word' id='word_1_189' title='bbox 1176 3789 1239 3858; x_wconf 89' lang='lat' dir='ltr'><strong>tui:</strong></span> <span class='ocrx_word' id='word_1_190' title='bbox 1267 3784 1373 3873; x_wconf 88' lang='lat' dir='ltr'><strong>salva,</strong></span> <span class='ocrx_word' id='word_1_191' title='bbox 1400 3795 1435 3857; x_wconf 91' lang='lat' dir='ltr'><strong>et</strong></span> <span class='ocrx_word' id='word_1_192' title='bbox 1461 3785 1620 3858; x_wconf 86' lang='lat' dir='ltr'><strong>confirma</strong></span> <span class='ocrx_word' id='word_1_193' title='bbox 1646 3805 1710 3860; x_wconf 86' lang='lat' dir='ltr'><strong>uos</strong></span> <span class='ocrx_word' id='word_1_194' title='bbox 1737 3809 1798 3882; x_wconf 90' lang='lat' dir='ltr'><strong>per</strong></span> <span class='ocrx_word' id='word_1_195' title='bbox 1823 3807 1946 3881; x_wconf 88' lang='lat' dir='ltr'><strong>preces</strong></span> <span class='ocrx_word' id='word_1_196' title='bbox 1962 3785 2113 3858; x_wconf 88' lang='lat' dir='ltr'><strong>Sancto-</strong></span> 
     </span>
    </p>
   </div>
   <div class='ocr_carea' id='block_1_5' title="bbox 656 3911 977 3984">
    <p class='ocr_par' dir='ltr' id='par_1_14' title="bbox 656 3911 977 3984">
     <span class='ocr_line' id='line_1_28' title="bbox 656 3911 977 3984; baseline -0.012 -10"><span class='ocrx_word' id='word_1_197' title='bbox 656 3973 659 3984; x_wconf 68' lang='grc'><strong><em>,</em></strong></span> <span class='ocrx_word' id='word_1_198' title='bbox 740 3924 814 3974; x_wconf 86' lang='lat' dir='ltr'><strong>rum</strong></span> <span class='ocrx_word' id='word_1_199' title='bbox 840 3911 977 3972; x_wconf 81' lang='lat' dir='ltr'><strong>luorum.</strong></span> 
     </span>
    </p>
   </div>
   <div class='ocr_carea' id='block_1_6' title="bbox 741 4013 2128 5020">
    <p class='ocr_par' dir='ltr' id='par_1_15' title="bbox 742 4013 2112 4341">
     <span class='ocr_line' id='line_1_29' title="bbox 778 4013 2112 4110; baseline 0.001 -22"><span class='ocrx_word' id='word_1_200' title='bbox 778 4023 781 4030; x_wconf 87' lang='lat'>&#39;</span> <span class='ocrx_word' id='word_1_201' title='bbox 844 4016 994 4088; x_wconf 79' lang='lat' dir='ltr'><strong>Elecaae</strong></span> <span class='ocrx_word' id='word_1_202' title='bbox 1018 4037 1143 4089; x_wconf 86' lang='lat' dir='ltr'><strong>ccccm.</strong></span> <span class='ocrx_word' id='word_1_203' title='bbox 1196 4014 1240 4088; x_wconf 91' lang='lat' dir='ltr'><strong>Et</strong></span> <span class='ocrx_word' id='word_1_204' title='bbox 1274 4013 1336 4089; x_wconf 88' lang='lat' dir='ltr'><strong>sub</strong></span> <span class='ocrx_word' id='word_1_205' title='bbox 1370 4013 1432 4088; x_wconf 85' lang='lat' dir='ltr'><strong>alis</strong></span> <span class='ocrx_word' id='word_1_206' title='bbox 1459 4014 1658 4088; x_wconf 88' lang='lat' dir='ltr'><strong>Sanctorum</strong></span> <span class='ocrx_word' id='word_1_207' title='bbox 1692 4026 1823 4087; x_wconf 91' lang='lat' dir='ltr'><strong>tuorum</strong></span> <span class='ocrx_word' id='word_1_208' title='bbox 1859 4024 2005 4110; x_wconf 85' lang='lat' dir='ltr'><strong>protege</strong></span> <span class='ocrx_word' id='word_1_209' title='bbox 2035 4037 2112 4105; x_wconf 82' lang='lat' dir='ltr'><strong>uas,</strong></span> 
     </span>
     <span class='ocr_line' id='line_1_30' title="bbox 742 4129 2112 4207; baseline 0.001 -5"><span class='ocrx_word' id='word_1_210' title='bbox 742 4141 776 4203; x_wconf 91' lang='lat' dir='ltr'><strong>et</strong></span> <span class='ocrx_word' id='word_1_211' title='bbox 807 4135 891 4205; x_wconf 89' lang='lat' dir='ltr'><strong>iuter</strong></span> <span class='ocrx_word' id='word_1_212' title='bbox 928 4154 1043 4206; x_wconf 90' lang='lat' dir='ltr'><strong>corum</strong></span> <span class='ocrx_word' id='word_1_213' title='bbox 1075 4132 1209 4207; x_wconf 89' lang='lat' dir='ltr'><strong>ordines</strong></span> <span class='ocrx_word' id='word_1_214' title='bbox 1248 4153 1312 4204; x_wconf 87' lang='lat' dir='ltr'><strong>uos</strong></span> <span class='ocrx_word' id='word_1_215' title='bbox 1352 4135 1531 4206; x_wconf 87' lang='lat' dir='ltr'><strong>constitue:</strong></span> <span class='ocrx_word' id='word_1_216' title='bbox 1570 4143 1606 4204; x_wconf 89' lang='lat' dir='ltr'><strong>ut</strong></span> <span class='ocrx_word' id='word_1_217' title='bbox 1639 4153 1713 4203; x_wconf 91' lang='lat' dir='ltr'><strong>cum</strong></span> <span class='ocrx_word' id='word_1_218' title='bbox 1747 4135 1795 4203; x_wconf 89' lang='lat' dir='ltr'><strong>eis</strong></span> <span class='ocrx_word' id='word_1_219' title='bbox 1829 4129 2015 4204; x_wconf 80' lang='lat' dir='ltr'><strong>referamus</strong></span> <span class='ocrx_word' id='word_1_220' title='bbox 2050 4133 2112 4205; x_wconf 91' lang='lat' dir='ltr'><strong>tibi</strong></span> 
     </span>
     <span class='ocr_line' id='line_1_31' title="bbox 742 4247 893 4341; baseline 0.013 -23"><span class='ocrx_word' id='word_1_221' title='bbox 742 4247 893 4341; x_wconf 84' lang='lat' dir='ltr'><strong>gloriam.</strong></span> 
     </span>
    </p>

    <p class='ocr_par' dir='ltr' id='par_1_16' title="bbox 741 4363 2115 4672">
     <span class='ocr_line' id='line_1_32' title="bbox 845 4363 2115 4438; baseline -0.001 -2"><span class='ocrx_word' id='word_1_222' title='bbox 845 4365 1022 4436; x_wconf 77' lang='lat' dir='ltr'><strong>Sacerdos</strong></span> <span class='ocrx_word' id='word_1_223' title='bbox 1048 4366 1239 4438; x_wconf 78' lang='lat' dir='ltr'><strong>inclinatae.</strong></span> <span class='ocrx_word' id='word_1_224' title='bbox 1293 4367 1462 4438; x_wconf 88' lang='lat' dir='ltr'><strong>Memento</strong></span> <span class='ocrx_word' id='word_1_225' title='bbox 1487 4363 1631 4438; x_wconf 92' lang='lat' dir='ltr'><strong>Domine</strong></span> <span class='ocrx_word' id='word_1_226' title='bbox 1664 4385 1822 4438; x_wconf 87' lang='lat' dir='ltr'><strong>verorum</strong></span> <span class='ocrx_word' id='word_1_227' title='bbox 1852 4363 2008 4437; x_wconf 86' lang='lat' dir='ltr'><strong>Ecclesia</strong></span> <span class='ocrx_word' id='word_1_228' title='bbox 2033 4373 2115 4436; x_wconf 87' lang='lat' dir='ltr'><strong>tuae</strong></span> 
     </span>
     <span class='ocr_line' id='line_1_33' title="bbox 742 4479 2115 4577; baseline 0 -25"><span class='ocrx_word' id='word_1_229' title='bbox 742 4481 928 4568; x_wconf 84' lang='lat' dir='ltr'><strong>Pastorum,</strong></span> <span class='ocrx_word' id='word_1_230' title='bbox 956 4485 1012 4577; x_wconf 85' lang='lat' dir='ltr'><strong>qni</strong></span> <span class='ocrx_word' id='word_1_231' title='bbox 1038 4481 1135 4554; x_wconf 91' lang='lat' dir='ltr'><strong>uobis</strong></span> <span class='ocrx_word' id='word_1_232' title='bbox 1161 4483 1259 4554; x_wconf 88' lang='lat' dir='ltr'><strong>fidem</strong></span> <span class='ocrx_word' id='word_1_233' title='bbox 1285 4490 1412 4553; x_wconf 87' lang='lat' dir='ltr'><strong>rectam</strong></span> <span class='ocrx_word' id='word_1_234' title='bbox 1434 4479 1726 4576; x_wconf 84' lang='lat' dir='ltr'><strong>praedicaverunt,</strong></span> <span class='ocrx_word' id='word_1_235' title='bbox 1752 4480 1952 4575; x_wconf 77' lang='lat' dir='ltr'><strong>Patremque</strong></span> <span class='ocrx_word' id='word_1_236' title='bbox 1978 4479 2115 4552; x_wconf 89' lang='lat' dir='ltr'><strong>electo-</strong></span> 
     </span>
     <span class='ocr_line' id='line_1_34' title="bbox 741 4597 1392 4672; baseline -0.002 -3"><span class='ocrx_word' id='word_1_237' title='bbox 741 4618 814 4669; x_wconf 86' lang='lat' dir='ltr'><strong>rum</strong></span> <span class='ocrx_word' id='word_1_238' title='bbox 841 4608 875 4669; x_wconf 90' lang='lat' dir='ltr'><strong>et</strong></span> <span class='ocrx_word' id='word_1_239' title='bbox 900 4598 1084 4672; x_wconf 89' lang='lat' dir='ltr'><strong>Doctorum</strong></span> <span class='ocrx_word' id='word_1_240' title='bbox 1113 4597 1392 4670; x_wconf 85' lang='lat' dir='ltr'><strong>Ortbo&#39;tloxorum.</strong></span> 
     </span>
    </p>

    <p class='ocr_par' dir='ltr' id='par_1_17' title="bbox 742 4711 2128 4916">
     <span class='ocr_line' id='line_1_35' title="bbox 845 4711 2128 4806; baseline 0.001 -23"><span class='ocrx_word' id='word_1_241' title='bbox 845 4713 995 4785; x_wconf 82' lang='lat' dir='ltr'><strong>Eleoaae</strong></span> <span class='ocrx_word' id='word_1_242' title='bbox 1019 4735 1146 4785; x_wconf 86' lang='lat' dir='ltr'><strong>ccccm.</strong></span> <span class='ocrx_word' id='word_1_243' title='bbox 1200 4713 1377 4788; x_wconf 85' lang='lat' dir='ltr'><strong>Conserva</strong></span> <span class='ocrx_word' id='word_1_244' title='bbox 1403 4733 1466 4785; x_wconf 91' lang='lat' dir='ltr'><strong>uos</strong></span> <span class='ocrx_word' id='word_1_245' title='bbox 1492 4715 1636 4786; x_wconf 91' lang='lat' dir='ltr'><strong>Domine</strong></span> <span class='ocrx_word' id='word_1_246' title='bbox 1661 4715 1693 4785; x_wconf 95' lang='lat' dir='ltr'><strong>iu</strong></span> <span class='ocrx_word' id='word_1_247' title='bbox 1719 4711 1785 4786; x_wconf 87' lang='lat' dir='ltr'><strong>lide</strong></span> <span class='ocrx_word' id='word_1_248' title='bbox 1812 4711 2021 4803; x_wconf 85' lang='lat' dir='ltr'><strong>Ortbodoxa,</strong></span> <span class='ocrx_word' id='word_1_249' title='bbox 2046 4734 2128 4806; x_wconf 26' lang='lat' dir='ltr'><strong>uec·</strong></span> 
     </span>
     <span class='ocr_line' id='line_1_36' title="bbox 742 4829 1490 4916; baseline 0 -16"><span class='ocrx_word' id='word_1_250' title='bbox 742 4837 905 4916; x_wconf 86' lang='lat' dir='ltr'><strong>errantes,</strong></span> <span class='ocrx_word' id='word_1_251' title='bbox 933 4840 989 4902; x_wconf 90' lang='lat' dir='ltr'><strong>aut</strong></span> <span class='ocrx_word' id='word_1_252' title='bbox 1015 4852 1093 4903; x_wconf 88' lang='lat' dir='ltr'><strong>reos</strong></span> <span class='ocrx_word' id='word_1_253' title='bbox 1119 4829 1221 4903; x_wconf 89' lang='lat' dir='ltr'><strong>iacito</strong></span> <span class='ocrx_word' id='word_1_254' title='bbox 1248 4852 1310 4902; x_wconf 88' lang='lat' dir='ltr'><strong>uos</strong></span> <span class='ocrx_word' id='word_1_255' title='bbox 1337 4829 1490 4903; x_wconf 90' lang='lat' dir='ltr'><strong>Domine.</strong></span> 
     </span>
    </p>

    <p class='ocr_par' dir='ltr' id='par_1_18' title="bbox 845 4943 2116 5020">
     <span class='ocr_line' id='line_1_37' title="bbox 845 4943 2116 5020; baseline 0.001 -6"><span class='ocrx_word' id='word_1_256' title='bbox 845 4944 1021 5018; x_wconf 80' lang='lat' dir='ltr'><strong>Sacerdos</strong></span> <span class='ocrx_word' id='word_1_257' title='bbox 1052 4947 1245 5018; x_wconf 82' lang='lat' dir='ltr'><strong>inclinatas.</strong></span> <span class='ocrx_word' id='word_1_258' title='bbox 1297 4945 1466 5020; x_wconf 88' lang='lat' dir='ltr'><strong>Memento</strong></span> <span class='ocrx_word' id='word_1_259' title='bbox 1500 4947 1643 5019; x_wconf 90' lang='lat' dir='ltr'><strong>Domine</strong></span> <span class='ocrx_word' id='word_1_260' title='bbox 1677 4947 1820 5019; x_wconf 92' lang='lat' dir='ltr'><strong>omnium</strong></span> <span class='ocrx_word' id='word_1_261' title='bbox 1858 4944 2000 5018; x_wconf 88' lang='lat' dir='ltr'><strong>fidelium</strong></span> <span class='ocrx_word' id='word_1_262' title='bbox 2042 4943 2116 5015; x_wconf 89' lang='lat' dir='ltr'><strong>de-</strong></span> 
     </span>
    </p>
   </div>
   <div class='ocr_carea' id='block_1_7' title="bbox 742 5057 2117 5277">
    <p class='ocr_par' dir='ltr' id='par_1_19' title="bbox 742 5057 2117 5277">
     <span class='ocr_line' id='line_1_38' title="bbox 742 5057 2117 5159; baseline 0.001 -29"><span class='ocrx_word' id='word_1_263' title='bbox 742 5057 941 5152; x_wconf 83' lang='lat' dir='ltr'><strong>functorum,</strong></span> <span class='ocrx_word' id='word_1_264' title='bbox 969 5066 1083 5156; x_wconf 88' lang='lat' dir='ltr'><strong>quiin</strong></span> <span class='ocrx_word' id='word_1_265' title='bbox 1111 5085 1172 5159; x_wconf 91' lang='lat' dir='ltr'><strong>spe</strong></span> <span class='ocrx_word' id='word_1_266' title='bbox 1198 5073 1254 5134; x_wconf 87' lang='lat' dir='ltr'><strong>tua</strong></span> <span class='ocrx_word' id='word_1_267' title='bbox 1281 5062 1522 5150; x_wconf 88' lang='lat' dir='ltr'><strong>decubuerunt,</strong></span> <span class='ocrx_word' id='word_1_268' title='bbox 1550 5072 1583 5134; x_wconf 90' lang='lat' dir='ltr'><strong>et</strong></span> <span class='ocrx_word' id='word_1_269' title='bbox 1610 5064 1753 5157; x_wconf 89' lang='lat' dir='ltr'><strong>quietem</strong></span> <span class='ocrx_word' id='word_1_270' title='bbox 1784 5072 1919 5158; x_wconf 89' lang='lat' dir='ltr'><strong>praesta</strong></span> <span class='ocrx_word' id='word_1_271' title='bbox 1954 5082 2014 5158; x_wconf 91' lang='lat' dir='ltr'><strong>per</strong></span> <span class='ocrx_word' id='word_1_272' title='bbox 2039 5063 2117 5132; x_wconf 91' lang='lat' dir='ltr'><strong>mi-</strong></span> 
     </span>
     <span class='ocr_line' id='line_1_39' title="bbox 742 5178 2033 5277; baseline -0.002 -27"><span class='ocrx_word' id='word_1_273' title='bbox 742 5178 929 5251; x_wconf 81' lang='lat' dir='ltr'><strong>serationes</strong></span> <span class='ocrx_word' id='word_1_274' title='bbox 956 5189 1042 5273; x_wconf 86' lang='lat' dir='ltr'><strong>tuas,</strong></span> <span class='ocrx_word' id='word_1_275' title='bbox 1067 5181 1108 5254; x_wconf 90' lang='lat' dir='ltr'><strong>iis</strong></span> <span class='ocrx_word' id='word_1_276' title='bbox 1135 5181 1191 5276; x_wconf 88' lang='lat' dir='ltr'><strong>qui</strong></span> <span class='ocrx_word' id='word_1_277' title='bbox 1217 5179 1378 5277; x_wconf 88' lang='lat' dir='ltr'><strong>redempti</strong></span> <span class='ocrx_word' id='word_1_278' title='bbox 1404 5189 1479 5252; x_wconf 87' lang='lat' dir='ltr'><strong>suut</strong></span> <span class='ocrx_word' id='word_1_279' title='bbox 1504 5181 1666 5274; x_wconf 78' lang='lat' dir='ltr'><strong>sanguiue</strong></span> <span class='ocrx_word' id='word_1_280' title='bbox 1691 5181 1852 5274; x_wconf 83' lang='lat' dir='ltr'><strong>unigeniti</strong></span> <span class='ocrx_word' id='word_1_281' title='bbox 1877 5178 1953 5252; x_wconf 86' lang='lat' dir='ltr'><strong>Filii</strong></span> <span class='ocrx_word' id='word_1_282' title='bbox 1980 5180 2033 5250; x_wconf 90' lang='lat' dir='ltr'><strong>tui.</strong></span> 
     </span>
    </p>
   </div>
   <div class='ocr_carea' id='block_1_8' title="bbox 0 0 2400 6036">
    <p class='ocr_par' dir='ltr' id='par_1_20' title="bbox 0 0 2400 6036">
     <span class='ocr_line' id='line_1_40' title="bbox 0 0 2400 6036; baseline 0 0"><span class='ocrx_word' id='word_1_283' title='bbox 0 0 2400 6036; x_wconf 95' lang='lat' dir='ltr'><strong> </strong></span> 
     </span>
    </p>
   </div>
  </div>
 </body>
</html>
