4804 6026
702 497 757 572 IN
784 495 1083 573 attuleras
1118 496 1407 576 statiuis.
1692 501 1737 574 51

367 678 393 740 si
425 677 516 757 aliqui
538 677 695 740 Jacobitae
719 677 803 760 Syri,
830 679 1052 760 Aegyptiorum
1076 683 1257 766 contagione
1288 683 1373 744 alllati
1397 682 1435 744 ab
1463 681 1514 744 illa
1535 693 1741 764 recesserunt,

367 774 448 858 quod
472 775 509 837 de
533 775 682 839 nonnullis
712 777 819 860 negari
847 795 907 840 non
929 786 1044 859 potest,
1077 779 1154 840 malo
1190 799 1298 864 magno
1326 800 1381 843 suo
1411 780 1441 843 id
1469 780 1623 861 lecerunt,
1659 783 1741 844 nullo

366 893 460 937 verae
484 872 640 937 doctrinae
663 877 858 957 praejudicio.

452 973 506 1036 llla
527 991 603 1036 vero
626 992 705 1054 quae
727 975 991 1056 praeparationem
1011 975 1184 1040 Sacerdotis
1206 984 1355 1058 spectant,
1379 997 1477 1058 aeque
1500 978 1659 1042 aGraecis
1683 980 1742 1041 ob·
1806 992 1929 1064 Plerique
1956 993 2064 1048 Codices

367 1080 536 1151 serrantur,
560 1090 660 1153 neque
683 1083 782 1138 tannen
796 1083 900 1137 extant
923 1076 952 1138 in
975 1075 1112 1138 omnibus
1126 1075 1341 1160 Euchologiis,
1356 1077 1426 1157 quia
1441 1086 1598 1141 sumuntur
1621 1077 1740 1142 aliunde
1771 1081 1869 1151 anaqal
1883 1080 2001 1148 ,rubricis
2019 1096 2065 1133 ca-

366 1171 478 1235 111111
500 1163 615 1234 similia.
660 1171 712 1235 illa
735 1174 826 1236 babet
849 1173 951 1236 Goarii
974 1174 1077 1251 editio,
1101 1181 1131 1236 et
1154 1175 1289 1237 Venetae
1317 1174 1493 1252 nonnullae,
1524 1183 1585 1238 tum
1607 1177 1741 1240 Romana
1771 1175 1836 1218 ‘⁰¹¹²-

365 1269 511 1332 Demetrii
534 1270 638 1334 Dncae
662 1273 730 1334 anni
753 1271 917 1335 lllDXXVl.
940 1275 1071 1336 omnium
1093 1273 1308 1353 antiquissima.
1350 1272 1436 1335 Unde
1459 1275 1565 1336 mirum
1588 1292 1658 1338 esse
1682 1295 1740 1338 ne-

366 1369 436 1430 mini
459 1368 566 1447 debet,
590 1389 696 1434 carere
719 1371 848 1434 rubricis
877 1371 935 1434 illis
959 1371 1129 1434 Orientales
1158 1371 1266 1434 multos
1290 1373 1428 1448 codices,
1458 1391 1525 1435 cum
1554 1375 1586 1435 in
1616 1371 1740 1436 Graecis

367 1469 455 1530 etiam
478 1469 700 1532 recentioribus
723 1471 846 1533 diverso
870 1470 958 1534 modo
983 1491 1016 1534 se
1039 1472 1178 1534 babeant.
1224 1471 1281 1545 Qui
1305 1489 1356 1550 aa,
1388 1489 1466 1551 quae
1496 1472 1532 1536 ad
1563 1471 1740 1536 Sacerdotis

366 1569 628 1647 praeparationem
651 1575 790 1650 spectant
818 1578 945 1652 negaret
967 1569 1080 1633 idcirco
1104 1589 1121 1632 a
1149 1569 1275 1632 Graccis
1306 1571 1480 1649 observari,
1507 1570 1620 1633 frustra
1643 1570 1741 1634 foret:

367 1667 407 1728 ita
429 1667 481 1747 qui
503 1666 600 1730 simile
623 1668 661 1732 de
684 1671 817 1750 Syriacis
839 1670 946 1734 ritibus
965 1669 1108 1752 judicium
1132 1669 1242 1746 ferret,
1266 1670 1336 1748 qnia
1359 1668 1468 1732 desunt
1496 1670 1528 1732 in
1554 1669 1654 1734 multis
1685 1687 1741 1732 co-

367 1765 491 1830 dicibus.

453 1865 607 1929 Sententia
631 1883 724 1946 porro
747 1868 926 1946 orationum,
951 1885 1029 1948 quae
1043 1865 1101 1928 hoe
1125 1866 1194 1930 loco
1210 1866 1352 1928 dicuntur
1374 1884 1390 1926 a
1410 1863 1495 1946 Syris
1512 1865 1739 1945 Sacerdotibus,

366 1963 535 2026 1111111111
558 1982 636 2044 quae
658 1983 676 2026 a
699 1963 823 2029 Graecis
846 1975 877 2028 ct
898 1965 1022 2044 Latinis,
1046 1965 1152 2028 eadem
1174 1973 1231 2044 est,
1254 1973 1286 2028 ut
1309 1964 1414 2027 eadem
1435 1982 1533 2045 prope
1556 1965 1659 2028 verba.
1705 1965 1739 2026 ln

365 2061 424 2123 illis
446 2060 589 2143 frequens
612 2063 752 2125 sacrilicii
776 2073 807 2127 et
829 2065 930 2128 altaris
954 2067 1084 2143 mentio,
1114 2084 1174 2128 non
1205 2066 1301 2127 minus
1324 2083 1411 2146 quam
1433 2063 1464 2125 in
1487 2072 1660 2126 sanctorum
1678 2063 1740 2126 Pa-

366 2168 442 2222 trum
466 2163 598 2242 scriptis,
620 2164 652 2224 in
674 2181 733 2243 quo
756 2163 836 2226 nimii
858 2165 952 2226 luisse
976 2163 1101 2227 Calvino
1132 2165 1298 2242 visisunt,
1329 2171 1360 2226 11
1387 2163 1539 2225 rhetorice
1565 2164 1666 2242 potius
1689 2163 1740 2226 lo-

367 2262 436 2338 cuti,
460 2277 549 2340 quarn
572 2259 768 2344 Theologice.
814 2261 855 2325 At
877 2264 956 2327 bona
978 2266 1142 2345 posteritas
1155 2271 1297 2346 pastores
1318 2263 1386 2326 illos
1407 2279 1479 2326 suos
1501 2263 1628 2342 proprie
1650 2262 1740 2325 locu-

365 2365 413 2422 tos
441 2359 535 2422 inisse
564 2378 685 2440 semper
706 2361 871 2441 intellexit,
903 2371 933 2426 et
962 2365 1025 2428 suis
1048 2381 1187 2444 quaeque
1220 2362 1330 2446 linguis
1358 2361 1488 2426 fideliter
1510 2362 1681 2449 expressit,
1711 2368 1742 2423 et

366 2477 405 2522 ex
427 2459 484 2522 iilis
507 2461 647 2524 sacrillcii
661 2463 820 2540 incruenti,
843 2463 1071 2544 sacerdotiique
1095 2462 1211 2526 aeterni
1233 2460 1398 2526 secundum
1419 2459 1556 2524 ordinem
1575 2460 1741 2524 1111111111-

366 2558 453 2638 dech,
478 2558 644 2622 doctrinam
667 2564 795 2642 accepit,
818 2563 901 2624 etin
925 2563 1035 2626 Olliciis
1057 2561 1280 2625 Ecclesiasticis
1303 2560 1503 2644 consignavit.

641 2820 830 2894 Cocoersats
857 2823 904 2892 ad
925 2823 1087 2916 populum
1112 2825 1246 2892 aeciam
1267 2825 1367 2915 peili,
1396 2829 1459 2893 cic.
1785 2825 1816 2880 P·
1833 2831 1859 2883 2.
1878 2829 1895 2882 t.
1917 2828 1960 2881 1⁰·

454 3030 676 3116 Anrrcurssnrx
713 3041 870 3123 disciplina
899 3051 960 3122 est,
993 3042 1191 3124 omnibusque
1227 3041 1374 3105 Ecclesiis
1407 3040 1585 3121 observata,
1618 3047 1652 3102 ut
1682 3039 1741 3105 Sa·
1778 3051 2062 3106 tanacetaranonam

366 3145 486 3224 cardos,
509 3163 565 3227 per
587 3152 736 3208 secretam
759 3146 944 3225 orationem,
974 3164 1033 3226 qua
1063 3154 1258 3228 peccatorum
1279 3147 1397 3207 veniam
1418 3145 1571 3226 postulat,
1602 3150 1653 3206 aut
1681 3161 1740 3226 per
1769 3139 1868 3206 petitio.

365 3244 588 3308 consessionem
609 3244 728 3323 iactam,
752 3244 818 3307 Deo
842 3245 1031 3324 conciliatus,
1055 3247 1145 3309 etiam
1162 3247 1300 3327 proximo
1323 3243 1511 3320 concilietur,
1534 3241 1617 3323 quod
1630 3241 1739 3304 Graeci

365 3343 467 3406 dicunt
487 3331 571 3422 perd
594 3331 722 3406 πάντων
744 3338 1014 3427 κατηλλαγμὲνος.
1061 3344 1094 3406 ld
1117 3347 1229 3425 quippe
1252 3341 1402 3425 significat
1425 3343 1585 3404 conversio
1615 3340 1653 3402 ad
1675 3343 1739 3402 cir-

365 3449 548 3506 cumstantes
579 3449 609 3504 et
637 3443 675 3506 ad
705 3444 867 3525 populum,
895 3460 1004 3505 versus
1035 3460 1111 3524 qnos
1134 3442 1303 3518 inclinatus,
1326 3442 1402 3520 petit
1429 3441 1656 3518 remissionem,
1679 3439 1739 3501 hoc

365 3551 421 3620 est,
445 3549 479 3604 ut
501 3544 527 3604 si
549 3542 616 3623 quis
639 3540 785 3604 adversus
809 3541 891 3604 illum
914 3541 1076 3623 quidquam
1099 3543 1129 3602 in
1153 3541 1251 3604 animo
1274 3537 1394 3616 babeat,
1425 3538 1468 3600 illi
1491 3538 1649 3602 condonet.
1696 3537 1740 3600 lta

364 3639 558 3723 intelligenda
581 3648 650 3703 sunt
672 3640 767 3704 verba
799 3641 940 3722 Syriaca3
970 3648 1003 3701 ut
1030 3640 1195 3704 Arabicum
1225 3637 1305 3720 quod
1332 3644 1495 3717 usurpatur
1523 3637 1582 3699 hoc
1611 3637 1679 3699 loco
1709 3638 1739 3698 in

365 3741 493 3802 rubricis
515 3739 650 3816 blis'salis¹
669 3737 823 3804 Chaldaici
844 3751 990 3810 ’11111011
1038 3739 1239 3804 Consentiunt
1269 3756 1336 3800 cum
1364 3745 1470 3810 nostro
1500 3735 1665 3815 exemplari
1688 3735 1738 3797 alii

364 3839 547 3919 antiquiores
571 3836 702 3901 Codices
726 3839 916 3922 Seguieriani
945 3847 975 3902 11
998 3838 1178 3918 Colbertini,
1208 3839 1240 3901 in
1270 3853 1398 3918 qnorum
1428 3834 1576 3916 aliquibus
1604 3833 1736 3896 Arabico

364 3945 557 4019 exponuntur
579 3937 737 4000 rubricae:
761 3940 791 4001 in
814 3939 880 4002 aliis
905 3938 1040 4021 Syriace.

452 4035 601 4102 Sacerdos
624 4037 712 4101 simul
735 4045 766 4098 et
795 4037 903 4100 eadem
924 4045 1076 4101 momento
1106 4053 1216 4118 preces
1246 4031 1501 4096 circumstantium
1530 4029 1606 4111 petit
1630 4028 1738 4092 dicen-

364 4136 413 4214 do,
437 4134 531 4198 Orate
550 4155 607 4216 pro
629 4157 676 4198 me
695 4136 829 4216 fratres,
855 4146 983 4218 propter
1004 4137 1182 4199 Dominum:
1213 4141 1245 4196 ut
1275 4134 1305 4194 in
1327 4130 1433 4194 Latina
1461 4128 1599 4192 Ecclesia
1629 4126 1738 4190 dicitur

364 4233 458 4297 Orate
478 4234 605 4314 fratres,
629 4236 765 4316 quamvis
788 4235 878 4316 paulo
901 4236 1010 4315 sarius,
1035 4243 1066 4298 ct
1088 4235 1202 4314 exiguo
1217 4233 1363 4313 temporis
1385 4227 1555 4303 intervallo,
1578 4234 1737 4307 antequam

365 4352 452 4398 sacra
476 4333 566 4395 Actio
589 4335 759 4414 incipiatur.

451 4432 577 4513 Reliqua
600 4431 638 4495 ad
660 4435 921 4515 praeparationem
945 4433 1082 4514 corporis
1106 4439 1137 4493 11
1159 4433 1274 4494 animae
1293 4426 1473 4508 spectantia,
1497 4423 1602 4487 cadem
1617 4425 1736 4486 omnino

365 4538 433 4594 sunt
456 4530 536 4612 apud
559 4531 654 4614 Syros
676 4531 830 4596 Jacobitas
858 4541 889 4595 et
911 4532 1082 4595 Orientales
1104 4531 1198 4607 alias,
1227 4547 1262 4591 ac
1291 4527 1342 4590 illa
1372 4543 1449 4607 quae
1480 4524 1675 4605 exposuimus
1706 4524 1736 4584 in

365 4631 585 4694 Commentario
608 4629 646 4692 ad
668 4629 832 4714 liturgiam
855 4631 956 4694 Basilii
979 4629 1148 4712 Copticam,
1178 4629 1361 4691 Graecorum
1381 4624 1520 4705 antiquae
1550 4621 1737 4703 disciplinae,

364 4730 449 4811 cujus
472 4730 560 4792 etiarn
582 4747 692 4813 magna
714 4749 785 4810 pars
808 4737 961 4813 superest,
984 4730 1075 4811 plane
1098 4729 1215 4807 similia,
1239 4735 1272 4791 nt
1295 4727 1383 4788 etiam
1406 4725 1449 4788 illi
1472 4740 1549 4802 quac
1572 4723 1604 4784 in
1625 4717 1739 4783 Eccle-

362 4830 406 4892 sia
428 4829 535 4891 Latina
559 4828 674 4909 pridem
704 4829 900 4906 servabatur,
932 4838 1090 4910 antequam
1113 4829 1230 4910 privata
1260 4825 1422 4888 blissarum
1452 4821 1617 4884 celebratio
1641 4821 1739 4881 intro·

363 4929 452 4990 ducta
476 4928 592 4992 luisset.
638 4929 755 4992 Habent
778 4929 897 5010 quidem
921 4929 993 5010 Syri
1015 4929 1150 5011 privatas
1172 4927 1303 5004 Missas,
1334 4924 1472 4986 sednon
1503 4920 1610 4983 eodem
1638 4916 1738 4996 modo,

387 5065 510 5110 ramasn.
1482 5037 1530 5110 10
