4730 6038
680 601 756 688 326
1193 597 1553 674 LITURGIA

679 786 883 859 domesticos
909 783 981 871 lac,
1010 794 1109 878 atque
1136 782 1178 855 ad
1210 783 1360 853 timorem
1393 792 1483 854 tuum
1511 803 1574 854 eos
1601 779 1723 870 adduc,
1760 795 1795 856 et
1828 785 1970 858 incende
1997 808 2059 860 eos

677 900 753 972 uelo
781 898 857 971 lidei
885 897 1118 970 Orthodoxae:
1152 907 1188 968 ut
1224 919 1298 967 cum
1333 896 1568 991 tranquillitate
1600 893 1775 969 Ecclesias
1811 908 1885 970 tuas
1921 908 2058 990 regant:

678 1017 756 1109 quia
784 1012 1003 1085 tullenses
1030 1013 1150 1086 voleus
1177 1010 1458 1083 misericordiam:
1485 1021 1519 1082 et
1546 1009 1605 1082 tibi
1631 1011 1774 1102 gloriam
1802 1012 1998 1086 referemus.

781 1128 957 1199 Sacerdos
982 1129 1174 1200 icelirmtcs.
1229 1126 1400 1199 Memento
1426 1126 1570 1198 Domino
1596 1135 1630 1197 et
1664 1124 1795 1198 illorum
1829 1131 1885 1222 qui
1911 1151 1932 1200 a
1958 1132 2058 1225 priu-

670 1227 765 1338 ¹cipio
793 1266 907 1315 coram
934 1253 967 1315 te
993 1242 1138 1316 illustres
1165 1242 1315 1330 ineant,
1341 1243 1489 1329 Petrum,
1515 1239 1774 1335 Prophetarum,
1801 1242 2054 1338 Apostolorum,

676 1357 884 1454 Martyrum,
912 1357 1170 1446 Coulessorum,
1198 1359 1337 1430 loannis
1360 1357 1550 1451 Baptistae,
1576 1355 1737 1452 Stephani
1762 1358 1927 1452 Diacoui,
1960 1358 2056 1432 San-

670 1484 754 1544 -ctae
782 1473 960 1546 chitricis
986 1474 1068 1560 Dei,
1096 1484 1131 1544 et
1156 1477 1303 1545 omnium
1328 1475 1458 1567 piorum
1485 1482 1519 1542 et
1541 1473 1717 1562 justorum.
1977 1569 1981 1574 Ι

782 1586 932 1660 Elecccs
957 1609 1084 1658 roccae
1137 1590 1190 1661 Da
1216 1585 1314 1660 nohis
1341 1588 1484 1658 Domine
1511 1607 1623 1657 mores
1651 1591 1706 1680 qui
1733 1590 1935 1659 conveniant
1968 1611 2055 1662 san-

676 1706 754 1789 ctis,
791 1707 907 1776 amicis
933 1707 1015 1790 tuis,
1056 1715 1090 1776 et
1126 1704 1246 1796 dignos
1281 1700 1375 1773 ellice
1407 1722 1471 1772 nos
1502 1711 1599 1796 parte
1625 1701 1762 1773 illomm.
1792 1704 1847 1795 qui
1882 1708 2053 1798 mysteriis

676 1820 741 1889 tuis
769 1816 889 1889 divinis
916 1819 1031 1889 initiati
1066 1816 1206 1890 fuerumt.
1259 1814 1380 1888 Profer
1406 1814 1503 1886 nobis
1529 1812 1672 1888 verbnm
1697 1815 1929 1911 Apostolicum
1963 1817 2052 1912 quod

676 1932 878 2026 spiritualem
895 1933 1083 2005 alimoniam
1109 1921 1250 2028 praebat
1275 1929 1439 2018 fidelibus,
1466 1933 1542 2024 quia
1569 1939 1604 2001 tu
1631 1953 1669 2001 es
1690 1933 1823 2024 inopum
1837 1942 2050 2020 sustentator,

676 2056 711 2116 et
736 2046 953 2137 indigentium
979 2046 1139 2142 repletor,
1167 2049 1222 2142 qui
1249 2045 1408 2138 figmento
1435 2056 1492 2116 tuo
1518 2067 1580 2139 per
1607 2044 1803 2140 multiplices
1830 2047 1943 2118 salutis
1962 2048 2050 2119 elie-

675 2170 767 2247 ctns,
795 2161 855 2234 tlas
882 2185 1002 2236 causas
1029 2165 1134 2234 vitae:
1163 2162 1309 2256 quotidie
1336 2164 1422 2233 enim
1452 2163 1563 2255 aperis
1590 2170 1781 2232 temanum
1810 2171 1903 2250 ,tunm
1938 2165 2051 2234 omni-

674 2273 738 2347 bus
772 2277 1003 2364 sufficientem,
1046 2288 1079 2348 et
1117 2276 1234 2373 imples
1270 2276 1501 2370 quodcumque
1533 2279 1618 2348 vivit
1656 2274 1745 2348 bona
1780 2275 1952 2348 voluntate
1985 2286 2050 2350 tna.

673 2389 799 2463 Libera
826 2395 924 2464 etiam
950 2414 1013 2463 nos
1040 2391 1183 2463 Domine
1211 2392 1252 2463 ah
1282 2389 1434 2462 omnibus
1460 2389 1575 2478 malis,
1603 2399 1637 2462 et
1669 2389 1896 2462 communibus
1924 2391 2051 2464 saeculi

674 2503 842 2596 cladibus,
870 2520 904 2578 et
930 2518 1047 2579 averte
1074 2528 1205 2578 omnem
1231 2510 1315 2578 iram
1342 2516 1376 2577 et
1400 2505 1521 2602 plagas
1549 2503 1590 2577 ab
1618 2509 1708 2578 omui
1735 2517 1901 2598 creatura,
1927 2517 1961 2578 et
1987 2530 2050 2578 re-

674 2619 821 2696 feremus
851 2621 906 2692 tihi
933 2621 1073 2713 gloriam
1102 2632 1164 2694 etc.

783 2734 958 2807 Sacerdos
990 2737 1182 2810 inclinatus.
1235 2739 1404 2809 Memento
1439 2736 1582 2808 Domine
1618 2739 1760 2808 omnium
1794 2737 2048 2833 Episcoporum,

587 2885 595 2899 =
674 2861 709 2934 et
734 2852 918 2922 Doctomm
946 2855 1001 2946 qui
1028 2862 1190 2924 steterunt
1221 2855 1253 2924 in
1280 2851 1435 2924 Ecclesia
1462 2863 1517 2923 tua
1544 2862 1579 2922 et
1605 2851 1763 2924 doctrinis
1790 2856 1859 2926 suis
1885 2866 2049 2948 paverunt

674 2986 760 3037 oves
787 2976 860 3036 tuns
893 2967 1097 3060 spirimales,
1131 2979 1165 3038 et
1197 2964 1402 3038 errabundas
1437 2966 1479 3037 ad
1514 2977 1546 3037 te
1581 2977 1833 3039 converterunt:
1867 2971 2047 3064 praecipue

672 3101 759 3151 vero
786 3081 827 3151 Il.
849 3079 969 3152 Jacohi
995 3085 1154 3177 principis
1169 3081 1415 3178 Episcoporum
1429 3090 1463 3152 et
1477 3080 1681 3176 reliquorum
1695 3093 1886 3164 sanctorum
1904 3083 2047 3154 Petrum.

777 3195 927 3268 Elecacs
952 3217 1078 3268 uocem.
1132 3195 1311 3292 Sapientes
1338 3207 1372 3268 et
1398 3199 1537 3270 nuncios
1565 3201 1800 3292 mysteriomm
1827 3220 1932 3270 verae
1958 3199 2047 3290 lidei,

668 3309 794 3382 lumine
830 3320 864 3381 el
899 3310 1013 3383 stellas
1048 3335 1134 3406 qnae
1169 3311 1327 3408 populum
1363 3312 1510 3384 tenebris
1544 3311 1756 3384 obscuratum
1788 3313 2047 3404 illustraverunt,

671 3425 869 3500 laudatores
894 3425 1072 3498 Ecclesiae
1099 3438 1255 3515 sanctae,
1291 3425 1499 3519 Theologiae
1533 3427 1661 3499 electae
1694 3431 1911 3522 interpretes,
1942 3451 2046 3500 cura·

671 3551 764 3611 tores
792 3543 908 3632 gregis
935 3545 1036 3636 empti
1063 3545 1226 3634 sanguine
1253 3544 1411 3633 unigeniti
1436 3540 1511 3613 Filii
1539 3546 1583 3614 tui
1602 3537 1770 3614 ⁷laetifica
1798 3563 1859 3637 per
1880 3543 2045 3612 visionem

671 3652 783 3726 vultus
812 3658 875 3743 tui,
903 3678 924 3727 o
952 3667 1068 3750 pastor
1095 3665 1129 3727 et
1154 3655 1295 3749 largitor
1322 3659 1482 3729 scientiae
1509 3657 1652 3728 divinae.
1704 3655 1748 3728 Et
1773 3679 1837 3729 nos
1851 3659 1906 3750 qui
1933 3659 2045 3728 vesti-

671 3771 728 3858 gia
755 3791 870 3874 eorum
899 3773 1083 3864 sequimur,
1111 3783 1145 3842 et
1170 3775 1347 3866 passiones
1374 3793 1490 3842 eorum
1506 3772 1721 3861 aemulamur,
1748 3771 1877 3844 custodi
1900 3774 1933 3841 in
1959 3794 2044 3842 san-

671 3885 794 3962 ctitate.
847 3881 969 3956 Emitte
1004 3885 1101 3959 nobis
1137 3887 1262 3958 lentem
1294 3908 1476 3982 perennem
1512 3886 1682 3958 doctrinae
1717 3908 1847 3973 eorum,
1883 3897 1918 3957 et
1951 3885 2044 3959 effice

664 4019 732 4080 nos
760 3997 880 4089 dignos
906 4003 1108 4087 vocatione,
1135 4000 1178 4073 ad
1208 4024 1306 4095 quam
1333 4005 1445 4073 vocati
1473 4023 1595 4074 sumus.
1648 3999 1753 4074 Salva
1780 4024 1843 4073 nos
1876 3997 1919 4071 ab
1954 4007 2042 4074 omni

669 4133 787 4182 errore
813 4109 996 4202 haeretico,
1024 4127 1058 4187 et
1084 4116 1125 4188 nh
1154 4119 1244 4188 omni
1269 4115 1373 4187 lovea
1401 4129 1435 4188 et
1450 4116 1570 4211 laqueo
1595 4115 1776 4189 alienorum
1794 4141 1813 4188 a
1832 4119 1950 4188 timore
1969 4129 2042 4208 tuo;

667 4235 703 4294 nt
730 4225 762 4293 in
796 4223 849 4296 die
884 4226 941 4300 illo
974 4229 1088 4303 ultimo
1125 4234 1358 4303 sententiarum
1393 4231 1623 4318 ferendarum,
1659 4235 1691 4302 in
1727 4229 1876 4304 coetibus
1911 4245 2042 4328 patrum

665 4349 856 4410 nostrorum
884 4340 992 4414 locum
1019 4343 1220 4433 haheamnS,
1247 4357 1281 4416 et
1307 4348 1392 4417 inter
1425 4349 1558 4439 agmina
1595 4369 1710 4419 eorum
1745 4369 1974 4436 numeremur,
2009 4361 2043 4421 et

665 4451 850 4526 referemus
877 4454 933 4528 tibi
959 4459 1111 4550 gloriam.

771 4568 946 4642 Sacerdos
969 4575 1161 4647 inclinatas.
1215 4575 1384 4649 Memento
1410 4575 1554 4649 Domina
1588 4576 1826 4665 Sacerdotum,
1861 4580 2041 4652 Diacono-

665 4705 755 4773 rum,
783 4685 1090 4778 Subdiaoonorum,
1116 4691 1315 4781 Lectorum,
1341 4689 1545 4781 Psaltarum,
1578 4693 1817 4790 Interprctum,
1846 4689 2040 4767 Confesso-

663 4820 758 4888 rum,
798 4800 1060 4896 Monachorum,
1103 4808 1330 4898 virginitatem
1370 4816 1563 4903 perpetuam
1607 4809 1838 4903 profitentium.
1902 4808 2040 4881 Fortem

664 4916 825 5004 animum,
853 4927 887 4987 et
913 4918 1108 4994 modestiam
1136 4919 1312 5016 quasillis
1340 4924 1498 4994 convenit
1525 4920 1652 5012 tribue,
1688 4931 1722 4995 et
1755 4923 1897 4994 omnium
1925 4919 2039 4995 lromi-
