4804 6026
866 944 1307 1194 011111
1463 1107 1482 1142 ·

399 1374 1775 1562 connunrsuruuncmn

876 1724 1126 1806 SECUNDUM
1156 1723 1298 1800 RITUM

714 1953 980 2074 sinonnn
1048 1951 1081 2068 J
1083 1947 1460 2068 nconinnnnn.

942 2243 1228 2280 4-

505 2545 686 2646 Pnlno
718 2567 893 2640 Sacerdos
926 2565 1128 2661 quotidiano
1158 2569 1253 2636 ceste
1289 2565 1462 2656 deposita,
1493 2553 1673 2656 postquam
1706 2558 1776 2630 ab·

401 2687 504 2758 tuerit
529 2708 663 2773 manas,
690 2685 795 2755 dicit:

505 2799 614 2871 Auier
641 2821 660 2870 1
686 2822 740 2871 me
767 2800 910 2870 Domine
936 2797 1136 2870 vestimenta
1164 2794 1299 2868 sordida
1327 2792 1445 2888 quibus
1471 2792 1574 2864 induit
1599 2813 1654 2864 me
1682 2801 1778 2864 sata-

400 2936 481 3008 nas,
508 2927 541 2988 et
568 2915 667 2987 indue
694 2937 748 2985 me
774 2913 926 2988 vestibus
954 2912 1090 3001 electis,
1118 2911 1225 3002 dignis
1251 2914 1435 2983 ministerio
1464 2919 1540 2997 tuo,
1573 2907 1682 3000 gloria
1709 2915 1777 2996 tua,

402 3030 590 3104 ethonore
617 3040 673 3103 tuo
701 3027 896 3125 praeclaro:
924 3028 1041 3117 Pater,
1068 3025 1132 3100 Fili
1159 3037 1193 3099 et
1203 3025 1346 3123 Spiritus
1368 3036 1502 3114 sancte,
1528 3047 1615 3096 nuno
1632 3032 1666 3096 et
1681 3044 1778 3096 sem-

400 3157 461 3230 per
488 3137 580 3206 etin
608 3134 743 3206 saecula
771 3132 1003 3221 saeculorum,
1034 3132 1152 3204 Amen.

505 3251 553 3320 Et
581 3256 764 3343 postquam
799 3247 1007 3342 aliquamdiu
1038 3249 1210 3332 oraverit,
1245 3246 1415 3316 inclinans
1445 3267 1484 3314 11
1520 3265 1638 3314 coram
1670 3243 1777 3313 uitari

402 3364 505 3433 dicit:

504 3477 647 3549 Praesta
672 3478 815 3548 Domine
841 3478 954 3564 DeuS,
982 3484 1018 3547 ut
1045 3478 1192 3570 aspersis
1220 3472 1375 3546 cordibus
1402 3477 1526 3548 nostris
1554 3480 1588 3544 et
1613 3472 1777 3545 mundatis

403 3590 442 3663 ab
471 3596 561 3664 omni
588 3596 790 3664 conscientia
816 3590 925 3680 mala,
952 3592 1154 3686 impurisque
1181 3585 1462 3682 cogitationibus,
1498 3609 1686 3660 mereamur
1719 3591 1778 3658 in-

401 3708 497 3800 gredi
538 3711 572 3779 in
616 3718 764 3780 sanctum
792 3717 982 3781 sanctorum
1016 3715 1105 3776 tuum
1141 3705 1314 3779 excelsum
1350 3715 1384 3776 11
1413 3703 1570 3778 sublime:
1604 3702 1778 3797 praeclare

402 3833 435 3894 et
460 3845 545 3920 pure
578 3833 702 3896 stemus
737 3845 851 3894 coram
886 3821 982 3894 altari
1017 3829 1074 3892 tuo
1106 3831 1243 3910 sancto,
1280 3828 1315 3891 11
1347 3822 1526 3894 offeramus
1562 3819 1618 3891 tibi
1655 3841 1777 3893 sacer-

402 3939 492 4010 dotio
518 3938 720 4030 fungentes,
748 3935 911 4012 sacrificia
938 3959 1021 4033 pura
1048 3945 1082 4008 11
1108 3936 1326 4008 excellentia:
1354 3939 1387 4008 in
1423 3959 1507 4009 vera
1541 3936 1622 4025 fide,
1655 3937 1776 4022 Pater,

401 4055 481 4144 Fili,
509 4064 573 4128 etc.

506 4171 553 4240 Et
580 4171 673 4240 dicit.
718 4169 810 4244 Dens
839 4170 982 4242 obsecro
1010 4177 1043 4239 te
1069 4177 1105 4239 ut
1132 4169 1268 4262 dignum
1294 4190 1348 4241 me
1376 4170 1499 4242 efficias
1528 4167 1709 4241 accedendi
1736 4168 1779 4239 ad

403 4285 508 4356 altare
534 4294 624 4356 tuum
652 4296 801 4358 sanctum
828 4284 955 4379 absque
980 4287 1080 4372 vitio,
1110 4295 1144 4356 et
1170 4284 1298 4380 absquo
1324 4284 1462 4357 macula.
1496 4284 1572 4376 Ego
1600 4288 1689 4356 enim
1706 4305 1779 4356 sum

403 4423 523 4474 seruus
549 4410 711 4496 peccator
738 4405 794 4495 qui
819 4403 962 4497 peccavi
989 4409 1022 4471 et
1049 4403 1200 4472 commisi
1225 4409 1365 4496 peccata
1391 4410 1426 4472 et
1451 4403 1588 4472 crimina
1603 4422 1719 4472 coram
1735 4409 1778 4486 te,

401 4538 510 4611 neque
538 4515 657 4610 dignus
684 4538 757 4588 sum
784 4515 964 4588 accedendi
991 4516 1034 4588 ad
1061 4515 1166 4588 altare
1192 4526 1281 4588 tuum
1308 4537 1443 4611 purum,
1471 4526 1527 4587 aut
1554 4516 1597 4588 ad
1617 4517 1780 4611 mysteria

402 4641 457 4703 cua
491 4641 618 4704 sancta.
670 4631 796 4705 Verum
830 4654 916 4725 rogo
953 4643 987 4705 te
1022 4643 1056 4704 et
1090 4631 1255 4727 deprecor
1286 4628 1469 4704 bonitatem
1503 4643 1537 4704 11
1569 4632 1778 4704 clementiam

403 4755 509 4836 tuam,
536 4751 731 4841 miserator,
758 4752 976 4838 misericors,
1003 4758 1037 4820 et
1062 4748 1228 4819 hominum
1256 4756 1402 4819 amator:
1437 4751 1553 4844 aspice
1582 4771 1638 4820 me
1672 4748 1777 4822 oculis

402 4862 651 4935 misericordiae
678 4874 713 4936 et
737 4861 968 4956 benignitatis,
996 4863 1156 4959 efficeque
1182 4872 1218 4934 ut
1245 4871 1402 4958 acceptus
1431 4884 1546 4936 coram
1571 4872 1629 4956 te,
1657 4870 1776 4939 consi-

403 4985 488 5051 stam
513 4976 577 5050 bac
602 4978 703 5071 bora,
732 4989 766 5052 et
793 4983 882 5053 omni
909 4989 1068 5076 tempore.
1108 4978 1229 5052 Emitte
1256 4999 1358 5075 super
1383 5003 1437 5052 me
1463 4983 1607 5075 gratiam
1633 4980 1776 5079 Spiritus
