4728 6028
664 579 715 654 78
1033 569 1649 652 osssnnvnttortss

661 765 763 826 ιιυιιη·
782 763 856 826 desa
878 761 1002 837 Gla-isti,
1024 778 1102 842 quac
1131 756 1382 839 reprehendenda
1408 774 1469 820 uon
1497 755 1652 820 videntum:
1681 761 1841 834 praestare
1868 762 1969 818 tamen
1993 762 2028 818 ut

663 864 786 944 antiqua
807 861 898 925 lectio
920 860 1111 934 observetur,
1133 857 1252 939 qualem
1278 874 1345 919 εειιι
1373 856 1518 920 exhibent
1543 854 1676 918 lacobus
1703 853 1896 932 Edesseuus,
1923 854 2027 918 lloses

663 961 856 1038 llcsulensis,
878 967 909 1022 et
930 959 1030 1040 optimi
1052 958 1183 1021 codices
1226 957 1330 1019 lionet
1359 955 1437 1019 idem
1458 955 1605 1018 Barsalibi
1633 953 1828 1018 Sacerdotem
1856 971 1925 1017 cum
1952 953 2030 1016 hanc

663 1061 904 1124 benedictionem
927 1058 1117 1140 pronunciat,
1139 1055 1284 1138 populum
1307 1063 1355 1117 ter
1383 1073 1475 1118 cruce
1498 1057 1638 1138 signare,
1664 1052 1745 1133 quod
1767 1053 1798 1114 in
1819 1051 1887 1114 aliis
1910 1067 2032 1131 quoque

664 1161 811 1224 Eccleaiis
834 1159 1024 1224 observatur.

1153 1417 1296 1489 Sancum
1322 1415 1447 1502 cordo,
1474 1421 1539 1486 cte.
1673 1401 1676 1408 ¹

777 1629 850 1706 lsrn
879 1634 1006 1698 formula
1029 1635 1166 1697 omuibus
1195 1640 1259 1697 toto
1287 1633 1363 1696 orbe
1392 1631 1537 1696 Ecclesiis
1566 1629 1730 1694 communis
1759 1634 1823 1706 est,
1853 1635 1885 1690 et
1911 1643 2033 1707 semper

665 1743 730 1823 luit,
756 1751 789 1806 ut
816 1740 985 1802 testimonia
1013 1737 1142 1820 plurima
1169 1744 1343 1800 sanctorum
1371 1736 1490 1798 l‘atrum
1519 1733 1617 1816 palam
1645 1731 1776 1809 iaciunt,
1806 1747 1884 1811 quae
1914 1749 1932 1792 a
1959 1729 2033 1792 viris

418 1895 422 1902 .
665 1841 847 1907 doctissimis
869 1839 978 1902 dudum
1001 1845 1142 1900 annotata
1163 1845 1243 1901 sunt
1292 1835 1326 1898 ln
1349 1834 1481 1916 Syriacis
1504 1832 1658 1896 codicibus
1679 1832 1799 1911 integra
1821 1829 1933 1911 legitur
1954 1829 2034 1891 sicat

422 1927 428 1948 ¹
530 1949 534 1974 ²
664 1946 695 2007 m
717 1943 784 2006 aue
804 1939 963 2022 liturgiis:
996 1939 1027 1999 ιιι
1058 1935 1175 1999 craece
1202 1936 1277 1999 aaa
1304 1942 1417 1997 mcum
1431 1921 1518 1995 ’uve
1548 1928 1677 2009 σχῶμεν
1703 1916 1761 1991 ιιι
1786 1926 1862 1992 νοῦν
1890 1922 1945 1990 και
1971 1916 2033 2000 τις

664 2036 812 2128 καρδίας.
847 2026 960 2116 ’Ἄξιον
980 2031 1037 2099 καὶ
1057 2029 1193 2099 δίκαιον.
1236 2033 1364 2096 Quen
1384 2031 1549 2094 buheunaas
1569 2039 1695 2092 ιιιειιιειιι
1715 2035 1745 2090 ει
1765 2028 1870 2092 eorda.
1900 2027 2031 2107 ΗΜ

666 2150 697 2204 et
708 2144 825 2222 ιὶιιειιιιιι
846 2145 900 2202 est
929 2135 1086 2198 Deiectum
1108 2151 1178 2196 esse
1200 2133 1231 2194 in
1254 2132 1372 2195 Graeco
1395 2130 1518 2209 Codice,
1540 2129 1673 2210 suspicio
1695 2128 1859 2191 vehemens
1882 2135 1941 2204 est,
1963 2143 2031 2188 cum

665 2257 770 2302 omnes
793 2237 844 2300 alii
864 2239 896 2299 in
918 2251 1104 2298 communem
1125 2231 1284 2294 lectionem
1306 2231 1503 2294 consentiant
1555 2228 1716 2310 singulare
1738 2234 1799 2304 est,
1825 2225 1907 2306 quod
1928 2231 2033 2306 partes

664 2336 745 2399 illius
767 2335 926 2413 formulae,
947 2331 1120 2397 Nestoriaui
1141 2348 1199 2413 per
1219 2330 1417 2411 paraphrasin
1437 2328 1723 2410 ahquibusvocibus
1745 2331 1904 2398 auxonam,
1927 2332 2033 2386 contm

666 2436 853 2516 reliquorum
875 2433 1113 2497 Christianorum
1143 2430 1404 2493 consuetudinem:
1432 2428 1568 2510 mannis
1597 2427 1693 2492 simile
1723 2425 1873 2508 quidpiam
1900 2423 2034 2486 occurrit

667 2536 698 2597 in
721 2535 826 2615 paucis
849 2534 982 2615 Syriacis
1004 2529 1160 2614 Litnrgiis.

1131 2790 1279 2887 Diqmcm
1306 2796 1340 2861 et
1356 2795 1483 2882 jualeun
1509 2795 1570 2860 eal.

757 3004 851 3082 Haec
874 3015 970 3079 oratio
993 3011 1157 3094 respondet
1174 3009 1355 3076 Praelationi
1376 3017 1511 3088 nostrae,
1534 3027 1612 3091 quae
1634 3017 1667 3072 ut
1696 3009 1766 3074 olim
1793 3011 1900 3074 multas
1928 3011 2034 3076 diver-

669 3136 780 3200 sasque
802 3115 914 3179 formas
936 3112 1048 3191 habuit,
1071 3114 1112 3175 ita
1135 3129 1255 3192 quoque
1273 3108 1452 3191 Orientales,
1475 3116 1603 3176 maxime
1624 3131 1700 3176 vero
1723 3115 1753 3176 in
1775 3115 1908 3196 Syriacis
1930 3115 2035 3178 Litur-

668 3220 736 3301 giis.
787 3213 931 3298 Singulae
963 3214 1074 3294 quippe
1110 3212 1250 3293 proprias
1283 3208 1410 3290 habent,
1446 3229 1591 3293 quanam.
1610 3212 1727 3293 aliquae
1763 3213 1922 3278 breuiores
1949 3223 2034 3279 sunt:

668 3316 852 3400 prolixiores
875 3313 962 3376 aliae.
990 3310 1247 3374 Omnium‘tamen
1268 3327 1328 3372 una
1350 3319 1397 3373 est
1424 3313 1583 3388 sententia,
1606 3331 1714 3393 nempe
1736 3319 1768 3375 ut
1790 3312 1929 3377 laudetur
1950 3313 2033 3378 Deus

668 3417 705 3480 ab
726 3413 849 3478 infinitis
872 3412 934 3474 suis
956 3410 1166 3472 inhumanum
1188 3427 1286 3492 genus
1309 3407 1481 3489 beneflciis,
1503 3413 1672 3489 creatione,
1703 3414 1934 3476 conservatione
1963 3420 2035 3493 post

668 3513 776 3576 Adami
797 3517 966 3593 peccatum,
988 3508 1173 3572 institutione
1196 3527 1253 3589 per
1275 3507 1390 3590 Legem
1417 3517 1448 3572 et
1468 3509 1651 3592 Prophetas:
1683 3511 1825 3574 missione
1848 3511 1898 3574 lilii
1920 3512 1958 3575 ad
1980 3530 2035 3576 sa-

668 3612 762 3676 lutem
783 3612 875 3674 totius
898 3608 1009 3684 mundi,
1032 3607 1167 3689 ejusdem
1190 3607 1220 3668 in
1243 3609 1334 3670 terris
1362 3608 1597 3689 dispensatione,
1618 3611 1773 3690 passione,
1795 3619 1903 3688 morte,
1924 3628 2034 3674 resur·

668 3714 815 3787 rectione,
837 3708 1061 3791 praedicatione
1083 3705 1242 3790 Evangelii
1263 3724 1320 3786 per
1330 3706 1507 3789 Apostolos,
1530 3718 1561 3773 ct
1572 3707 1731 3772 Ecclesiae
1741 3708 1926 3773 fundatione.
1948 3709 2034 3774 Unde

668 3810 805 3876 laudatur
826 3810 865 3872 ab
886 3805 1013 3890 Angelis
1036 3813 1084 3868 est
1105 3805 1231 3868 coelesti
1255 3807 1335 3868 omni
1356 3806 1474 3886 mihtin,
1505 3827 1564 3890 qua
1595 3809 1755 3872 occasione
1783 3827 1877 3891 saepe
1907 3808 1945 3873 de
1974 3808 2034 3872 illis

668 3909 760 3972 multa
782 3909 930 3984 dicuutur,
952 3906 1187 3986 terminatumque
1212 3903 1315 3968 Oratio
1336 3923 1394 3986 per
1408 3903 1548 3988 hymnum
1570 3906 1787 3988 triumphalem,
1809 3908 1948 3972 Sanctam
1972 3907 2034 3970 Ta-

669 4009 707 4082 lis
736 4016 784 4072 est
809 4005 1029 4070 Praelationum
1058 4005 1186 4066 omnium
1217 4004 1398 4068 Graecarum
1429 4012 1460 4068 et
1489 4005 1684 4070 Orientalium
1711 4005 1884 4088 dispositio,
1919 4007 2035 4088 absque

670 4109 751 4188 ullo,
780 4114 991 4188 praeterquam
1015 4123 1056 4167 ex
1076 4103 1238 4166 verborum
1261 4103 1359 4185 copia,
1382 4104 1563 4184 discrimine,
1587 4112 1618 4168 et
1640 4105 1720 4187 quod
1742 4122 1847 4186 omues
1869 4107 2034 4189 gratiarum

670 4209 820 4271 actionem
842 4205 1006 4282 continent,
1029 4210 1060 4266 et
1081 4203 1112 4265 iu
1134 4203 1274 4284 hymnum
1300 4205 1507 4286 triumphalem
1529 4206 1678 4284 desinunt,
1700 4205 1813 4269 Latinis
1836 4223 1873 4268 ea
1895 4206 1927 4267 in
1948 4213 2035 4287 parte

669 4305 785 4372 similes
808 4311 886 4368 sunt.
929 4303 971 4365 lit
992 4304 1118 4366 istorum
1139 4303 1196 4365 alia
1219 4303 1339 4367 omniuo
1361 4306 1439 4368 ratio
1462 4313 1517 4368 est.
1564 4304 1649 4367 l'atet
1670 4306 1749 4368 enim
1771 4323 1813 4367 ex
1833 4305 1900 4386 ipso
1923 4305 2035 4368 blissali

673 4405 773 4469 veteri
795 4401 994 4488 Gregoriano,
1017 4400 1186 4484 singulares
1208 4402 1423 4481 Praelationes,
1454 4421 1516 4467 nou
1537 4402 1626 4466 modo
1648 4403 1733 4468 lestis
1756 4405 1944 4485 praecipuis,
1974 4411 2034 4466 tum

672 4503 824 4568 memoriis
846 4510 1018 4566 sanctornm
1040 4500 1239 4581 celebrandis,
1262 4503 1316 4566 sed
1328 4501 1494 4567 Dominicis
1505 4503 1642 4586 ungulis,
1664 4503 1790 4584 ahisque
1813 4501 1919 4566 diebus
1941 4501 2035 4566 inisse

674 4605 849 4678 destinatas,
870 4589 908 4664 in'
923 4601 1030 4683 quibus
1053 4600 1091 4664 de
1117 4603 1268 4684 mysteriis
1290 4602 1379 4684 ipsis,
1409 4621 1486 4684 quae
1514 4603 1573 4666 ritu
1599 4601 1717 4667 solenni
1744 4601 1973 4677 nesciebantur,
2002 4610 2036 4664 ut

672 4706 762 4768 etiam
789 4701 828 4765 de
849 4707 1021 4764 sanctorum
1044 4701 1118 4763 actis
1148 4700 1288 4765 nonnulla
1317 4701 1543 4780 inserebantur,
1575 4701 1652 4764 adeo
1680 4709 1712 4764 nt
1739 4701 1911 4781 quotidiana
1938 4691 2045 4783 prope

671 4803 753 4870 loret
774 4799 992 4882 Praelationum
1015 4801 1146 4866 motatio.
1189 4799 1280 4862 Tales
1310 4816 1431 4881 quoque
1452 4800 1575 4865 exhibet
1597 4801 1675 4864 liber
1697 4799 1955 4864 sacramentorum
1977 4819 2036 4864 an·

389 4945 420 4998 ,ι
437 4943 501 4994 2⁶3·
518 4941 580 4993 267.
599 4939 661 4992 270.
675 4905 774 4984 tiquus
796 4900 948 4963 Romanae
969 4898 1126 4962 Ecclesiae
1149 4919 1166 4964 a
1190 4897 1348 4963 cardinale
1371 4899 1530 4964 ‘thomasio
1553 4899 1662 4979 editus,
1686 4900 1841 4964 Gothicum
1855 4898 1976 4964 blissale
1997 4897 2035 4960 ab

355 5029 416 5080 m.
434 5029 495 5080 27⁶.
512 5027 574 5088 279.
673 5001 782 5070 eodem
802 4999 992 5082 publicatum,
1015 4998 1128 5062 similes
1151 4999 1239 5062 etiam
1262 5005 1293 5061 et
1314 5000 1409 5083 magis
1424 4999 1559 5082 prolixas
1581 4999 1670 5063 habet
1692 4999 1748 5064 sub
1770 5001 1829 5063 hoc
1850 5000 1949 5064 titulo:
1972 4997 2036 5060 lm-
