4712 6032
1172 965 1179 984 t

1118 1097 1721 1278 LlTUliGlll

897 1423 940 1550 S.
1005 1429 1967 1588 otonoulisuonlut

1144 1737 1295 1810 Primam
1322 1737 1443 1810 Oratio
1469 1744 1550 1810 arete
1575 1739 1713 1810 Pacem.

809 2005 925 2108 Deus
952 2034 1008 2125 qui
1043 2053 1080 2104 es
1113 2052 1207 2102 mane
1233 2025 1399 2099 iuellahile
1427 2031 1593 2118 caritatis,
1625 2037 1660 2100 et
1693 2027 1839 2125 abyssus
1865 2031 2108 2127 imperscruta-

738 2148 814 2222 bilis
839 2151 947 2244 pacis,
974 2146 1049 2222 lons
1075 2146 1252 2233 honorum,
1280 2153 1314 2214 et
1339 2142 1480 2235 largitor
1507 2141 1705 2233 dileetionis‚
1732 2147 1787 2240 qui
1802 2148 1901 2216 mittis
1928 2169 2045 2241 paoem
2066 2146 2109 2219 ad

739 2265 815 2337 illos
843 2267 898 2357 qui
924 2285 999 2334 eam
1025 2263 1226 2356 suscipiunt:
1255 2261 1347 2352 aperi
1373 2257 1469 2332 nobis
1496 2259 1560 2331 hoe
1576 2271 1830 2357 temporemare
1856 2265 2003 2334 caritatis
2019 2273 2107 2351 tuae,

740 2390 774 2453 et
804 2381 907 2471 irriga
940 2399 1003 2448 uos
1034 2375 1164 2448 liuentis
1197 2374 1385 2465 ditissimis,
1423 2397 1469 2446 ex
1502 2376 1653 2448 ubertate
1692 2379 1822 2469 matius
1859 2386 1954 2467 tuae,
1997 2386 2031 2449 et
2063 2401 2108 2449 ex

738 2493 885 2568 lontibus
917 2495 1123 2566 suavissimis
1156 2489 1371 2582 benignitatis
1407 2501 1493 2564 tuae.
1546 2491 1617 2564 Fae
1650 2515 1713 2565 nos
1747 2492 1833 2565 lilios
1869 2477 2108 2587 tranquillitatis

740 2621 774 2684 et
805 2608 968 2682 haeredes
1001 2611 1114 2706 paeiS,
1141 2605 1289 2680 accende
1324 2609 1358 2678 iu
1388 2607 1487 2680 nohis
1522 2609 1633 2701 ignem
1669 2613 1816 2682 caritatis
1843 2619 1935 2696 tuae,
1969 2620 2004 2681 et
2033 2608 2108 2680 leu-

740 2750 861 2800 vonem
888 2727 1010 2800 amoris
1036 2728 1092 2797 tui.
1146 2724 1232 2796 Sene
1258 2721 1415 2795 innubis
1442 2727 1593 2796 timonem
1620 2736 1725 2815 tuum,
1759 2736 1793 2798 et
1824 2725 1989 2797 ooulinna·
2012 2725 2108 2798 nfir-

740 2846 886 2916 mitatem
911 2853 1060 2918 nostnam
1086 2843 1229 2913 veritate
1264 2849 1330 2911 tua.
1384 2837 1587 2934 Constringe
1618 2864 1682 2916 nos
1709 2850 1836 2929 tecum,
1869 2850 1903 2914 et
1936 2838 2109 2914 nobiscum

741 2963 902 3047 invicem,
936 2981 1012 3048 uno,
1039 2958 1200 3052 firmaque
1225 2977 1290 3027 neo
1318 2955 1500 3060 dissolubili
1527 2958 1716 3031 concordia.
1769 2958 1910 3030 Praesta
1941 2960 2041 3029 etiam
2075 2966 2110 3028 ut

741 3079 842 3149 vacui
868 3073 957 3166 toto,
985 3086 1019 3147 et
1045 3077 1118 3171 puni
1145 3071 1186 3144 ab
1215 3075 1304 3145 omni
1329 3071 1452 3162 livore,
1478 3071 1659 3147 salutemus
1684 3076 1829 3146 invicem
1862 3076 1895 3144 iu
1928 3073 2045 3146 osculo
2078 3081 2111 3146 et

743 3192 900 3289 amplexu
926 3195 1018 3288 pacis
1046 3200 1081 3262 et
1107 3189 1252 3260 caritatis
1279 3209 1345 3261 non
1372 3189 1490 3278 lictae,
1523 3200 1559 3262 ut
1593 3215 1668 3264 cum
1701 3190 1804 3265 corde
1830 3211 1914 3287 puro
1940 3200 1976 3261 et
2001 3193 2110 3262 anima

740 3308 871 3397 mundo,
898 3307 952 3380 hie
979 3305 1111 3403 quidem
1137 3301 1357 3376 arrhabonem
1383 3308 1474 3378 vitae
1500 3308 1657 3381 membris
1683 3309 1808 3381 nostris
1834 3309 2050 3395 misceamus,
2077 3316 2111 3378 et

740 3424 808 3497 illio
833 3426 868 3495 iu
894 3423 1004 3496 futuro
1031 3422 1168 3506 saeculo
1195 3423 1323 3492 invitati
1349 3423 1451 3493 simus
1486 3422 1674 3498 adrasum
1705 3423 1785 3496 illud
1817 3403 2011 3520 perpetuum
2044 3421 2109 3493 de-

740 3541 891 3638 liciisque
924 3537 1254 3612 abundantissimum:
1291 3547 1324 3607 et
1354 3537 1591 3633 triumphaliter
1626 3537 1835 3612 celebremus
1862 3549 1913 3628 te,
1944 3559 1966 3609 o
2000 3537 2109 3625 beate,

740 3662 773 3731 in
800 3680 908 3752 regno
935 3668 1005 3744 tuo,
1032 3653 1120 3750 quod
1146 3658 1180 3725 in
1207 3660 1570 3748 aeteruumpermanet,
1597 3665 1632 3727 et
1651 3658 1853 3750 unigenitum
1876 3653 1995 3728 Filium
2010 3663 2108 3742 tuum,

742 3785 776 3847 et
801 3774 959 3872 Spiritum
985 3781 1075 3843 tuum
1103 3781 1262 3842 sunctum.
2135 3753 2140 3764 ’

844 3887 1006 3982 Papulas.
1058 3887 1177 3962 Amen.

845 4005 1029 4077 Sacerdos.
1083 4002 1168 4074 Pax.

844 4121 1006 4216 Papulae.
1059 4118 1203 4190 Etcum
1229 4119 1345 4214 spiritu
1371 4126 1438 4190 tuo.

845 4237 1032 4310 Diaooaat.
1085 4237 1153 4307 Det
1177 4236 1403 4330 uuusquisque
1428 4257 1555 4332 paoem.

845 4353 1008 4447 Papulae.
1061 4353 1196 4425 Omnes.

845 4469 1033 4541 Diaconos.
1085 4468 1178 4556 Post,
1206 4476 1267 4539 eto.

845 4584 1006 4679 Papulas.
1061 4583 1183 4658 Coram
1210 4591 1245 4655 te
1270 4583 1421 4656 Domine.

846 4700 1022 4772 Sacerdos
1055 4702 1192 4773 eleaaaa
1226 4722 1351 4772 ooeem.
1405 4702 1497 4773 Deos
1530 4697 1723 4787 invisibilis,
1757 4706 1791 4768 et
1819 4695 2107 4793 incomprehensi-

742 4815 837 4908 bilis,
870 4813 1042 4890 ineffabilis
1075 4826 1109 4889 et
1147 4817 1288 4905 infinite,
1322 4820 1378 4911 qui
1414 4820 1447 4888 in
1485 4818 1608 4890 sanctis
1640 4825 1829 4888 sanctonum
1863 4813 2010 4886 excelsis
2042 4812 2108 4884 ha-

742 4933 846 5020 bitus,
879 4938 913 5004 in
944 4942 1076 5005 secreto
1110 4932 1318 5024 habitaculo,
1366 4932 1454 5027 quod
1490 4930 1640 5003 manibus
1675 4930 1796 5002 laetum
1831 4951 1899 5002 non
1932 4942 2000 5019 est,
2046 4953 2110 5003 su-

743 5071 805 5146 pra
845 5048 960 5122 coelos
1003 5049 1192 5141 coelorum,
1233 5059 1268 5120 et
1309 5071 1410 5145 supra
1454 5047 1609 5145 quidquid
1653 5049 1808 5145 superius
1850 5045 1914 5122 illis
1951 5057 2019 5136 est3
2056 5047 2109 5142 qui
