4730 6038
677 617 754 694 28⁰
1180 615 1539 694 LITURGIA

677 829 789 880 mmus
815 803 875 876 tibi
890 802 1043 894 gloriam,
1070 812 1104 875 et
1116 801 1247 875 laudem
1273 801 1434 899 simulque
1459 807 1629 896 unigenito
1655 803 1740 877 Filio
1758 815 1826 892 tuo,
1853 813 1887 876 et
1906 803 2043 901 Spiritui

678 933 735 996 tuo
763 923 971 996 sanctissimo
998 930 1032 992 et
1057 917 1159 992 bono.

781 1037 965 1110 Sacerdos.
1018 1033 1092 1106 Pax
1117 1036 1217 1109 vobis
1244 1034 1403 1109 omnibus.

781 1153 941 1248 Populos.
994 1149 1037 1222 m
1063 1174 1136 1223 oum
1165 1154 1282 1248 spiritu
1307 1162 1374 1224 tuo.

782 1271 969 1342 Diaconos.
995 1268 1083 1340 Date
1109 1290 1237 1364 pacem.

779 1385 940 1480 Populea.
992 1388 1142 1477 Dignare
1168 1385 1320 1457 Domine.

780 1504 968 1575 Diaconos.
1022 1499 1139 1596 Capita
1167 1522 1281 1574 coram
1308 1500 1451 1574 Domino
1477 1499 1681 1572 inclinemus.

782 1618 942 1712 Poprdm.
996 1615 1123 1691 Coram
1149 1628 1182 1688 te
1207 1617 1361 1690 Domine.

782 1734 965 1805 Sacerdos.
1018 1733 1162 1806 Domine
1178 1735 1233 1827 qui
1252 1732 1343 1805 solus
1370 1731 1477 1806 bonus
1505 1753 1554 1820 es,
1582 1738 1616 1802 et
1630 1730 1725 1805 dives
1746 1731 1915 1820 donorum,
1942 1730 2044 1806 fons-

680 1875 744 1947 que
770 1848 956 1924 uberrimus
989 1851 1132 1920 omnium
1158 1847 1440 1935 benedictionum,
1479 1847 1612 1919 demitte
1647 1846 1819 1921 dexteram
1852 1858 1939 1920 tuam
1973 1869 2044 1943 po-

678 1978 819 2055 tentem,
859 1977 892 2038 et
925 1965 1067 2039 benedic
1102 1969 1200 2057 agnis
1234 1967 1380 2059 pascuae
1413 1973 1507 2052 brae,
1543 1965 1598 2058 qui
1630 1985 1743 2036 eoram
1778 1967 1953 2056 majestate
1989 1974 2045 2038 tua

678 2083 890 2171 inclinentur,
919 2081 1107 2154 concedens
1134 2081 1197 2153 illis
1230 2083 1458 2154 remissionem
1495 2100 1611 2151 eorum
1644 2102 1730 2173 quae
1762 2082 1872 2174 urique
1899 2101 1919 2151 e
1945 2078 2044 2154 nobis

679 2203 858 2272 commissa
885 2207 977 2290 sunt,
1004 2209 1038 2269 ut
1064 2220 1137 2268 cum
1163 2200 1305 2291 puritate
1333 2199 1462 2268 animae
1489 2205 1523 2267 et
1548 2199 1700 2292 corporis
1716 2199 1882 2282 castitate,
1909 2193 2044 2266 refera-

679 2339 753 2388 mus
780 2316 838 2388 tibi
870 2315 1013 2407 gloriam
1048 2336 1121 2384 cum
1156 2334 1245 2384 voce
1279 2314 1460 2404 gratiarum
1493 2315 1653 2401 actionis,
1690 2320 1723 2384 et
1755 2313 1924 2402 unigenito
1959 2310 2045 2384 Filio

679 2441 755 2521 tuo,
783 2442 816 2502 et
842 2431 976 2526 Spiritui
1004 2439 1120 2501 sancto
1147 2440 1224 2516 tuo,
1252 2439 1314 2499 etc.

785 2547 945 2640 Populea.
999 2549 1117 2620 Amen.
1709 2617 1712 2626 λ

784 2663 968 2734 Sacerdos.
1021 2663 1113 2735 Deus
1144 2658 1503 2756 incomprehensibilis,
1546 2671 1580 2732 et
1613 2657 1786 2732 ineffabilis
1828 2663 1922 2752 eujus
1964 2679 2047 2754 erga

680 2778 832 2852 homines
860 2801 955 2851 amor
981 2802 1000 2850 a
1036 2781 1197 2849 creaturis
1223 2780 1288 2850 tuis
1315 2775 1548 2872 comprehendi
1584 2797 1649 2847 non
1675 2786 1806 2872 potest,
1839 2779 1960 2871 quique
1985 2797 2048 2872 per

681 2897 913 2967 miserationes
940 2904 1013 2966 tuas
1048 2904 1218 2980 aeternas,
1245 2896 1449 2985 unigenitum
1483 2892 1601 2964 Filium
1634 2901 1723 2964 mum
1755 2894 1873 2964 misisti
1905 2891 1948 2962 ad
1983 2913 2048 2965 sa-

680 3008 783 3081 lutem
808 3012 969 3097 universi,
996 3019 1031 3080 ut
1058 3032 1158 3082 ovem
1185 3031 1272 3104 quae
1298 3008 1464 3081 ceciderat
1497 3019 1530 3080 et
1556 3007 1791 3096 aberraverat,
1825 3007 2047 3080 aiamiliari-

681 3136 750 3198 tate
775 3125 887 3213 beata,
913 3124 1115 3214 reduceres3
1150 3147 1194 3196 ne
1221 3147 1304 3217 ergo
1332 3125 1474 3199 Domine
1507 3128 1670 3220 respicias
1705 3123 1934 3220 turpitudinem
1967 3145 2047 3195 ser-

680 3263 801 3314 vorum
836 3241 1049 3330 odiosorum,
1082 3252 1116 3312 et
1146 3240 1303 3337 populum
1343 3252 1432 3314 tuum
1465 3244 1574 3333 gratia
1614 3251 1648 3313 et
1687 3238 1948 3314 miserationibus
1984 3240 2048 3312 tuis

681 3363 810 3455 prives,
838 3367 1054 3430 antevertas
1081 3355 1201 3428 faciem
1228 3367 1315 3429 tuam
1344 3383 1363 3430 a
1397 3357 1493 3431 nobis
1520 3356 1585 3428 boo
1610 3368 1779 3455 tempore,
1806 3379 1871 3451 quo
1900 3355 1957 3427 tibi
1985 3377 2048 3427 sa-

682 3473 840 3545 crificium
872 3471 1021 3544 terribile
1056 3485 1089 3545 et
1122 3475 1324 3546 incruentum
1357 3473 1534 3547 offerimus.
1586 3473 1665 3547 Non
1706 3476 1793 3546 enim
1828 3470 2049 3544 abundantiae

682 3589 846 3663 bonorum
874 3611 1010 3684 operum
1038 3588 1254 3678 confidentes,
1281 3591 1439 3663 audemus
1465 3600 1610 3663 tractare
1639 3592 1799 3685 mysteria
1831 3601 1885 3662 tue
1921 3561 2049 3676 earlcta,

683 3706 744 3778 sed
771 3704 974 3778 multitudine
1000 3705 1247 3777 misericordiae
1275 3716 1351 3778 tuae
1377 3705 1466 3794 freti,
1492 3705 1721 3802 deprecamur,
1749 3716 1782 3777 et
1800 3708 1941 3804 petimus
1968 3728 1989 3776 a
2016 3715 2049 3776 te

681 3822 836 3908 Domine,
863 3830 993 3892 utnon
1021 3818 1062 3890 ad
1089 3820 1398 3895 condemnationem
1424 3831 1458 3892 et
1488 3820 1715 3897 confusionem
1748 3822 1805 3894 liat
1836 3819 1933 3894 nobis
1966 3845 2050 3917 my-

592 4027 595 4032 ,
683 3942 819 4012 sterium
850 3935 916 4008 hoo
955 3934 1091 4024 salutis,
1125 3937 1186 4009 sed
1223 3938 1266 4010 ad
1306 3941 1537 4010 remissionem
1569 3947 1802 4034 peccatorum,
1844 3947 1878 4007 et
1916 3937 2050 4007 veniam

684 4057 827 4127 omnium
854 4054 1058 4154 iniquitatum
1085 4063 1292 4127 nostrarum:
1318 4076 1380 4152 per
1406 4059 1546 4148 gratiam
1573 4058 1806 4144 miserationis,
1841 4064 1875 4124 et
1901 4075 2049 4125 emorem

684 4193 767 4262 erga
794 4168 955 4256 homines,
983 4169 1144 4260 unigeniti
1171 4169 1245 4241 Filii
1271 4175 1334 4262 tui,
1370 4193 1444 4244 cum
1476 4195 1541 4266 quo
1576 4170 1721 4244 laudaris
1753 4175 1787 4244 in
1818 4170 1916 4244 coelo
1951 4179 1984 4242 et
2017 4170 2051 4241 in

683 4297 786 4374 terra,
814 4307 887 4356 cum
915 4283 1039 4378 Spiritu
1067 4293 1124 4357 tuo
1151 4289 1372 4360 sanctissimo.

786 4401 974 4472 Diocorrm.
1003 4399 1136 4474 Stemus
1163 4401 1329 4476 decenter.

787 4515 949 4610 Populos.
1001 4513 1262 4591 Misericordiae.

786 4631 970 4704 Sacerdos.
1023 4629 1164 4706 Caritas.

785 4748 947 4842 Populos.
1000 4741 1044 4818 Et
1070 4770 1145 4822 oum
1171 4755 1285 4848 spiritu
1311 4761 1379 4826 tuo.

787 4864 971 4937 Soeerdoe.
1024 4861 1164 4939 Sursum
1191 4867 1303 4941 corde.

787 4980 948 5074 Populea
1003 4977 1174 5056 Habemus
1201 4984 1243 5056 ad
1269 4986 1455 5058 Dominum.

788 5099 973 5171 Sacerdos.
1001 5089 1132 5172 Gratias
1161 5123 1299 5194 agamus
1325 5102 1479 5174 Domino.
