4784 6040
726 473 802 546 412
1229 476 1585 555 LITURGIA

725 658 921 734 cessabunt:
946 684 1050 758 parce
1075 661 1191 754 nobis,
1216 663 1380 753 Domine,
1407 675 1441 736 et
1467 665 1611 736 extende
1638 686 1769 737 manum
1795 676 1885 738 tuam
1899 688 2000 762 super
2025 689 2088 742 nos

726 800 851 851 omnes.
904 777 981 853 Nou
1006 782 1109 852 intres
1135 782 1169 851 in
1192 780 1348 871 judicium
1374 780 1564 870 nobiscum,
1597 804 1640 853 ne
1665 785 1783 854 venias
1815 785 1849 852 in
1874 782 2088 855 recordatio-

725 917 800 966 nem
834 897 1036 990 iniquitatum
1073 906 1277 987 nostramm,
1313 918 1379 967 non
1414 895 1456 968 ad
1489 909 1679 970 accuratum
1715 920 1858 970 examen
1893 919 2020 985 voces,
2054 909 2089 971 et

725 1015 906 1085 constituas
932 1034 1016 1101 noe,
1042 1034 1106 1083 nec
1132 1015 1234 1084 simus
1261 1012 1389 1107 depulsi
1416 1037 1436 1084 a
1462 1017 1570 1104 gratia
1595 1025 1665 1086 tua:
1692 1038 1758 1087 non
1786 1016 1888 1088 simus
1920 1012 2019 1083 alieni
2045 1013 2086 1086 ab

724 1127 928 1200 haereditate
955 1137 1028 1214 tua,
1056 1150 1122 1200 non
1156 1127 1380 1200 acerbissimis
1414 1129 1581 1224 suppliciis
1613 1130 1794 1202 tradamur:
1827 1152 1894 1201 non
1927 1128 1969 1200 ad
2001 1151 2086 1201 ver·
2161 1149 2165 1156 ·

723 1266 810 1314 mem
838 1243 1030 1317 stridentem
1057 1243 1226 1334 dentibus,
1252 1267 1328 1316 eum
1357 1247 1465 1340 impiis
1499 1267 1561 1318 nos
1595 1246 1771 1320 amandes:
1805 1268 1872 1318 non
1906 1248 1940 1316 in
1972 1267 2087 1318 eorum

719 1368 819 1455 ¹parte
846 1362 901 1452 qui
927 1367 961 1429 te
987 1358 1222 1433 crucifixemnt
1246 1382 1471 1431 numeremur:
1497 1382 1565 1433 non
1592 1365 1789 1457 cumimpiis
1805 1370 2002 1436 statuemur:
2020 1381 2086 1432 non

723 1478 807 1548 socii
832 1479 1017 1570 iniquomm
1045 1478 1162 1562 simus,
1189 1497 1257 1547 non
1283 1479 1317 1546 in
1342 1473 1420 1548 lletu
1447 1487 1481 1548 et
1513 1477 1656 1550 stridore
1689 1478 1833 1550 dentium
1864 1479 2085 1573 projiciamur.
2120 1553 2129 1572 .

724 1591 778 1663 Ne
806 1591 956 1684 abneges
983 1615 1062 1665 nos:
1097 1602 1132 1663 ut
1166 1613 1227 1664 eos
1263 1595 1318 1686 qui
1350 1603 1384 1663 te
1413 1613 1482 1664 non
1515 1603 1695 1682 noverunt,
1729 1615 1839 1688 neque
1870 1591 1992 1688 perdas
2023 1613 2085 1665 nos

724 1731 798 1778 cum
826 1707 889 1780 illis
917 1711 972 1804 qui
997 1711 1031 1779 in
1057 1717 1091 1780 te
1116 1729 1183 1779 non
1210 1707 1440 1796 crediderunt,
1467 1707 1528 1781 sed
1546 1711 1627 1781 oriri
1644 1709 1698 1780 lac
1715 1707 1813 1781 nobis
1829 1707 1969 1781 salutern
1987 1718 2086 1797 tuam,

725 1823 891 1897 danobis
919 1828 1053 1897 veniam
1080 1824 1260 1897 secundum
1288 1847 1436 1896 amorem
1462 1834 1551 1896 tuum
1578 1847 1660 1918 erga
1687 1823 1852 1898 bomines:
1879 1827 1970 1896 mitte
1989 1823 2084 1898 nobis

724 1940 856 2013 divitias
883 1942 1078 2014 clementiae
1106 1951 1197 2028 tuae,
1226 1951 1259 2011 et
1285 1943 1449 2022 constitue
1476 1963 1538 2012 nos
1574 1940 1616 2012 ad
1649 1941 1822 2014 dexteram
1855 1952 1953 2013 tuam.
2004 1940 2085 2012 ble-

724 2068 835 2131 mento
863 2061 1006 2130 omnium
1031 2066 1181 2129 nostrum
1207 2079 1268 2151 per
1293 2061 1524 2130 miserationes
1557 2066 1649 2145 tuas,
1684 2058 1779 2132 salva
1810 2077 1874 2130 nos
1907 2056 2084 2128 secundmn

722 2174 957 2247 multitudinem
984 2172 1139 2246 bonitatis
1165 2184 1257 2246 tuae:
1285 2172 1406 2267 adjuva
1421 2196 1484 2246 nos
1506 2196 1568 2269 per
1584 2173 1793 2246 clementiam
1812 2184 1916 2262 tuam3
1943 2173 2085 2266 adjunge

723 2310 786 2362 nos
813 2293 912 2382 gregi
937 2301 1012 2378 tuo,
1040 2302 1074 2362 et
1105 2311 1242 2361 numera
1275 2311 1338 2364 nos
1371 2292 1405 2360 in
1437 2289 1554 2362 ordine
1580 2289 1774 2363 dilectomm
1809 2301 1958 2386 tuorum3
1993 2289 2084 2361 ellice

723 2427 786 2478 nos
813 2405 932 2499 dignos
964 2428 1070 2499 regno
1104 2415 1177 2494 bro,
1212 2407 1360 2478 introduc
1385 2429 1448 2480 nos
1474 2411 1508 2477 in
1539 2405 1715 2478 thalamum
1747 2416 1845 2479 tuum.
1898 2404 2084 2501 llapropter

723 2519 876 2596 Ecclesia
903 2533 977 2614 tua,
1004 2533 1038 2594 et
1064 2543 1153 2615 grex
1178 2531 1253 2597 tuus
1280 2522 1478 2619 deprecatur
1504 2532 1549 2614 te,
1576 2533 1609 2596 et
1634 2546 1696 2619 per
1714 2535 1758 2615 te,
1776 2535 1810 2596 et
1828 2533 1937 2596 tecum
1953 2522 2082 2595 Patrem

724 2646 831 2727 tuum,
858 2639 982 2712 dicens.
1389 2661 1394 2670 ¹
1779 2663 1780 2668 ¹

827 2755 989 2848 Populus.
1041 2755 1205 2829 Miserere
1231 2759 1345 2830 nostri.

827 2871 1011 2943 Sacerdos.
1063 2871 1137 2945 Nos
1164 2895 1306 2968 quoque.

748 3055 752 3064 .
826 2987 1014 3059 moeonas.
1068 2988 1175 3075 Quam
1201 2988 1343 3061 timenda
1371 2997 1424 3061 est
1448 2986 1532 3059 baec
1557 2986 1650 3060 bora.

851 3263 1026 3335 Sacerdos
1056 3263 1239 3336 inclinatus
1265 3264 1350 3334 dicii
1383 3262 1637 3334 [avocationem
1663 3260 1816 3356 Spiritus
1840 3265 1961 3333 sancti.

435 3463 575 3521 Duodecim
597 3467 711 3536 Apono·
826 3454 990 3528 Miserere
1015 3455 1093 3542 mei,
1119 3454 1274 3543 Domine,
1301 3463 1335 3524 et
1361 3452 1481 3524 exaudi
1507 3475 1560 3524 me
1587 3451 1650 3524 boc
1678 3461 1839 3546 tempore,
1866 3461 1900 3523 et
1924 3454 2017 3522 mitte
2043 3450 2083 3522 de

402 3551 493 3609 lorum.

723 3568 827 3642 coelis
854 3573 917 3642 tuis
945 3570 1091 3642 excelsis
1105 3569 1261 3666 Spiritum
1288 3579 1377 3642 tuum
1404 3579 1564 3657 sanctum,
1591 3578 1625 3638 et
1650 3567 1831 3640 sanctificet
1846 3565 2082 3640 Eucharistiam

719 3671 808 3757 ¹hauc
825 3686 1046 3780 spiritualem:
1073 3689 1221 3781 spiritum
1235 3683 1403 3771 Sanctum,
1420 3681 1477 3754 tibi
1496 3682 1679 3777 aequalem,
1698 3683 1890 3772 substantia,
1912 3694 1945 3757 et
1960 3685 2081 3776 gloria:

723 3806 784 3896 qui
804 3825 906 3897 super
931 3805 1135 3895 unigenitum
1150 3800 1269 3873 Filium
1295 3810 1383 3872 tuum
1409 3803 1442 3870 in
1461 3799 1609 3872 Jordane
1635 3796 1767 3871 flumine
1794 3803 1946 3895 appamit
1971 3803 2082 3896 specio

722 3917 914 3992 columbae:
942 3928 977 3991 et
1002 3941 1102 4015 super
1127 3917 1314 4012 Apostolos
1341 3927 1414 3989 tuos
1443 3925 1590 4005 sanctos,
1616 3918 1649 3986 in
1675 3915 1795 4008 linguis
1821 3918 1930 4008 igneis
1947 3917 1981 3988 in
1997 3939 2081 3988 coe-

722 4035 842 4108 naculo
869 4037 1052 4130 requievit3
1078 4056 1132 4106 me
1160 4055 1290 4130 quoque
1316 4033 1464 4129 perficiat
1489 4055 1550 4127 per
1576 4033 1717 4124 gratiam
1744 4041 1834 4105 tuam
1854 4054 1917 4104 vas
1934 4032 2081 4121 electum,

723 4162 758 4223 et
784 4162 896 4247 aptum
923 4153 1103 4223 ministerio
1131 4150 1260 4243 gloriae
1286 4159 1372 4222 tuae.

827 4267 977 4354 Elecmrs
1001 4289 1127 4338 coeam.
1180 4265 1312 4339 Exaudi
1338 4288 1410 4357 me,
1435 4266 1587 4337 Domine.

826 4384 987 4478 Populos.
1040 4384 1146 4481 llyrie
1177 4383 1313 4456 eleison.

824 4500 1010 4572 Sacerdos.
1049 4499 1094 4572 Ut
1119 4503 1193 4595 ipse
1218 4499 1370 4588 illabens,
1398 4507 1432 4569 et
1457 4496 1678 4585 sanctificans,
1704 4494 1934 4590 laciatpanem
1957 4493 2081 4588 quidem

722 4597 839 4708 istum{
870 4639 991 4713 corpus
1027 4628 1192 4706 sanctum,
1225 4638 1347 4712 corpus
1378 4615 1555 4711 purificans
1589 4624 1622 4686 et
1653 4595 1932 4710 propitiatorium,
1965 4628 2080 4706 eorpus

722 4743 898 4829 praestans
925 4731 1282 4828 incorruptibilitatem:
1314 4754 1435 4827 corpus
1461 4730 1595 4802 Domini
1621 4731 1685 4802 Dei
1721 4740 1754 4801 et
1780 4728 1956 4803 salvatoris
1982 4725 2081 4797 nostri

723 4851 805 4924 Jesu
833 4849 970 4937 Christi,
998 4849 1040 4921 ad
1067 4852 1297 4924 remissionem
1322 4859 1553 4943 peccatorum,
1586 4856 1620 4919 et
1650 4849 1753 4918 vitam
1780 4855 1946 4918 aeternam
1974 4843 2079 4918 susci-

669 4958 675 4971 '
723 4965 888 5064 pientlbus
915 4965 1002 5037 illud.
1211 4966 1371 5059 Populus.
1423 4965 1542 5036 Amen.
