4730 6038
639 609 716 686 308
991 609 1118 688 NOTAE
1143 612 1184 688 lll
1210 611 1415 688 hllllllGllhll
1440 613 1651 692 Pttttottttttt.

638 794 720 876 apud
741 813 808 874 nos,
831 815 849 859 a
871 796 945 860 solis
967 795 1136 877 Episcopis.
1181 795 1276 870 Quam
1298 796 1394 859 inanis
1418 807 1500 862 esset
1520 763 1570 861 illa
1593 801 1763 880 accusatio,
1792 799 1862 863 alibi
1890 801 2008 882 proba-

637 898 748 960 vimus:
779 905 810 958 et
841 915 879 958 ex
908 896 967 958 isto
996 893 1151 977 Liturgiae
1181 894 1250 958 loco
1280 896 1353 958 satis
1382 897 1508 980 intelligi
1537 905 1655 979 potest,
1686 917 1774 980 quam
1800 899 1947 984 religiose
1969 901 2008 966 de

349 976 624 1048 repensatum.
637 993 744 1074 Myro,
775 1013 829 1058 seu
858 993 1106 1072 Confirmatione,
1137 1012 1215 1074 quae
1237 994 1316 1057 idem
1338 1002 1395 1074 est,
1418 997 1574 1060 Jacobitae
1595 999 1742 1074 sentiant,
1771 1017 1896 1081 quorum
1919 1019 1956 1063 ea
1977 1003 2009 1064 in

316 1083 339 1116 r.
360 1065 401 1116 Η.
422 1075 467 1118 atr.

638 1101 725 1174 parte
757 1092 863 1156 eadem
894 1100 941 1156 est
968 1111 1003 1155 ac
1025 1093 1210 1174 reliquorum
1233 1092 1428 1158 Orientalium
1452 1094 1688 1160 Christianorum
1709 1096 1785 1160 fides
1806 1105 1838 1161 et
1860 1099 2008 1162 doctrina.

639 1190 822 1273 Comparant
851 1192 928 1253 enim
958 1191 1030 1254 illud
1054 1209 1121 1253 cum
1142 1189 1313 1275 Baptismo,
1343 1201 1374 1255 et
1395 1193 1600 1272 Eucharistia,
1630 1213 1708 1276 quae
1731 1195 1791 1258 duo
1815 1196 2008 1262 Sacramenta

637 1309 808 1373 agnoscere
831 1290 899 1353 illos
922 1308 1011 1354 namo
1033 1290 1156 1356 dabitat.
1202 1291 1297 1355 Orant
1319 1294 1441 1375 quippe,
1464 1302 1497 1357 ut
1518 1295 1582 1376 igni
1605 1302 1730 1358 aeterno
1753 1311 1814 1358 non
1836 1294 2008 1363 tradantur:

638 1394 708 1472 quia
730 1391 839 1472 signati
862 1399 932 1453 sunt
954 1389 1139 1464 chrismate,
1168 1391 1338 1472 donumque
1369 1391 1499 1472 Spiritus
1521 1394 1617 1455 sancti
1648 1402 1847 1475 acceperuot3
1877 1413 1944 1458 narn
1977 1397 2009 1460 in

638 1490 868 1571 consignatione
882 1488 990 1552 dicitur
1003 1489 1139 1570 Sigillum
1160 1490 1234 1552 doni
1246 1489 1379 1570 Spiritata
1400 1493 1509 1568 sancti,
1532 1501 1565 1556 ut
1586 1493 1664 1573 apud
1678 1492 1828 1556 Graecos:
1852 1501 1924 1573 tum,
1939 1497 2009 1577 quia

638 1589 854 1654 Eucharistiam
878 1597 1078 1669 acceperunt,
1107 1588 1188 1670 quod
1212 1590 1401 1670 exprimunt,
1429 1590 1470 1652 ita
1496 1597 1528 1652 ut
1550 1592 1744 1672 metaphorae
1767 1591 1852 1656 locus
1875 1609 1936 1655 non
1958 1594 2007 1670 sit,

638 1707 706 1752 cum
721 1688 824 1751 dicunt
838 1706 950 1770 corpus
960 1688 1070 1752 Christi
1092 1689 1244 1751 conditam
1266 1697 1297 1751 et
1319 1689 1488 1770 depositum
1509 1689 1605 1754 fuisse
1627 1691 1752 1754 inillis:
1776 1699 1837 1754 tum
1860 1693 1928 1773 quia
1952 1711 2009 1775 per

638 1789 821 1870 baptismum
842 1789 1015 1871 regenerati
1037 1795 1116 1852 sunt.
1160 1787 1340 1871 Agnoscunt
1361 1790 1454 1872 igitur
1475 1790 1619 1870 gratiam,
1641 1798 1675 1853 ut
1696 1790 1789 1875 vulgo
1811 1790 1931 1870 dicitur,
1954 1810 2009 1853 sa-

641 1887 853 1951 cramentalem
876 1887 906 1949 in
929 1886 1102 1950 Chrismatis
1124 1889 1277 1964 unctione,
1300 1906 1362 1951 non
1383 1890 1479 1951 minus
1501 1907 1590 1970 quarn
1613 1891 1643 1951 in
1658 1888 1821 1971 baptismo,
1843 1889 2009 1954 etllucha-

639 1990 734 2067 ristia,
758 1992 847 2067 atque
870 1986 948 2049 adeo
971 1986 1044 2048 illud
1066 1987 1290 2050 Sacramentum
1312 2005 1383 2050 esse
1405 1987 1592 2052 confitentur.

726 2085 815 2161 Quod
827 2092 926 2148 autem
941 2084 1137 2150 verbum‘hic
1159 2094 1322 2166 usurpatur
1343 2086 1380 2150 ad
1402 2087 1627 2169 significandam
1637 2089 1905 2170 consignationem,
1927 2090 2008 2156 illam

641 2205 681 2250 ex
693 2204 751 2250 usu
760 2185 975 2250 Ecclesiastico
997 2186 1123 2267 proprie
1145 2185 1292 2268 designat,
1317 2205 1393 2267 quae
1408 2188 1440 2250 fit
1455 2189 1485 2248 in
1497 2187 1633 2250 omnibus
1646 2188 1845 2251 Sacramentis
1858 2189 2007 2271 impresso

641 2285 729 2350 simul
758 2286 858 2349 crucis
886 2286 993 2368 signo,
1024 2292 1054 2348 et
1083 2303 1119 2347 ea
1148 2285 1328 2347 observatur
1350 2287 1380 2348 in
1403 2285 1636 2350 confirmatione
1659 2287 1908 2366 administranda,
1938 2307 2008 2350 nam

641 2386 742 2446 unctio
765 2385 797 2446 lit
819 2385 849 2445 in
872 2385 971 2448 crucis
994 2383 1120 2446 formam
1141 2385 1226 2446 utin
1249 2383 1313 2446 aliis
1337 2384 1473 2448 omnibus
1495 2387 1591 2449 sacris
1614 2389 1821 2467 caeremoniis,
1844 2388 1875 2449 in
1898 2388 2007 2468 quibus

642 2482 779 2546 Chrisma
802 2483 968 2546 adhibetur.

1035 2745 1070 2814 ll.
1110 2743 1289 2814 laocculio
1315 2743 1466 2837 Spiritus
1491 2751 1612 2819 cuncti.

734 2937 849 3018 Erana
879 2965 956 3029 quaa
983 2946 1050 3009 aliis
1080 2947 1216 3010 omnibus
1238 2946 1381 3032 Liturgiis
1404 2949 1453 3012 hic
1475 2937 1876 3015 observatur‘lnvocationis
1899 2950 2006 3031 forma,

639 3051 763 3116 Graecis
785 3051 958 3133 persimilis,
981 3068 1068 3131 quam
1090 3049 1203 3113 idcirco
1225 3069 1340 3115 vexare
1362 3053 1465 3116 inutile
1489 3063 1549 3118 est:
1572 3073 1673 3136 neque
1696 3055 1775 3118 enim
1789 3055 1868 3116 inter
1877 3053 2007 3118 Codices

637 3152 718 3216 bene
738 3151 847 3215 multos
870 3151 1028 3232 Syriacos,
1052 3168 1130 3231 quos
1153 3153 1360 3230 tractavimus,
1389 3170 1466 3215 unus
1489 3152 1612 3237 alicujus
1637 3154 1819 3234 antiquitatis
1842 3155 2006 3234 reperitur,

638 3253 669 3314 in
695 3270 754 3333 quo
785 3251 872 3314 aliter
899 3269 934 3313 sa
961 3239 1087 3326 habeat,
1117 3251 1143 3312 si
1171 3253 1396 3315 recentissimos
1425 3253 1570 3334 quosdam
1599 3253 1795 3317 ablaronitis
1824 3252 2006 3317 reformatos

638 3351 814 3431 excipimus.
859 3350 893 3413 ln
914 3351 971 3412 ista
993 3349 1105 3431 legitur
1126 3357 1159 3410 ut
1180 3349 1317 3430 perliciat
1339 3362 1446 3430 ntuli,
1476 3360 1508 3414 ut
1537 3355 1567 3415 in
1598 3352 1663 3415 aliis
1682 3349 1798 3430 thalli,
1827 3371 1905 3433 quae
1928 3353 2006 3416 duae

637 3467 731 3513 voces
754 3450 938 3532 respondent
961 3450 1096 3532 Graecae
1118 3439 1293 3534 τελειώσῃ,
1323 3468 1399 3531 quae
1426 3450 1591 3531 perlectam
1619 3461 1650 3515 et
1673 3459 1904 3515 consummatam
1926 3469 2007 3514 con-

639 3551 840 3613 secrationem
869 3549 1027 3632 significat.
1070 3548 1116 3612 De
1144 3549 1261 3612 illarum
1291 3568 1385 3631 porro
1414 3559 1444 3613 et
1474 3551 1597 3614 aliarum
1628 3570 1706 3632 quae
1733 3552 1763 3614 in
1790 3550 1846 3614 hac
1869 3552 2006 3614 oratione

639 3657 822 3732 usurpantur
849 3667 956 3713 vocum
983 3647 1202 3730 significatione
1233 3656 1264 3710 et
1292 3656 1354 3710 tota
1382 3669 1459 3731 quae
1489 3650 1558 3714 inde
1589 3653 1683 3713 oritur
1713 3653 1907 3733 quaestione,
1938 3668 2006 3713 cum

640 3749 710 3813 abbi
734 3750 859 3831 copiose
882 3749 992 3812 dictum
1013 3747 1121 3827 fuerit,
1144 3748 1216 3811 nihil
1238 3747 1422 3830 adjiciemus.

952 4012 988 4082 5.
1014 4011 1182 4082 Menenio
1209 4010 1354 4081 Domine
1380 4011 1512 4107 Regum
1535 4011 1693 4104 fidelium.

726 4205 818 4282 Hauc
841 4215 1023 4296 antiquitatis
1045 4221 1117 4277 nota
1139 4232 1209 4277 esse
1230 4222 1345 4295 posset,
1369 4217 1394 4278 si
1416 4233 1434 4277 a
1457 4214 1621 4279 Philoxeno
1644 4217 1786 4296 scriptam
1808 4213 1886 4277 hanc
1902 4213 2007 4276 Litur-

639 4319 720 4401 giam
733 4319 826 4382 luisse
845 4325 1011 4382 constaret:
1033 4335 1101 4380 nam
1128 4319 1203 4380 vixit
1224 4317 1276 4380 ille
1298 4317 1353 4380 sub
1377 4317 1552 4382 Christianis
1575 4319 1819 4398 lmperatoribus,
1841 4323 1873 4382 et
1893 4317 1930 4380 iis
1955 4319 2006 4398 qui

639 4436 679 4480 ex
701 4420 767 4501 ejus
790 4419 953 4496 sententia,
980 4424 1093 4481 rectam
1115 4416 1203 4481 fidam
1225 4419 1471 4501 propugnabant,
1500 4419 1622 4480 Zenona
1644 4417 1760 4480 scilicet
1781 4422 1812 4478 et
1833 4416 2006 4496 Anastasio,

639 4535 717 4599 quos
739 4518 874 4580 maximis
896 4516 1032 4580 laudibus
1055 4515 1183 4579 ellerunt
1203 4516 1369 4595 lacobitae,
1393 4524 1424 4580 et
1446 4519 1525 4580 inter
1547 4523 1668 4580 sanctos
1691 4533 1763 4578 suos
1786 4513 1950 4592 collocant,
1973 4523 2006 4578 ut

638 4623 722 4698 patet
744 4636 784 4680 ex
804 4614 987 4697 Coptitarum
1002 4615 1193 4679 Kalendario.
1223 4615 1283 4679 Sed
1303 4617 1376 4679 nihil
1398 4617 1467 4679 inde
1490 4615 1564 4679 elbci
1586 4623 1697 4696 potest,
1720 4634 1787 4678 cum
1809 4614 1916 4678 eadem
1938 4613 2006 4676 ior-

640 4714 719 4777 mula
748 4717 787 4778 sit
813 4717 843 4778 in
872 4714 984 4796 aliquot
1012 4715 1172 4798 Liturgiis,
1202 4733 1329 4796 quorum
1351 4724 1472 4779 autores
1495 4715 1550 4779 sub
1573 4715 1857 4778 hlabamedanorum
1880 4715 2005 4795 imperio

639 4815 798 4878 vixerunt:
821 4824 854 4878 ut
876 4815 946 4878 alibi
969 4816 1211 4879 observavimus:

1058 5023 1589 5068 ..ὴ-ψ
