4712 6032
509 665 1372 746 SMARUTAECATHOLIGI.
1554 671 1631 746 265

346 843 525 946 *Populus
576 854 696 926 Amen.

362 969 538 1042 Sacerdos
563 969 756 1040 inclinatas.
808 969 976 1042 Memento
1003 969 1147 1044 Domine
1173 974 1316 1045 omniurn
1353 975 1407 1068 qui
1440 977 1630 1046 eommuni-

259 1094 337 1158 eant
362 1089 555 1158 necessitati
581 1088 846 1181 peregrinorum,
873 1096 907 1158 et
932 1087 1119 1158 allliotorum
1148 1111 1328 1183 curamque
1353 1087 1477 1162 habent
1501 1087 1629 1162 Eccle-

259 1205 383 1276 siaram
409 1213 444 1273 et
469 1201 766 1290 monasteriorum,
793 1212 827 1272 et
852 1211 986 1298 praesta
1013 1202 1078 1298 illis
1104 1203 1194 1276 bona
1221 1203 1422 1296 diligentium
1449 1216 1493 1277 te.

364 1319 514 1392 Eleoaas
547 1340 673 1388 nocem,
727 1317 820 1390 Dens
860 1321 914 1412 qui
945 1321 1188 1414 providentiam
1223 1319 1328 1393 babes
1368 1325 1473 1394 omnis
1507 1327 1630 1416 carnis,

260 1447 294 1509 et
320 1435 497 1509 auxiliator
523 1457 562 1508 es
589 1442 832 1522 creaturarum,
858 1433 963 1506 lib'era
990 1446 1024 1506 et
1050 1435 1146 1508 salva
1180 1436 1335 1532 populum
1372 1448 1462 1510 tuum
1496 1439 1629 1512 lidelem

260 1578 279 1626 a
306 1553 456 1626 manibus
482 1551 639 1623 violentis
665 1545 811 1642 gentium
839 1537 1161 1624 immisericordium:
1188 1575 1372 1648 praeserva
1393 1576 1525 1650 quoque
1552 1553 1628 1628 illos

258 1691 515 1764 aquoenmque
541 1667 676 1740 damno:
704 1690 724 1737 a
756 1676 950 1761 paupertate
982 1689 1124 1762 aspera,
1157 1678 1191 1740 et
1223 1673 1425 1743 necessitate
1457 1669 1628 1744 doloribus

258 1785 375 1882 plena:
406 1809 427 1856 a
453 1806 566 1880 poena
593 1791 626 1855 et
652 1781 777 1854 ultione
805 1804 891 1875 quae
917 1784 1009 1854 vires
1037 1794 1189 1880 superet:
1232 1807 1253 1856 a
1286 1785 1455 1882 paralysi,
1489 1784 1627 1858 mutila-

257 1904 367 1992 tione,
393 1899 498 1988 febre,
525 1900 683 1988 nuditate,
709 1907 817 1971 morte
842 1896 989 1971 violenta
1018 1910 1051 1971 et
1077 1899 1231 1973 fortuita:
1259 1925 1279 1972 a
1306 1899 1434 1996 laqueis
1461 1912 1495 1973 et
1521 1923 1626 1974 scan-

259 2015 361 2106 dalis,
398 2040 419 2089 a
451 2014 668 2102 contumelia,
704 2014 873 2086 derisione
906 2024 940 2086 et
972 2015 1170 2112 opprobrio:
1205 2019 1358 2112 quoniam
1392 2027 1427 2089 tn
1459 2039 1498 2090 es
1532 2019 1626 2092 Deus

257 2143 457 2230 potestatem
483 2131 610 2205 babens
637 2133 728 2202 vitae
755 2141 789 2202 et
814 2134 928 2204 mortis
955 2141 1106 2227 nostrae,
1132 2132 1257 2229 tibique
1283 2132 1425 2226 gloriam
1453 2133 1627 2208 referimus

258 2258 292 2321 et
317 2252 487 2342 unigenito
514 2249 600 2320 Filio
627 2258 704 2336 nuo,
731 2257 793 2318 etc.

361 2365 522 2459 Populos.
575 2365 694 2436 Amen.

360 2481 535 2554 Sacerdos
560 2480 751 2552 inclinatas.
805 2475 1111 2552 Commemoramus
1139 2503 1271 2576 quoque
1298 2481 1451 2572 Domine,
1478 2479 1626 2578 Reges⁵

260 2596 485 2688 Christianos,
512 2607 547 2669 ut
572 2617 634 2693 per
660 2599 813 2667 virtutem
847 2604 936 2666 tuam
970 2594 1226 2692 insuperabilem
1261 2597 1429 2687 roborati,
1461 2601 1627 2674 terribiles

259 2726 441 2816 appareant
468 2714 631 2786 adversus
657 2714 807 2784 inimicos
834 2713 953 2782 crucis.

361 2832 511 2903 illesam
535 2853 660 2902 nocem.
712 2828 805 2901 Deus
823 2837 954 2921 potens,
982 2851 1046 2900 rex
1064 2833 1097 2900 in
1116 2839 1298 2918 aeternum,
1325 2831 1420 2904 aufer
1438 2832 1480 2904 ab
1497 2832 1624 2907 Eccle-

258 2952 307 3022 sia
335 2961 390 3022 tua
416 2947 516 3036 bella,
542 2955 577 3018 et
593 2947 728 3018 damna:
755 2945 956 3036 immitisque
983 2945 1141 3018 cordibus
1167 2943 1301 3039 Regum
1322 2948 1467 3022 'consilia
1486 2949 1626 3044 pacifica

258 3075 292 3137 et
317 3069 406 3136 mitia
433 3085 534 3159 super
559 3084 698 3156 gregem
727 3071 829 3132 tunm:
857 3057 964 3132 deduc
991 3083 1052 3134 nos
1079 3084 1140 3157 per
1166 3063 1429 3136 miserirendiam
1463 3064 1504 3136 ad
1537 3085 1624 3161 por-

258 3193 324 3254 tum
352 3179 579 3275 tranquillum,
607 3190 641 3252 et
666 3178 754 3251 incia
787 3175 875 3247 laeta
909 3180 1089 3270 pervenire
1118 3199 1182 3251 nos
1216 3178 1272 3250 iac
1305 3179 1347 3251 ed
1380 3180 1466 3252 diem
1499 3181 1625 3271 salutis,

258 3308 292 3370 et
316 3295 500 3370 referemus
527 3295 582 3368 tibi
610 3297 769 3389 gloriam,
797 3301 859 3363 etc.

360 3413 521 3507 Populos.
574 3414 694 3485 Amen

361 3530 536 3602 Sacerdos
562 3530 752 3602 inclinatas.
794 3529 1101 3604 commemoramus
1119 3529 1216 3598 etiam
1234 3527 1376 3601 Domine
1390 3549 1508 3602 omnes
1531 3529 1627 3604 San-

257 3659 330 3721 ctos
368 3657 460 3734 tuos,
498 3644 699 3742 Prophetas,
741 3645 940 3742 Apostolos,
968 3645 1153 3740 Martyres,
1187 3642 1382 3734 solitarios,
1418 3643 1627 3738 Religiosos:

257 3765 437 3860 praecipue
462 3785 546 3836 vero
574 3771 721 3836 sanctam
749 3763 949 3836 Genitricem
975 3762 1039 3834 Dei
1066 3761 1219 3852 Mariam,
1245 3760 1407 3834 loannem
1434 3761 1627 3858 baptistam,

258 3893 292 3954 et
318 3889 468 3955 sanonum
494 3879 697 3976 Stephanum
724 3889 1015 3976 protomartyrem.

360 3997 509 4068 Hennae
541 4018 667 4068 nocem.
723 3995 1030 4090 congregationem
1064 3994 1320 4068 domesticorum
1354 4004 1499 4084 tuorum,
1534 4005 1624 4068 mm-

256 4135 341 4210 pore
367 4117 460 4187 istius
487 4111 640 4185 sacrificii
667 4112 769 4185 divini
784 4131 1093 4200 commemoramus,
1121 4132 1303 4204 omnesque
1331 4113 1385 4206 qni
1402 4125 1625 4186 servaverunt

257 4233 432 4304 veritatem
461 4239 563 4315 tuam,
592 4237 625 4298 et
651 4227 862 4324 perfecerunt
888 4227 1090 4300 voluntatem
1117 4237 1221 4299 tuam:
1249 4235 1284 4300 ut
1311 4250 1385 4299 eum
1412 4229 1623 4320 egrediemur

256 4349 289 4417 in
316 4354 491 4418 obcursum
518 4347 677 4436 unigeniti
702 4343 777 4415 Filii
805 4351 838 4416 in
865 4344 1009 4416 adventu
1037 4347 1109 4436 ejus
1136 4343 1302 4432 secundo,
1338 4345 1623 4442 ascendemusqne

258 4461 300 4533 ad
326 4460 500 4535 thalamum
528 4459 747 4555 spiritualem,
775 4472 808 4533 et
834 4458 877 4532 ad
902 4463 1093 4534 convivium
1121 4459 1319 4546 immortale,
1346 4463 1452 4534 nostri
1479 4484 1623 4558 qnoque,

259 4581 313 4671 qui
340 4599 455 4650 eorum
483 4580 622 4670 gratiam
649 4585 683 4648 et
710 4577 866 4648 auxilium
893 4575 1122 4673 imploramus,
1149 4579 1183 4646 in
1210 4577 1415 4658 orationibus
1443 4580 1511 4648 sais
1544 4601 1622 4650 me-

258 4715 371 4767 mores
399 4697 480 4782 sint,
508 4715 621 4765 coram
648 4713 773 4787 sponso
800 4692 938 4765 coelesti
967 4691 1184 4787 coetibusque
1206 4713 1320 4763 eornm
1335 4691 1564 4784 adjungamur,
1592 4705 1626 4766 et

259 4808 320 4882 sub
348 4810 409 4884 alis
437 4832 551 4883 eornm
579 4819 812 4906 protegamur,
839 4807 1089 4904 referamusqne
1117 4807 1189 4894 tibi,
1217 4817 1279 4878 eto.

362 4925 525 5021 l’opulns.
578 4929 698 5000 Amen.
1188 4993 1195 5004 .

362 5043 536 5114 Sacerdos
574 5042 764 5112 inclinatos.
833 5041 1003 5113 Memento
1043 5037 1185 5112 Domine
1222 5033 1237 5074 ⁶
1270 5042 1414 5112 omnium
1450 5040 1622 5113 Ortbodo-

258 5181 379 5232 xorum
405 5159 537 5230 Petrum
564 5167 771 5248 nostrornm,
799 5160 854 5252 qui
880 5155 977 5228 iidem
1003 5165 1128 5228 rectam
1146 5177 1209 5230 nos
1223 5156 1416 5248 docuerunt,
1442 5159 1622 5253 praecipue
