4712 6032
582 592 613 668 S.
644 591 850 668 EUSTATHII
874 587 1139 668 PllTllldROHdll
1164 589 1406 668 nnuloousnt.
1614 593 1691 668 239

420 777 605 850 Sacerdos.
659 777 911 850 Misericordiae
938 776 1002 849 Dei
1030 779 1103 850 sint.

419 894 609 965 Diaconos.
662 894 899 989 Unusquisque
925 917 999 965 cnm
1026 898 1154 970 timore.

419 1009 604 1084 Sacerdos.
658 1011 783 1084 Sancta
810 1012 945 1082 sanctis.

420 1127 583 1221 Populus.
636 1125 730 1200 Unus
757 1127 859 1199 Pater
886 1137 1032 1215 sanctus,
1060 1137 1122 1198 etc.

546 1426 723 1500 Sacerdos
749 1427 834 1499 dicii
861 1428 1059 1498 Orationem
1084 1429 1276 1520 ¹aradiorum
1302 1428 1460 1499 actionis.

421 1613 561 1688 Omnem
587 1613 717 1687 laudern
746 1613 997 1702 indeficientem,
1024 1618 1154 1707 gratiae
1181 1624 1258 1687 tuae
1284 1613 1497 1686 inenarrabili
1522 1614 1689 1689 oderimus

317 1729 476 1802 Domine:
505 1735 560 1827 qui
584 1754 646 1827 per
664 1735 910 1826 susceptionem
928 1729 1023 1823 hujus
1040 1734 1190 1828 mysterii
1208 1729 1396 1803 illuminasti
1412 1733 1539 1804 animas
1554 1742 1688 1806 nostras

317 1844 418 1917 radiis
445 1846 669 1942 spiritualibus
696 1845 875 1918 divinitatis
902 1858 988 1918 tuae.
1042 1849 1182 1918 Praesta
1207 1869 1272 1919 nos
1299 1850 1399 1939 igitur
1430 1845 1612 1920 incolumes
1646 1848 1688 1921 als

317 1960 394 2052 igne
421 1959 477 2035 illo
504 1961 764 2055 inextinguibili,
791 1984 853 2057 per
879 1962 966 2034 istud
992 1965 1199 2035 convivium:
1236 1971 1270 2033 et
1301 1961 1488 2034 referemus
1521 1958 1578 2031 tihi
1604 1959 1688 2052 glo-

316 2077 413 2166 riam,
441 2086 503 2148 ete.

419 2191 581 2285 Populos.
631 2194 750 2264 Arnen.

418 2306 603 2380 Sacerdos.
655 2309 740 2380 Pax.

419 2423 582 2516 Papulas.
635 2423 778 2494 nucum
806 2426 1014 2520 spirituum.

383 2539 606 2610 Dianoeas.
658 2540 750 2612 Post.
1197 2635 1201 2643 1

419 2653 604 2726 Sacerdos.
649 2654 791 2727 Domine
818 2654 1129 2752 custodi'populnm
1157 2665 1245 2727 tuum
1272 2654 1415 2746 fidelem,
1442 2669 1476 2729 et
1502 2659 1597 2732 salva
1624 2680 1687 2730 nos

318 2792 433 2842 omnes
461 2771 503 2843 ab
532 2772 622 2842 omni
648 2775 778 2874 timore¹
793 2780 826 2842 et
852 2782 1011 2843 tremore:
1039 2770 1370 2865 tranquillitatemque
1396 2783 1431 2845 et
1456 2797 1574 2870 pacem
1598 2797 1687 2847 con-

317 2885 399 2958 cede
425 2886 523 2958 nohis
551 2886 1057 2982 omnihus,.benedictionesqne
1083 2886 1202 2975 bonas,
1230 2887 1351 2979 gandia
1380 2899 1414 2961 et
1432 2891 1686 2967 exultationem:

316 3012 351 3074 ut
376 3025 437 3098 pro
473 3003 625 3076 omnibus
656 3002 876 3076 retribuamus
912 3003 968 3075 tihi
1002 3003 1162 3095 gloriam,
1198 3003 1347 3095 laudem,
1383 3006 1621 3082 exaltationem
1654 3021 1688 3082 et

316 3121 496 3210 gratiarnm
524 3121 700 3206 actionem,
723 3121 865 3214 Deoqne
881 3119 972 3199 Pata
998 3123 1142 3212 genitori
1170 3129 1237 3208 tuo,
1266 3131 1299 3191 et
1314 3121 1448 3217 Spiritui
1475 3134 1532 3198 tuo
1560 3139 1687 3215 sancto,
1714 3205 1717 3212 Δ

315 3235 419 3324 nun'c,
446 3243 508 3305 etc.

417 3350 582 3442 Populus.
635 3351 755 3422 Amen.

417 3466 605 3537 Diaconos.
660 3461 807 3537 Benedic
835 3464 988 3538 Domine.

417 3581 602 3653 Sacerdos.
656 3581 803 3654 Benedic
830 3581 927 3653 nohis
954 3579 1116 3654 omnibus.

417 3696 605 3771 Diaconos.
657 3696 859 3769 Benedicam
887 3698 1074 3768 Dominum.

735 3988 1269 4031 ”ww-

506 4305 569 4394 ΙΝ
617 4305 998 4398 lll‘URGldll
1046 4303 1080 4398 S.
1127 4307 1498 4402 EUS'ldTHll

916 4497 1085 4582 nollo.

754 4743 786 4814 1.
811 4714 1002 4816 Eustachii
1028 4747 1247 4820 Antioclceni.

415 4927 633 5008 Caesareanum
657 4954 787 5008 estnon
810 4947 899 5010 niodo
923 4948 1002 5010 inter
1023 4949 1192 5028 lacebitas,
1221 4951 1276 5013 sed
1300 4951 1378 5032 apud
1402 4951 1597 5028 Orthodoxos
1621 4953 1687 5016 Eu-

216 5079 219 5088 ·
313 5044 416 5107 stolidi
438 5047 637 5128 Antiocheni,
661 5049 712 5130 qui
733 5049 869 5113 Nicacno
894 5051 1029 5114 Concilio
1052 5053 1204 5133 interluit,
1228 5055 1387 5117 memoria:
1408 5071 1509 5138 nequo
1531 5057 1626 5138 magis
1650 5057 1687 5120 ad
1717 5055 1900 5111 sistant.
1916 5067 1940 5110 a
1954 5057 1997 5113 ¹7·
