4730 6038
596 679 628 756 S.
661 677 828 756 Jtcoet
859 678 1070 758 nrtsoort
1103 679 1436 776 torritanum,
1471 695 1522 757 oc.
1682 683 1756 757 363

385 863 566 954 stolorum,
599 876 633 939 ct
657 865 968 958 Evangelistarum:
1001 870 1034 938 in
1069 867 1199 941 theatro
1226 867 1497 941 Praedicatorum
1531 879 1565 940 et
1598 869 1757 966 Prophe-

386 991 505 1070 terum,
533 985 587 1077 qui
614 980 854 1055 revelationem
882 1006 902 1055 a
929 991 963 1053 te
990 992 1210 1079 acceperunt:
1237 985 1271 1055 in
1297 982 1383 1056 iesto
1412 993 1445 1056 et
1470 986 1592 1076 gaudio
1619 985 1757 1079 glorio-

387 1119 500 1170 sorum
515 1101 742 1189 agonistarum
763 1101 816 1193 qui
834 1097 1046 1194 perfecerunt
1066 1099 1273 1172 voluntatem
1294 1111 1401 1172 mam:
1428 1103 1461 1171 in
1480 1103 1622 1194 regione
1645 1103 1757 1195 gaudii

387 1222 422 1284 et
445 1199 626 1309 voluptatis
654 1211 869 1286 indeficientis
895 1223 991 1301 tuac,
1017 1223 1052 1286 ut
1079 1238 1152 1286 cum
1181 1215 1244 1287 illis
1271 1225 1304 1287 et
1330 1217 1417 1288 iuter
1443 1216 1541 1305 ilios,
1567 1217 1756 1290 referamus

385 1327 445 1400 tibi
477 1329 620 1421 gloriam
651 1338 685 1400 et
716 1329 847 1402 laudem
882 1340 917 1402 ct
949 1333 1121 1422 unigenito
1147 1330 1234 1404 Filio
1266 1342 1323 1404 tuo
1357 1341 1391 1404 et
1417 1333 1553 1428 Spiritui
1587 1344 1643 1410 tuo
1670 1357 1756 1408 san-

387 1447 544 1518 ctissime.

490 1562 651 1656 Poputuo.
703 1563 824 1635 Amen.

487 1677 662 1749 Socerdm
693 1675 885 1748 inclinatus.
938 1676 1107 1750 Memento
1139 1678 1283 1750 Domine
1318 1675 1462 1752 omnium
1493 1679 1628 1752 Patruru
1661 1679 1755 1753 San·
1815 1767 1820 1780 ‚

386 1805 513 1867 ctorum
540 1806 574 1866 et
601 1794 786 1866 Doctorum
813 1792 1015 1881 electorum,
1048 1797 1102 1888 qui
1131 1817 1204 1866 cum
1231 1803 1324 1868 recta
1350 1795 1415 1867 iide
1441 1794 1655 1890 praebuerunt
1679 1796 1756 1869 Ec-

386 1911 497 1983 clesiis
525 1913 588 1982 tuis
623 1913 764 1996 sanctis,
797 1919 1097 2004 pugnaveruntque
1129 1933 1191 2006 pro
1225 1909 1333 1984 verbo
1367 1915 1538 2001 veritatis,
1573 1916 1755 2010 praecipuo

384 2050 469 2100 vero
496 2027 633 2118 Ignatii,
658 2026 831 2123 Dionysii,
858 2025 971 2096 Basilii
998 2035 1031 2098 et
1058 2022 1231 2118 Gregorii,
1266 2026 1534 2124 reliquorumque
1559 2028 1694 2101 Petrum
1722 2037 1756 2100 et

384 2142 567 2215 Doctorum
596 2141 878 2216 Ortbodoxorum.

487 2259 637 2330 Eteonos
667 2280 792 2329 vocem.
847 2255 1069 2328 Lumiuarium
1097 2257 1343 2353 splendidorum
1368 2259 1596 2334 Ecclesierum
1624 2269 1755 2333 tuarum

386 2384 584 2464 sanctarumq
612 2397 728 2447 eorum
747 2378 801 2469 qui
824 2377 857 2445 in
877 2377 1058 2446 certamine
1074 2395 1135 2468 pro
1158 2365 1323 2467 religione
1343 2387 1513 2471 suscepto,
1541 2377 1639 2448 animi
1651 2377 1755 2450 robur

386 2492 711 2564 demonstraveruut:
751 2511 866 2562 eorum
901 2493 957 2584 qui
992 2510 1112 2561 nomeu
1146 2501 1236 2562 tuum
1268 2494 1354 2561 inter
1388 2502 1528 2585 gentes,
1566 2490 1682 2584 Reges
1721 2504 1755 2565 et

384 2607 470 2682 tilios
497 2608 603 2682 Israel
629 2607 916 2703 praedicavenmt.
955 2606 1022 2679 Per
1049 2608 1219 2679 orationes
1247 2628 1362 2679 corum
1392 2604 1616 2703 acceptabiles
1644 2607 1754 2680 auda-

385 2729 470 2799 ciam
494 2723 682 2798 hacreseon
708 2745 901 2819 compesce:
929 2722 1098 2796 doctrinas
1129 2733 1241 2794 rectas
1274 2722 1351 2795 tidei
1377 2746 1494 2797 eorum
1522 2725 1555 2796 in
1583 2724 1754 2798 animabus

383 2845 505 2914 nostris
532 2845 653 2930 insere,
681 2850 715 2912 et
741 2844 826 2911 inter
852 2839 987 2912 ordines
1014 2861 1130 2912 eorum
1157 2837 1276 2913 beatos
1303 2862 1366 2912 uos
1393 2839 1535 2932 colloca,
1563 2852 1596 2914 et
1622 2840 1754 2934 gloriae

384 2958 601 3054 triumphique
627 2966 781 3030 coetuum
807 2977 923 3028 eorum
949 2954 1106 3028 coelestis
1133 2958 1312 3052 participes
1338 2978 1401 3030 nos
1429 2955 1530 3029 effice.
1576 2959 1629 3031 Da
1655 2956 1754 3031 nobis
1806 2997 1809 3004 .

385 3077 483 3146 etiam
509 3074 662 3147 fiduciam
687 3094 802 3146 coram
830 3072 915 3145 solio
942 3083 999 3146 tuo
1026 3070 1185 3162 excelso,
1221 3075 1297 3167 quia
1333 3082 1367 3145 tu
1401 3095 1438 3147 es
1472 3083 1624 3164 sanctus,
1660 3085 1694 3147 et
1719 3078 1754 3148 iu

384 3192 506 3263 sanctis
532 3193 734 3286 requiescis,
761 3197 973 3283 sanctosque·
988 3187 1138 3286 perficis3
1165 3198 1200 3259 et
1224 3199 1258 3260 to
1286 3189 1383 3261 decet
1408 3188 1533 3282 gioria,
1567 3190 1692 3280 honor,
1720 3200 1754 3262 et

383 3308 553 3402 imperium
581 3328 655 3378 cum
681 3305 851 3398 unigenito
879 3303 964 3376 Filio
992 3314 1048 3377 tuo
1076 3315 1111 3377 ct
1136 3305 1261 3400 Spiritu
1287 3314 1345 3377 tuo
1375 3309 1596 3380 sanctissimo.

486 3423 646 3517 Populus.
698 3423 818 3495 Amen.

486 3539 661 3612 Sacerdos
677 3538 867 3630 inclinetur.
898 3535 1067 3609 Memento
1094 3538 1237 3610 Domine
1263 3539 1407 3609 omnium
1435 3540 1549 3632 quiin
1575 3537 1641 3610 fide
1666 3561 1751 3613 vera

383 3655 509 3750 pridem
536 3654 798 3737 obdormierunt,
834 3651 876 3725 ab
903 3652 1035 3726 Adamo
1068 3651 1220 3724 adhunc
1247 3651 1483 3747 usquedum,
1518 3653 1750 3747 sacerdotum,

382 3771 619 3860 Diaconorum
646 3770 945 3861 Subdiaconorurn,
971 3769 1161 3857 tectorum,
1187 3766 1630 3864 Psaltarum‚1nterpretum‚
1652 3767 1750 3842 Gan..

382 3899 499 3976 torum,
527 3885 782 3976 nonachorum,
819 3895 853 3958 et
879 3889 1023 3958 omnium
1050 3886 1276 3959 Saecularium
1303 3885 1446 3958 fidelium
1474 3890 1588 3983 quiin
1616 3887 1748 3961 Christo

382 4005 640 4092 obdormierunt,
668 4014 842 4076 eteorum
869 4025 931 4098 pro
959 4001 1077 4100 quibus
1103 4005 1283 4099 uniquique
1309 4002 1507 4076 obtuleruut.

483 4120 633 4192 Discum
658 4142 783 4192 uocem.
818 4119 961 4191 Domine
989 4122 1131 4215 quictem
1156 4131 1290 4214 praesta
1317 4118 1488 4193 animabus
1515 4143 1631 4193 cortun
1657 4143 1749 4215 quo-

381 4256 453 4308 rum
479 4241 673 4310 memoriam
699 4236 859 4326 fecimus,
889 4247 923 4308 et
954 4240 987 4309 iu
1013 4233 1099 4310 libro
1127 4246 1183 4308 tuo
1209 4239 1301 4308 vitae
1326 4239 1458 4308 nomina
1485 4259 1601 4310 eorum
1628 4237 1749 4326 scribe,

381 4353 565 4449 dignosque
590 4353 665 4426 flios
691 4352 746 4425 iao
761 4353 932 4448 voluptate
959 4376 1046 4449 quae
1072 4351 1281 4425 inPuradiso
1308 4356 1498 4448 percipitur.
1527 4353 1667 4428 Colloca
1686 4377 1747 4429 eos

379 4472 412 4541 iu
446 4474 587 4562 regione
614 4473 797 4563 justorum,
829 4480 863 4542 et
896 4467 1064 4542 ordinibus
1100 4472 1228 4564 piorum
1263 4468 1338 4543 iilos
1372 4469 1538 4564 adjunge,
1573 4481 1672 4567 atque
1705 4471 1748 4542 ad

379 4595 508 4681 portum
536 4589 627 4658 vitae
652 4589 832 4683 pervenire
857 4585 925 4673 iac,
951 4585 1007 4658 ubi
1035 4595 1088 4658 est
1113 4584 1332 4658 habitaculum
1352 4590 1484 4681 quietis,
1510 4587 1597 4660 unde
1619 4587 1748 4680 fugiunt

380 4702 525 4792 dolores,
551 4701 767 4791 infirmitates,
783 4701 936 4798 'suspiria
964 4714 998 4776 et
1024 4707 1214 4796 angustiae:
1241 4701 1298 4774 ubi
1319 4724 1435 4774 omnes
1453 4707 1558 4776 suncti
1577 4704 1747 4798 voluptate

379 4817 546 4908 fruuntur,
579 4819 635 4892 ubi
672 4842 787 4893 omnes
820 4823 866 4916 pii
899 4823 1079 4916 quiescrmt
1132 4819 1263 4892 Nullum
1290 4841 1336 4890 ex
1362 4816 1476 4907 nobis,
1511 4830 1566 4891 eut
1593 4843 1637 4892 ex
1663 4823 1746 4915 ipsis

379 4935 650 5020 condemnatum,
678 4940 881 5032 projectum,
908 4947 965 5009 aut
991 4935 1162 5008 exclusum
1189 4934 1296 5008 iacias
1323 4958 1344 5006 a
1369 4957 1476 5028 regno
1504 4947 1560 5009 tuo
1587 4935 1745 5010 coelesti:

377 5079 461 5130 unus
489 5060 576 5128 enim
601 5055 662 5129 iuit
687 5058 911 5130 tantummodo
940 5061 994 5152 qui
1026 5060 1215 5153 apparuerit
1250 5078 1350 5150 super
1383 5065 1505 5128 terram
1540 5053 1691 5123 immunis
1726 5076 1746 5123 a

376 5180 529 5268 peccato,
559 5175 748 5265 unigenitus
774 5172 878 5247 Filius
905 5181 979 5246 tuus
1005 5172 1166 5246 Dominus
1194 5183 1227 5245 et
1252 5172 1346 5244 Deus
1373 5172 1614 5244 nostertesus
1643 5170 1745 5243 Cirri-

426 5311 513 5354 'romus
525 5310 548 5353 n.
1488 5290 1539 5364 49
