4728 6028
650 509 699 582 92
1028 507 1646 586 OBSERVATIONES

648 693 798 755 namara
817 689 908 772 fraqe
929 691 962 752 in
983 707 1122 769 corpore,
1146 690 1242 752 eabae
1262 690 1295 752 in
1316 709 1437 768 mucre,
1456 692 1599 772 proficiat
1617 693 1743 770 neritia,
1765 693 1845 774 qaod
1866 691 2027 758 obtulimus

644 812 706 874 pro
728 790 864 853 delictis:
887 796 918 852 et
941 789 981 850 ita
1004 789 1095 851 variis
1117 789 1148 850 in
1170 787 1255 851 locis.
1300 787 1334 850 ln
1357 788 1513 854 Gallicano
1535 789 1633 854 obicio
1656 789 1694 852 ad
1717 790 1839 855 blissam
1853 791 1883 856 S.
1900 790 2025 855 Leodo-

648 891 737 976 garii,
762 887 977 951 lltdesceadal
995 887 1046 950 bic
1059 887 1228 949 benedictio
1250 893 1304 950 toa
1325 906 1417 967 asper
1437 889 1516 951 bona
1534 908 1645 969 panau
1667 897 1697 952 et
1718 891 1843 952 calicem
1863 893 1896 952 ia
1917 897 2025 954 bara·

645 987 974 1069 famabonespiritra
988 987 1034 1048 toi
1046 987 1155 1049 saaca.
1178 985 1414 1048 labiosurabico
1437 986 1537 1050 multis
1559 986 1646 1067 locis,
1667 987 1745 1050 Post
1760 989 1873 1068 pridie,
1896 997 2025 1070 rogatur

648 1088 733 1150 Deus
754 1095 787 1149 nt
807 1086 939 1148 bostiam
960 1086 1063 1146 cicant
1083 1085 1283 1146 illustratione
1310 1085 1458 1147 adsentire
1486 1087 1537 1147 arri
1563 1087 1748 1166 sanctificet:
1776 1094 1812 1148 ot
1835 1087 1913 1149 baec
1942 1087 2025 1150 liba-

648 1189 732 1248 mina
755 1184 960 1247 benedicenda
981 1191 1128 1258 asarmot,
1150 1189 1184 1244 at
1204 1183 1265 1245 illie
1285 1184 1554 1262 sanctificationem
1575 1183 1726 1262 infundat.
1756 1183 1789 1246 ln
1803 1184 1896 1248 Missa
1909 1183 2025 1248 Natalis

648 1284 777 1346 Domini.
825 1281 915 1343 Utin
937 1281 1042 1343 eadem
1064 1282 1173 1360 spirita
1194 1299 1252 1361 qao
1275 1289 1303 1342 te
1325 1282 1357 1342 ia
1379 1301 1474 1344 came
1495 1284 1657 1361 cirpiaitas
1677 1284 1855 1362 incorrupta
1877 1284 2025 1362 cortcepit,

648 1383 706 1445 ltas
727 1383 844 1444 boetius
867 1379 998 1441 llinitas
1019 1379 1153 1440 indivisa
1174 1381 1349 1460 saacbfcet.
1393 1378 1463 1444 Alio
1488 1379 1567 1444 loco.
1598 1380 2025 1456 Quaesumnsotablatioaem

647 1482 728 1544 bano
749 1481 876 1560 spiritis
897 1480 942 1538 tai
957 1479 1154 1556 permiitimus
1174 1479 1354 1557 sanctifices,
1377 1485 1408 1538 et
1428 1496 1540 1558 corpas
1561 1486 1591 1540 et
1605 1481 1781 1558 sanquinem
1794 1478 1917 1542 Domini
1926 1480 2028 1542 nocui

645 1581 737 1660 pleno
759 1576 1028 1656 transformatione
1050 1577 1215 1655 comanos.

737 1674 848 1740 Similia
870 1673 961 1736 multa
983 1674 1259 1754 praetermittimus,
1283 1673 1337 1735 sed
1361 1693 1401 1736 ex
1416 1673 1519 1737 relatis
1538 1677 1731 1757 perspicuum
1745 1682 1792 1738 est
1805 1674 1910 1738 eadem
1926 1692 2023 1756 prope

648 1777 760 1851 verba,
784 1772 908 1836 easdem
930 1772 1097 1834 sententias
1120 1772 1151 1833 in
1172 1771 1345 1834 Missilibus
1369 1770 1427 1835 illis
1450 1775 1679 1852 vetustissimis,
1709 1790 1745 1835 ac
1768 1774 1798 1834 in
1821 1770 2024 1834 Orientalibus

649 1873 790 1956 reperiri.
841 1871 916 1934 Nam
945 1870 1106 1951 utrobique
1135 1870 1306 1950 postulatur
1333 1871 1482 1932 aduentus
1510 1871 1642 1951 Spiritus
1669 1873 1782 1947 sancti,
1814 1872 1901 1952 isque
1931 1889 2025 1954 super

650 1976 730 2038 dona
750 1971 924 2054 proposita:
947 1968 1189 2048 transformatio,
1211 1968 1385 2044 translatio,
1409 1976 1440 2030 et
1456 1969 1549 2048 plena
1571 1969 1767 2048 carfirmatio
1788 1976 1944 2049 petuntur:
1968 1969 2025 2032 be-

649 2074 791 2147 nedictio,
814 2069 1020 2148 sanctificatio
1042 2067 1213 2128 contradam
1242 2085 1412 2145 munerum,
1441 2075 1472 2130 et
1498 2067 1556 2130 illis
1586 2068 1705 2147 verbis,
1734 2085 1811 2148 quae
1838 2068 2025 2130 lnvocationi

651 2169 849 2234 Orientalium
872 2173 1055 2247 comparata,
1078 2164 1174 2248 magis
1198 2163 1417 2244 quodammodo
1440 2165 1639 2248 significantia
1660 2174 1740 2228 sunt.
1773 2165 1870 2244 Nemo
1894 2183 2025 2246 unquam

601 2263 603 2269 ’
649 2269 805 2332 Ecclesias
828 2265 980 2340 Gotticas,
1012 2263 1196 2342 Gallicanas,
1225 2263 1430 2326 Mosarabicas
1461 2265 1630 2344 accusavit,
1661 2266 1746 2346 quasi
1774 2281 1881 2344 parum
1908 2265 1958 2345 pie
1985 2264 2024 2326 de

650 2366 860 2432 Eucharistiae
882 2363 1111 2446 consecratione
1134 2362 1297 2425 sentirent:
1322 2381 1377 2426 cur
1398 2362 1850 2444 igitureorumdemverborum
1863 2363 2025 2425 occasione

653 2465 856 2530 Orientalibus
880 2464 993 2524 cumen
1015 2461 1196 2539 intentetur,
1225 2462 1405 2541 perspicere
1435 2461 1553 2524 dilllcile
1584 2469 1641 2526 est.
1686 2461 1816 2523 Accedit
1845 2459 1927 2541 quod
1954 2460 2027 2524 licet

653 2583 716 2628 non
745 2562 851 2626 iisdem
881 2561 1000 2637 verbis,
1031 2558 1168 2622 Ecclesia
1199 2559 1350 2636 Romana,
1379 2567 1447 2622 orat
1470 2569 1584 2638 tamen,
1615 2567 1645 2622 et
1668 2559 1894 2622 benedictiones
1918 2559 2027 2622 format

654 2661 848 2742 superbona
872 2666 1062 2736 consecrata,
1084 2659 1221 2738 petitque
1244 2675 1280 2719 ea
1299 2658 1437 2738 perferri
1457 2662 1488 2721 ia
1510 2659 1636 2722 sublime
1649 2657 1826 2737 altarellei,
1849 2677 1909 2739 quo
1933 2676 2026 2720 sensu

655 2759 789 2824 Graecos
819 2776 909 2836 suos,
938 2757 1161 2821 lnvocatiouem
1196 2755 1383 2839 intelligere,
1419 2757 1573 2820 affirmavit
1602 2756 1766 2820 Oabasilas.
1813 2756 1901 2820 Tales
1931 2774 2026 2838 porro

655 2859 833 2933 Orationes,
864 2874 990 2938 quarum
1020 2861 1166 2935 excerpta
1195 2854 1367 2934 retulimus,
1400 2863 1552 2919 vetustate
1583 2873 1637 2918 sua
1666 2855 1739 2917 satis
1769 2853 2025 2936 commendantur,

598 2979 600 2982 ’
655 2957 825 3036 dequibus
858 2955 973 3036 siquis
1001 2954 1083 3016 litera
1112 2971 1236 3016 inuuere
1268 2953 1376 3033 vellet,
1405 2953 1523 3017 abunde
1551 2952 1743 3016 refelleretur
1772 2955 1933 3018 autoritate
1960 2955 2026 3016 llo·

654 3072 760 3118 manaa
793 3055 911 3117 illarum
944 3053 1084 3116 editionis
1115 3071 1132 3114 a
1162 3051 1321 3115 Cardinale
1352 3052 1511 3116 Thomasio
1541 3059 1737 3133 procuratae:
1770 3053 1905 3133 quamvis
1939 3071 2025 3116 sacra

655 3154 732 3216 baec
760 3153 953 3218 venerandae
978 3151 1161 3232 antiquitatis
1191 3158 1381 3214 monumenta
1408 3150 1627 3234 approbalione
1656 3153 1859 3214 recentiorum
1887 3169 1949 3214 non
1975 3153 2027 3213 in-

654 3252 787 3336 digeant.
1550 3279 1556 3284 -

361 3370 492 3424 smne.
505 3367 641 3422 cambo·
741 3352 856 3414 Primus
887 3349 965 3412 inter
987 3365 1042 3410 eos
1064 3349 1116 3428 qui
1138 3345 1176 3409 de
1198 3346 1360 3430 Liturgicis
1381 3348 1474 3411 rebus
1496 3349 1700 3429 scripserunt,
1722 3347 1800 3410 banc
1822 3348 1934 3410 vetusti
1954 3348 2026 3410 Μο-

332 3471 381 3508 me
399 3456 432 3508 de
447 3456 497 3509 illis
510 3454 641 3510 Orationi·
654 3449 782 3514 sarabici
804 3451 878 3512 ritus
902 3465 969 3510 cum
992 3445 1109 3510 Graeco
1133 3446 1371 3509 conformitatem
1393 3447 1567 3510 observavit
1593 3445 1760 3509 Cardinalis
1781 3444 1875 3524 Bona,
1899 3465 2026 3527 eamque

330 3541 388 3594 bus.

653 3543 877 3632 intelligendam
903 3545 1049 3628 judicavit
1078 3545 1242 3608 secundum
1270 3547 1405 3607 eumdem
1432 3565 1552 3608 caesam
1562 3545 1801 3620 ‘Ortbodoaam
1831 3545 1940 3624 inquit,
1968 3565 2027 3626 qao

382 3645 443 3696 aer.
466 3644 558 3713 ΝΜ·
580 3645 639 3699 Η·
652 3650 765 3712 Patres
787 3647 899 3708 Graeci
918 3647 950 3706 in
972 3644 1094 3725 Spnodo
1115 3644 1288 3706 Florentino
1309 3663 1397 3706 atam
1420 3646 1603 3719 orationem,
1616 3639 1620 3644 ’
1633 3642 1681 3705 lac
1711 3642 1790 3704 huuc
1820 3635 1932 3722 panem
1950 3660 2027 3723 pre-

349 3746 370 3780 ο.
391 3729 434 3783 13.

654 3748 763 3811 tiosum
787 3761 898 3825 corpus
923 3740 1045 3819 Christi,
1068 3742 1278 3820 replicarunt.-
1300 3751 1334 3803 at
1352 3743 1493 3804 nimirum
1515 3742 1616 3804 bostio
1630 3744 1699 3820 jam
1721 3749 1916 3818 cancerata,
1938 3741 2028 3804 nabis

652 3853 832 3925 nostraeque
854 3843 946 3904 saluti
972 3841 1072 3902 sancti
1099 3839 1230 3918 Spiritus
1251 3841 1360 3919 illapsa
1381 3840 1600 3919 sanctificetur.
1644 3838 1686 3900 At
1708 3841 1812 3901 Patres
1837 3838 1945 3901 Graeci
1967 3839 2027 3901 dici

654 3961 714 4005 non
738 3949 875 4022 possunt,
898 3939 1041 4019 Episcopi
1065 3955 1131 4014 sex,
1155 3937 1207 4016 qui
1228 3937 1414 4018 Imperatore
1438 3946 1470 4000 et
1493 3937 1558 4000 aliis
1573 3938 1734 4019 Episcopis
1756 3938 1973 4016 nescientibus,
1996 3945 2027 3999 et

655 4049 763 4122 postea
786 4037 1029 4112 reclamantibus,
1051 4036 1141 4099 talem
1164 4037 1385 4116 expositionem
1408 4034 1565 4099 dederunt.
1604 4035 1706 4108 Qualis
1729 4053 1804 4099 vero
1827 4054 1953 4117 curaque
1976 4033 2026 4098 illa

653 4141 707 4218 sit,
731 4138 767 4201 ad
792 4141 887 4220 Syros
910 4144 942 4199 et
962 4135 1097 4216 reliquos
1121 4134 1308 4214 Orientales,
1331 4135 1470 4215 quicum
1493 4133 1551 4197 illis
1574 4152 1730 4198 commune
1753 4131 1825 4196 nihil
1847 4132 2026 4214 habuerunt,

447 4292 452 4300 .
552 4297 557 4304 ,
653 4239 808 4321 pertinere
837 4235 1006 4299 nullatenus
1037 4232 1189 4296 censenda
1218 4241 1274 4296 est.
1318 4233 1394 4295 Nam
1423 4231 1504 4314 quod
1533 4234 1614 4296 aiunt
1636 4232 1826 4295 bessarionis
1849 4239 1879 4295 et
1901 4230 2028 4294 Arcudii

653 4336 829 4414 imitatores,
853 4342 945 4396 totam
968 4333 1134 4396 orationem
1158 4329 1266 4393 referri
1280 4331 1318 4394 ad
1332 4329 1518 4394 fructuosam
1533 4333 1669 4414 mysterii
1682 4333 1916 4412 susceptionem,
1931 4332 2027 4394 susti-

652 4435 720 4496 neri
742 4450 803 4495 non
826 4439 936 4513 potest.
981 4431 1089 4513 Neque
1111 4431 1190 4492 enirn
1212 4430 1359 4512 postulari
1382 4439 1504 4512 oportet
1526 4431 1655 4512 Spiritus
1678 4432 1774 4493 sancti
1796 4429 1945 4510 illapsum,
1969 4426 2027 4489 ad-

653 4539 792 4611 veutum,
823 4539 854 4594 et
884 4529 1142 4593 obumbrationem
1170 4547 1264 4610 super
1293 4529 1371 4594 dona
1400 4536 1578 4593 consecrata
1609 4532 1639 4592 in
1663 4547 1773 4610 corpus
1796 4537 1827 4592 et
1849 4527 2026 4609 sanguinem

655 4628 782 4708 Christi,
804 4637 838 4692 ut
860 4630 912 4710 qui
933 4627 983 4691 illa
1004 4630 1178 4709 percepturi
1201 4637 1281 4704 sunt,
1304 4629 1394 4710 digne
1418 4628 1523 4692 eadem
1546 4630 1719 4709 suscipiant.
1763 4627 1888 4690 Frustra
1910 4626 2027 4689 scilicet

653 4737 757 4791 oraret
785 4727 940 4806 Ecclesia,
971 4727 998 4790 si
1027 4726 1155 4808 Spiritus
1184 4727 1279 4790 sancti
1308 4726 1455 4791 adventus
1478 4736 1509 4791 et
1531 4727 1674 4809 illapsus,
1704 4725 1741 4788 ad
1770 4723 1864 4788 solam
1893 4727 1973 4807 piam
1995 4733 2026 4786 et

653 4827 837 4890 fructuosam
858 4827 1070 4908 mysteriorum
1094 4827 1315 4905 susceptionem
1338 4825 1514 4890 relerretur.
1559 4826 1634 4887 Nam
1664 4830 1749 4888 certo
1778 4823 1905 4888 credunt
1926 4823 2026 4886 adve-

651 4927 719 4989 nire
741 4927 883 5008 Spiritum
906 4933 1042 4989 sanctum
1063 4925 1093 4986 in
1117 4923 1196 4986 dona
1218 4923 1389 5005 proposita:
1420 4943 1480 4988 non
1504 4942 1578 4989 vero
1602 4941 1706 4987 omnes
1729 4924 1781 5004 qui
1804 4923 1863 4987 illis
1887 4939 2024 4986 commu-
