4784 6040
658 597 735 672 452
984 594 1204 673 LITURGIA
1230 591 1441 672 olonlsn
1467 580 1723 672 unnsnllnn

657 806 720 880 per
745 782 824 855 illud
851 803 1006 878 corpora,
1033 791 1067 852 et
1094 783 1221 853 animos
1248 789 1395 872 nostros,
1422 790 1456 854 el
1481 780 1668 854 referemus
1694 779 1753 854 nbi
1779 781 1934 875 gloriam,
1955 782 2036 855 lau-

659 898 746 988 dem,
773 908 807 970 et
832 901 1014 990 grolimum
1042 899 1217 969 actionem.
1259 905 1262 912 '

764 1031 927 1124 Populus.
979 1029 1101 1102 Amen.

762 1140 948 1218 Sacerdos.
1000 1146 1085 1218 Pax.

764 1261 925 1354 Populos.
980 1259 1023 1332 Et
1049 1281 1124 1331 oum
1151 1261 1267 1353 spiritu
1291 1268 1359 1329 tuo.

763 1377 950 1448 Sacerdos.
1003 1374 1259 1447 Benedictiones
1285 1371 1352 1443 Dei
1377 1375 1451 1446 sini.

764 1491 926 1584 Populos.
979 1490 1023 1562 Ei
1049 1513 1123 1562 cum
1150 1493 1267 1585 spiritu
1292 1497 1359 1560 tuo.

765 1606 956 1678 Diaconos.
1008 1605 1254 1700 Unusquisque.

764 1722 949 1794 Sacerdos.
1002 1722 1126 1794 Sancto
1154 1725 1288 1794 sanctis.

763 1837 925 1931 Populos.
978 1837 1072 1910 Unus
1098 1840 1200 1911 Paler
1226 1844 1371 1908 sancius

890 2197 1066 2270 Sacerdos
1093 2200 1178 2269 dicit
1205 2196 1402 2266 Orationem
1428 2197 1619 2285 matianum
1645 2199 1803 2268 actionis.

763 2420 967 2510 Adorumus,
995 2431 1039 2493 el·
1054 2426 1181 2515 gratias
1209 2427 1338 2516 agimus
1365 2434 1421 2495 tuo
1449 2441 1533 2510 erga
1566 2417 1717 2492 homines
1751 2422 1856 2492 amori
1882 2420 2035 2491 Domine.

659 2533 713 2606 'lu
740 2557 858 2611 omnes
885 2539 987 2629 igitur
1014 2537 1148 2630 adjuvo,
1175 2547 1209 2610 et
1234 2540 1410 2627 confirma,
1437 2545 1471 2607 lu
1504 2557 1567 2608 nos
1601 2555 1719 2608 omnes
1760 2538 1794 2606 in
1826 2533 1917 2607 bono
1950 2543 2037 2608 stulu

662 2650 834 2747 confirmo,
860 2653 1025 2749 nobisque
1051 2657 1204 2746 ignosce,
1232 2666 1266 2727 ei
1291 2659 1440 2744 remitto,
1468 2653 1544 2747 qnia
1575 2654 1609 2723 in
1635 2650 1699 2722 lroc
1731 2651 1893 2747 spirituali
1920 2673 2034 2722 mensu

662 2766 784 2860 epulan
811 2789 934 2854 smnus,
963 2775 996 2839 el
1021 2767 1206 2842 referemus
1234 2771 1294 2843 libi
1319 2772 1473 2864 glorium,
1499 2766 1640 2854 laudem,
1668 2775 1738 2838 elo.

767 2895 928 2988 Populos.
981 2897 1101 2968 Amen.

681 3071 683 3078 .
764 3011 948 3082 Sacerdos.
1001 3013 1085 3084 Pax.

764 3125 925 3219 Populos.
978 3126 1022 3198 El
1048 3151 1121 3199 curn
1149 3132 1265 3225 spiritu
1292 3139 1361 3202 luo.

762 3241 951 3316 Diaconos.
1004 3243 1127 3316 lterum
1154 3253 1253 3340 nique
1280 3247 1407 3318 ilerum.

764 3373 951 3445 Sacerdos.
1007 3370 1139 3446 Christe
1167 3377 1222 3467 qui
1249 3395 1287 3445 es
1313 3378 1409 3469 ponis
1437 3394 1540 3446 verus
1567 3374 1623 3466 qui
1659 3371 1701 3443 de
1728 3372 1826 3445 ooolo
1853 3372 2035 3462 descendis

660 3501 694 3562 el
728 3489 789 3561 fuir
823 3486 922 3560 nobis
956 3490 987 3558 in
1021 3486 1130 3559 cibum
1163 3489 1465 3585 incorruptibilem,
1498 3487 1628 3563 custodi
1661 3489 1789 3560 unimus
1824 3497 1858 3561 et
1890 3510 2034 3584 corporo

659 3614 774 3678 nostru
814 3630 834 3678 o
867 3603 1021 3698 gehenna
1056 3603 1298 3696 inextinguibili
1331 3615 1365 3676 el
1396 3627 1514 3677 verme
1548 3603 1741 3692 immortali,
1782 3613 1816 3675 et
1849 3603 2035 3676 reseremus

659 3721 719 3792 tihi
746 3718 898 3811 gloriam,
921 3729 955 3792 el
980 3717 1123 3810 laudem,
1150 3730 1184 3791 el
1210 3719 1302 3792 Patri
1329 3729 1384 3793 luo
1411 3720 1524 3808 beato,
1552 3731 1585 3792 et
1611 3719 1747 3816 Spiritui
1773 3730 1828 3790 tuo
1855 3728 1972 3792 sancto
2001 3727 2036 3788 ei

658 3857 743 3909 vrvo
768 3858 865 3909 nunc.

763 3967 925 4061 Populus.
977 3968 1097 4041 Amen.

762 4083 951 4154 Diaconos.
1004 4081 1151 4153 Benedic
1176 4081 1330 4154 Domine.

765 4197 949 4269 Sacerdos.
1002 4197 1150 4269 Benedio
1178 4198 1340 4270 omnibus.

763 4311 953 4386 Diaconos.
1006 4312 1261 4404 senescamus,
1288 4323 1351 4387 cic.

1090 4670 1607 4716 ψ
