4728 6028
626 557 677 634 tlt
709 553 1002 633 uttoaotts
1036 550 1310 632 stottona.
1603 556 1656 630 ot

282 737 415 816 nobitas,
439 743 470 799 et
491 753 578 800 soum
600 753 722 819 quoque
745 737 786 801 ita
813 736 997 818 appellatum
1026 736 1199 801 Nestoriani
1227 735 1355 800 babent:
1384 737 1523 820 Coptitae
1551 737 1656 822 Synn-

278 838 403 898 emtam
424 843 545 901 vocant.
590 835 734 909 Quamvis
762 835 842 898 enim
865 835 981 898 Graeca
1003 853 1082 909 nox,
1110 853 1199 917 quam
1227 835 1432 914 retinuerunt,
1466 836 1546 900 aliud
1577 854 1656 918 opns

279 933 404 998 Graecis
427 933 614 998 notissimum
636 919 803 1018 significat,
824 951 934 1015 nempe
957 934 1136 998 Sanctorum
1157 935 1294 1012 nomina,
1317 941 1349 997 et
1371 944 1458 1015 gesta
1483 936 1656 1000 Calendarii

279 1031 385 1094 ordine
409 1031 564 1114 disposita,
586 1041 617 1096 et
639 1034 736 1097 simile
754 1050 875 1114 quoque
888 1032 1026 1113 Coptitae
1049 1039 1219 1114 agnoscunt
1240 1031 1320 1095 inter
1341 1031 1436 1096 libros
1459 1034 1656 1100 Ecclesiasti-

183 1197 188 1210 ,
280 1145 334 1192 cos
355 1146 440 1204 suos,
462 1130 611 1213 singulari
632 1139 731 1194 tamon
752 1131 984 1214 significatione,
1007 1130 1109 1211 hymni
1131 1129 1169 1192 ad
1184 1131 1313 1194 Sanctos
1336 1131 1379 1192 ita
1401 1131 1549 1214 dispositi,
1571 1135 1655 1217 Syn-

281 1227 399 1288 cean'c
414 1226 621 1308 appellantur:
644 1229 775 1310 taliaque
790 1230 939 1292 extantia
953 1228 1161 1303 Bibliothecis;
1184 1235 1215 1290 et
1228 1226 1334 1290 similia
1351 1228 1463 1294 babent
1473 1231 1653 1313 Aethiopes.

367 1323 597 1390 Observandum
619 1345 741 1409 quoque
763 1335 827 1406 est,
849 1345 889 1390 ne
912 1327 985 1408 quid
1008 1326 1046 1390 ad
1075 1327 1194 1389 llituum
1222 1325 1419 1390 Orientalium
1450 1331 1653 1414 cognitionem
1707 1323 1801 1377 ΗΜΘ
1827 1322 1978 1420 ὓξῠθῑθῐωΰ

280 1429 423 1503 spectans
446 1426 617 1504 omittatur,
647 1425 727 1507 apud
749 1427 863 1506 Syros,
892 1426 1087 1506 reliquosque
1116 1424 1289 1488 Orientales
1312 1424 1510 1506 Christianos,
1539 1431 1569 1492 in
1592 1449 1653 1510 quo
1666 1409 1752 1464 eattae
1770 1411 1797 1462 ¹¹¹
1814 1406 1929 1461 ⁰¹¹⁰¹¹²⁰·

281 1519 426 1584 Graecam
450 1521 637 1604 disciplinam
658 1531 843 1605 sequuntur,
866 1524 976 1586 Missas
999 1525 1178 1588 Sanctorum
1201 1525 1360 1604 proprias,
1382 1533 1415 1588 ut
1437 1529 1468 1588 in
1488 1528 1654 1594 Occidente

280 1626 351 1682 sunt
373 1625 404 1682 et
426 1619 548 1683 luerunt
570 1640 588 1684 a
611 1622 865 1706 longinquissimis
888 1619 1092 1702 temporibus,
1115 1620 1212 1684 nullas
1236 1639 1316 1685 esse.
1361 1624 1475 1686 Verum
1490 1625 1656 1708 liturgiam

281 1715 389 1780 eodem
411 1735 535 1800 sempor
556 1727 663 1784 tenore
686 1723 717 1784 in
745 1721 923 1785 Sanctorum
952 1719 1181 1783 solennitatibus
1210 1719 1380 1783 celebrant:
1411 1719 1545 1803 nihilque
1575 1722 1656 1804 adji-

282 1815 376 1893 citur,
406 1816 464 1879 nisi
492 1816 649 1898 Epistolae
677 1827 729 1882 aut
751 1818 875 1882 alterius
906 1818 975 1882 libri
1002 1819 1083 1883 sacri
1112 1818 1221 1896 lectio,
1251 1818 1510 1901 Evangeliumquc
1533 1822 1571 1884 ad
1602 1838 1655 1885 eas

281 1914 451 1994 pertinens:
473 1914 554 1978 inter
576 1935 655 1998 quae
678 1917 839 1998 aliquando
862 1917 980 1979 Sada-ae
1002 1917 1052 1980 vel
1074 1915 1151 1979 allae
1173 1914 1261 1997 hujus
1282 1921 1407 2000 generis
1421 1919 1576 1982 orationes
1598 1936 1655 1981 ca-

282 2018 403 2098 nnptur.
447 2011 520 2076 lllaa
542 2023 642 2078 autem
669 2032 882 2096 nonnunquam
901 2014 1065 2078 Prooemio
1087 2012 1291 2095 appellantur:
1320 2014 1375 2078 sed
1403 2033 1559 2080 commune
1581 2018 1655 2080 nihil

281 2108 392 2172 babent
430 2127 497 2174 cum
532 2115 644 2176 nostris
667 2113 925 2178 Praelationibus:
954 2119 1005 2175 aut
1035 2130 1102 2176 cum
1129 2114 1257 2176 vetustis
1287 2113 1352 2176 allis
1380 2113 1465 2176 liitus
1499 2114 1655 2192 Gallicani,

284 2207 394 2271 Gotticl
416 2215 467 2270 aut
488 2208 686 2274 llosarabici:
709 2213 768 2274 imo
791 2220 822 2275 et
844 2213 939 2293 ipsius
962 2212 1104 2292 Romani,
1126 2212 1156 2272 in
1179 2211 1287 2294 quibus
1311 2211 1349 2274 da
1373 2213 1554 2276 Sanctorum
1574 2230 1656 2293 quo-

282 2324 347 2370 rum
369 2306 513 2370 memoria
536 2309 701 2391 agebatur,
724 2310 882 2389 laudibus,
905 2319 937 2374 et
959 2311 1053 2389 actis,
1075 2310 1168 2374 multa
1190 2308 1429 2375 continebantur.
1475 2311 1547 2374 'l'am
1568 2330 1656 2376 corn-

282 2403 379 2468 mnnis
402 2410 511 2482 autem,
535 2407 733 2488 omnibusque
746 2407 914 2488 approbata
936 2407 1092 2490 disciplina
1114 2408 1261 2470 luitcirca
1275 2407 1453 2472 Sanctorum
1470 2410 1655 2489 memoriam,

282 2511 352 2566 vota
375 2503 414 2566 ad
437 2521 543 2567 eorum
565 2507 726 2588 sepulcra,
749 2505 1019 2588 confidentiamque
1041 2507 1073 2569 in
1095 2525 1201 2570 eorum
1223 2505 1303 2587 apud
1329 2506 1427 2569 Deum
1454 2507 1657 2572 interventio-

282 2603 389 2678 nibus,
412 2609 445 2664 ut
466 2604 525 2683 ipsi
546 2603 770 2684 Mubamedani,
801 2604 901 2668 multis
929 2605 1080 2668 miraculis
1110 2606 1257 2684 convicti,
1287 2605 1514 2668 venerationem
1536 2607 1656 2670 illorum

283 2701 374 2766 variis
395 2702 426 2762 in
449 2700 524 2764 locis
547 2704 745 2781 retinuerint,
767 2711 799 2766 ct
828 2703 866 2764 ad
893 2719 965 2766 suos
988 2703 1123 2766 homines
1153 2703 1373 2766 transtulerint.
1416 2701 1522 2784 ltaque
1550 2703 1657 2768 Idolo-

282 2797 387 2860 latriae
409 2816 449 2861 ne
471 2800 605 2864 umbram
628 2802 748 2883 quidem
770 2809 977 2883 agnoverunt,
1000 2802 1031 2864 in
1053 2801 1105 2884 pio
1128 2802 1179 2864 illo
1203 2801 1337 2881 bonore,
1366 2819 1455 2882 quern
1478 2803 1656 2868 Sanctorum
1755 2851 1761 2858 -

282 2897 484 2960 memoriaea
513 2897 689 2964 Christianis
718 2899 830 2963 deferri
859 2900 1019 2964 videbant:
1049 2908 1082 2963 ut
1110 2919 1210 2983 neque
1236 2902 1267 2962 in
1298 2900 1381 2963 orrltu
1403 2919 1557 2967 sacrarum
1579 2903 1657 2964 ima·-

283 3011 393 3076 gnum.

653 3359 850 3452 Praecipue
876 3359 918 3428 B.
953 3357 1104 3450 Virginis
1129 3357 1278 3428 Mariae.
1669 3367 1721 3506 lt}
1736 3367 1780 3419 32.
1799 3365 1815 3418 ι.
1833 3366 1878 3419 28.
1897 3374 1920 3418 ιι
1936 3365 1981 3419 ao.

374 3587 519 3665 Pramus
544 3601 739 3664 Orientalium
769 3621 844 3685 erga
866 3603 901 3668 B.
946 3601 1104 3684 Virginem
1125 3609 1170 3666 tot
1191 3607 1260 3664 sunt
1283 3609 1474 3685 argumenta,
1507 3610 1541 3665 ut
1569 3605 1655 3668 libris
1704 3619 1794 3674 eutem
1812 3617 1982 3674 Orientalium

282 3700 521 3775 Ecclesiastiois,
546 3717 671 3780 quorum
694 3701 799 3782 aliqui,
822 3717 898 3780 quos
913 3699 1098 3764 Graecorum
1120 3700 1260 3780 exemplo
1277 3700 1438 3764 llteotoltia
1455 3707 1577 3780 vocant,
1600 3721 1656 3765 seu
1669 3721 1732 3775 erga
1750 3706 1780 3760 a.
1798 3705 1939 3775 vaginam.

282 3801 395 3864 Preces
419 3800 456 3864 ad
478 3800 657 3880 Deiparam,
679 3800 760 3880 pleni
782 3807 853 3863 sunt
875 3799 1061 3862 orationibus
1085 3799 1123 3862 ad
1138 3817 1215 3876 eam,
1237 3805 1270 3859 ut
1291 3816 1343 3862 res
1366 3798 1502 3863 ulteriori
1518 3799 1656 3880 explica-

285 3901 366 3962 tione
388 3916 450 3961 noa
472 3898 621 3978 indigeat:
646 3905 676 3960 et
694 3898 756 3979 jam
778 3898 816 3962 de
838 3898 897 3962 hoc
919 3904 1097 3980 argumento
1120 3895 1230 3960 dictum
1253 3904 1301 3958 est
1322 3897 1352 3958 in
1376 3895 1595 3961 Commentario
1618 3898 1656 3960 ad
1703 3896 1734 3949 P·
1751 3896 1814 3948 23⁵·

285 3997 441 4078 Copticam
462 3997 627 4079 Liturgiam
650 3996 760 4059 Basilii.
804 3996 961 4059 Jacobitae
984 3996 1181 4076 praesertim,
1206 3995 1257 4074 qui
1284 3993 1432 4058 adversus
1458 3994 1656 4058 Nestorianos

286 4095 323 4158 de
345 4094 447 4158 divina
469 4095 534 4176 ejus
557 4095 746 4157 maternitate
775 4100 920 4158 tractatus
950 4093 1060 4157 multos
1090 4092 1264 4171 ediderunt,
1294 4109 1360 4154 eam
1387 4092 1534 4175 singulari
1559 4112 1658 4158 vene·

285 4195 403 4256 ratione
426 4198 659 4273 prosequuntur.
704 4190 789 4254 Unde
811 4193 842 4254 in
864 4191 1020 4273 plerisque
1043 4189 1373 4254 commemorationibus
1402 4192 1500 4271 primo
1528 4191 1597 4255 loco
1627 4193 1658 4255 B.

285 4291 381 4375 Virgo
404 4291 575 4354 nominatur
596 4289 690 4352 veluti
713 4297 919 4353 creaturarum
948 4290 1220 4372 praestantissima:
1248 4295 1338 4368 atque
1366 4286 1396 4348 id
1426 4288 1607 4354 observatur
1629 4294 1660 4355 in

286 4388 404 4452 Graeca
415 4389 551 4471 Liturgia
565 4386 672 4451 iacobi
690 4375 881 4472 Ἐξαιρὲτως
900 4385 960 4472 τῆς
981 4380 1151 4470 manaydae,
1174 4373 1335 4472 α’χράντου
1357 4381 1412 4447 καὶ
1435 4377 1661 4473 mrapevtoyp-

286 4480 385 4571 μένης
413 4477 548 4564 ἐνδόξου
575 4479 749 4570 δεσποίνης
776 4474 868 4569 ἡμῶν
890 4472 1052 4548 θεοτόκου
1081 4480 1138 4546 καὶ
1164 4471 1391 4567 ἅειπαρθένου
1419 4479 1574 4570 Μαρὶαςι
1602 4504 1661 4549 neo

285 4584 374 4648 aliter
395 4586 426 4646 in
448 4584 573 4664 reliquis
597 4582 731 4648 Graecis.
776 4583 832 4645 llic
853 4602 928 4647 vero
950 4583 1150 4664 praemittitur
1172 4582 1314 4644 memoria
1341 4579 1467 4646 Joannis
1497 4583 1661 4665 Baptistae,

286 4684 358 4763 quia
387 4680 503 4745 scilicet
529 4682 609 4744 inter
638 4689 726 4746 natos
753 4681 928 4761 mulierum,
958 4683 1103 4764 majorem
1131 4679 1182 4741 illo
1211 4695 1272 4740 non
1302 4680 1490 4760 surrexisse,
1522 4681 1660 4748 Christus

286 4780 353 4860 ipse
376 4786 502 4842 testatus
526 4786 582 4843 est.
616 4779 666 4841 An
688 4779 739 4844 illu
762 4797 853 4842 causa
875 4779 915 4842 sit
937 4797 992 4841 cur
1013 4795 1122 4844 nomen
1145 4777 1211 4859 ejus
1233 4777 1457 4859 praemittatur,
1480 4795 1542 4840 non
1555 4779 1660 4861 liquet,

287 4895 389 4958 neque
412 4877 503 4958 plana
523 4877 693 4941 verisimilis
715 4876 852 4941 videtur:
875 4895 944 4940 nam
965 4879 997 4939 in
1018 4876 1133 4957 aliquot
1163 4873 1385 4957 exemplaribus
1413 4881 1485 4956 post
1512 4874 1660 4938 Joannem

289 4972 452 5058 baptistam
475 4977 644 5040 nominatur
666 4974 837 5058 Stephanus
859 4975 1076 5060 Protomartyr,
1099 4981 1132 5037 ut
1154 4975 1185 5036 in
1207 4972 1341 5037 liomana
1363 4972 1513 5055 editione,
1541 4975 1572 5037 in
1596 4973 1660 5038 Co-
1707 4981 1738 5036 Ρ.
1758 4981 1820 5036 198.
