4782 6068
728 585 804 660 aaa
1143 687 1148 698 ι
1232 583 1592 661 urrunnun

726 771 815 846 ficiat
839 771 1011 846 nobiscum
1039 775 1181 865 gratiam
1209 793 1303 845 suam
1330 770 1542 868 spiritualem.
1594 769 1633 842 lu
1665 769 1828 844 mentibus
1859 773 1984 845 vestris
2010 794 2097 869 pre-

728 891 848 962 camini
873 910 992 985 pacem
1016 889 1190 962 nobiscum
1216 886 1378 962 omnibus„

1097 1163 1273 1235 Sacerdos
1299 1163 1385 1234 dicit
1410 1161 1500 1233 iaaac
1528 1161 1735 1234 Orationem.

831 1353 973 1424 Domine
999 1353 1091 1424 Deus
1118 1354 1295 1424 miserator
1322 1362 1355 1423 et
1379 1354 1571 1423 misericors
1598 1361 1632 1423 et
1658 1351 1823 1441 clemens,
1856 1374 1942 1424 nune
1968 1355 2101 1448 incoepi

727 1468 818 1565 loqui
844 1491 960 1540 coram
988 1478 1038 1555 te,
1066 1489 1132 1560 ego
1159 1467 1281 1563 pulvis,
1307 1479 1478 1564 peccator,
1506 1465 1647 1539 imbellis
1660 1477 1694 1540 et
1719 1491 1859 1566 pauper,
1885 1492 1964 1542 reus
1984 1493 2101 1544 coram

728 1596 762 1657 te
789 1607 836 1658 ex
861 1593 957 1656 utero
984 1587 1097 1654 matris
1124 1605 1231 1672 meae,
1258 1585 1456 1680 peregrinus
1485 1606 1504 1655 a
1531 1583 1646 1672 vudva,
1672 1593 1905 1677 transgressor
1932 1610 1951 1658 a
1977 1590 2100 1659 visce-

727 1699 820 1774 ribus
848 1703 960 1773 matris
988 1721 1093 1772 meaa.
1146 1699 1310 1772 Miserere
1335 1703 1413 1788 mei,
1440 1700 1593 1787 Domine,
1621 1721 1682 1795 per
1708 1701 1971 1774 misericordiam
1997 1712 2099 1788 tuam,

729 1827 763 1887 et
790 1815 874 1888 educ
901 1837 954 1888 me
981 1815 1024 1886 de
1050 1819 1134 1886 mari
1169 1814 1361 1888 delictorum
1393 1838 1455 1912 per
1488 1815 1697 1888 elementiam
1723 1827 1828 1890 tuam:
1864 1816 1950 1889 educ
1976 1840 2030 1888 me
2057 1816 2101 1889 de

729 1932 857 2032 abysso
883 1941 1097 2028 peccatorum
1124 1954 1272 2004 meorum
1299 1954 1361 2028 per
1386 1931 1623 2026 benignitatem
1650 1943 1763 2006 tuam:
1790 1956 1873 2024 sapa
1898 1935 2012 2006 ulcera
2038 1936 2100 2003 vi-

729 2052 848 2122 tiorum
876 2071 1037 2138 meorum,
1065 2057 1099 2120 et
1123 2048 1242 2145 plagas
1270 2047 1470 2122 offensarum
1496 2072 1657 2144 mearum,
1683 2061 1718 2122 tu
1740 2050 1952 2122 confirmator
1977 2060 2011 2122 et
2037 2073 2101 2121 sa-

728 2178 836 2239 nator.
889 2166 941 2238 Da
968 2165 1046 2237 milri
1072 2175 1107 2236 ιιι
1134 2168 1281 2260 aperiam
1309 2187 1348 2238 os
1374 2188 1484 2237 meum
1511 2189 1624 2238 coram
1660 2176 1712 2257 te,
1739 2153 1939 2262 dignumque
1965 2189 2019 2238 me
2045 2164 2101 2238 fac

729 2295 764 2356 ut
790 2304 945 2355 moveam
972 2281 1060 2354 labia
1087 2303 1163 2353 mea
1190 2279 1276 2377 apud
1303 2291 1346 2352 te.
1401 2279 1559 2354 Concede
1586 2281 1662 2354 mihi
1688 2292 1724 2354 ιιι
1748 2276 1885 2377 placare
1911 2293 1944 2352 te
1972 2283 2101 2377 possim

730 2404 819 2471 circa
846 2398 991 2470 ollensas
1017 2420 1133 2487 meas,
1168 2406 1203 2468 et
1228 2396 1270 2468 ad
1298 2397 1509 2471 obtinendam
1541 2402 1773 2472 remissionem
1799 2408 2030 2494 peccatorum,
2066 2408 2121 2470 et·

727 2519 860 2588 veniam
888 2511 1095 2602 delictorum,
1122 2521 1156 2584 et
1184 2511 1397 2614 abolitionem
1423 2514 1625 2588 maculamm
1652 2537 1800 2586 mearum
1819 2517 2040 2610 propriarum,
2066 2523 2101 2586 et

728 2640 942 2727 peccatorum
970 2650 1086 2701 eorum
1113 2631 1169 2723 qui
1195 2628 1272 2700 milri
1299 2629 1424 2703 similes
1451 2639 1485 2702 et
1512 2632 1596 2704 socii
1622 2640 1711 2702 sunt:
1747 2641 1783 2701 nt
1809 2653 1829 2700 a
1860 2641 1893 2702 te
1919 2638 2033 2726 petam
2057 2651 2100 2702 aa

728 2769 815 2844 quae
848 2748 1051 2818 conveniunt
1083 2744 1244 2818 divinitati
1277 2755 1374 2835 tuae,
1409 2757 1442 2818 et
1474 2769 1561 2842 quae
1593 2745 1755 2843 postulari
1787 2746 1927 2819 debent:
1963 2750 2039 2842 quia
2065 2757 2101 2820 tu

730 2863 825 2936 dives
852 2862 1040 2934 thesaurum
1066 2860 1170 2934 habes
1198 2864 1254 2956 qui
1280 2884 1447 2957 nunquam
1463 2862 1601 2951 *deficit3
1636 2862 1883 2958 olleruuturqne
1916 2859 1974 2933 tibi
2011 2865 2101 2935 omui

729 2989 881 3074 tempore
906 2981 1084 3074 petitiones
1111 2978 1280 3068 diversae,
1308 2989 1342 3050 et
1368 2979 1603 3052 distribuuntur
1630 2977 1809 3051 secundum
1826 3001 1886 3050 eas
1913 2987 1985 3050 ate
2013 2978 2102 3051 dona

731 3095 928 3168 abundantia
956 3093 1083 3189 absque
1108 3115 1257 3167 numero.
1310 3093 1364 3167 No
1388 3099 1545 3168 irascaris
1571 3094 1663 3180 milri,
1691 3092 1854 3188 benigne,
1882 3103 1915 3165 et
1939 3093 2101 3187 longani-

728 3214 804 3304 mis,
831 3215 906 3308 quia
933 3233 1000 3283 non
1025 3209 1101 3282 talis
1137 3219 1188 3282 est
1220 3209 1296 3283 milri
1324 3233 1436 3283 coram
1470 3222 1504 3283 te
1537 3210 1674 3300 fiducia,
1709 3223 1746 3283 ut
1778 3209 1982 3283 confidenter
2015 3211 2100 3284 haec

731 3328 837 3400 dicam
864 3321 979 3400 carim
1005 3329 1180 3419 majestate
1207 3338 1281 3399 tua:
1308 3349 1425 3399 verum
1445 3330 1577 3423 suscipe
1599 3350 1653 3399 me
1678 3337 1714 3400 ut
1739 3327 1819 3400 illud
1846 3325 1996 3415 audeam,
2024 3331 2102 3422 quia

729 3465 851 3517 nomeu
877 3455 966 3517 tuum
992 3465 1149 3536 maguum
1174 3445 1367 3516 invocatum
1402 3453 1582 3541 estsuper
1614 3465 1676 3516 me.
1729 3443 1871 3540 Suscipe
1904 3442 2100 3516 sacrificium

729 3560 794 3634 hoc
821 3583 867 3632 ex
892 3559 1042 3633 manibus
1068 3561 1152 3631 meis
1178 3558 1363 3632 imbellibus
1389 3582 1452 3656 pro
1487 3558 1610 3656 populo
1637 3571 1694 3633 tuo
1729 3569 1763 3633 et
1798 3559 1918 3632 ovibus
1951 3581 2100 3656 pascuae

729 3685 826 3748 tuae:
853 3686 1054 3773 quapropter
1080 3678 1259 3768 gratiarum
1286 3679 1451 3748 actionem
1477 3675 1581 3749 reddo
1609 3680 1836 3765 nominituo,
1863 3686 1897 3748 et
1923 3676 2101 3748 adoratio-

730 3813 806 3864 nem
834 3792 939 3865 allero
965 3793 1131 3885 majestati
1157 3801 1234 3863 tuae
1259 3791 1404 3865 Domine
1429 3795 1583 3865 omniurn.
1646 3781 1647 3788 '

886 4066 1061 4140 Sacerdos
1088 4069 1173 4138 dicii
1197 4067 1287 4138 banc
1315 4067 1513 4139 Orationem
1538 4069 1771 4140 inclinationis
1796 4075 1942 4140 secreto.

832 4259 976 4332 Domine
1002 4259 1094 4330 Deus
1119 4265 1260 4353 potans,
1286 4279 1447 4349 rogamus
1481 4266 1536 4348 te,
1571 4257 1826 4347 benedicentes,
1859 4268 1894 4330 et
1920 4257 2099 4332 adorantes

728 4396 842 4447 coram
868 4387 923 4465 te;
951 4384 1113 4446 converte
1140 4384 1305 4448 errantes:
1332 4374 1477 4447 illumina
1496 4396 1557 4446 eos
1585 4377 1639 4468 qui
1665 4377 1787 4446 suntin
1813 4373 1982 4464 tenebris3
2009 4397 2099 4447 eou-

729 4491 823 4564 firma
850 4489 996 4564 debiles:
1024 4493 1119 4582 erige
1145 4490 1279 4586 lapsos3
1314 4489 1498 4565 corrobora
1533 4499 1677 4564 stantes:
1715 4500 1749 4562 et
1782 4514 1822 4563 ea
1850 4515 1936 4586 quae
1963 4514 2099 4563 conve-

730 4610 822 4680 niunt
848 4619 881 4680 et
906 4606 997 4680 utilia
1024 4615 1110 4695 sunt,
1138 4607 1290 4680 omnibns
1307 4607 1449 4702 provide
1475 4630 1537 4703 per
1556 4610 1787 4680 miserationes
1814 4616 1898 4680 tuas.
1925 4607 2099 4700 Rogamus

731 4725 829 4795 etiarn
857 4733 891 4796 et
917 4723 1134 4820 deprecamur
1161 4733 1194 4794 te
1219 4722 1362 4796 Domine
1397 4735 1432 4796 ut
1457 4726 1646 4796 menineris
1678 4723 1720 4794 ad
1752 4727 1849 4796 istam
1883 4721 2100 4816 oblationem,

729 4838 874 4933 Patrum,
905 4841 931 4874 ¹¹
956 4837 1231 4928 Patriarcharum,
1257 4839 1509 4936 Prophetarum,
1523 4839 1777 4936 Apostolorum,
1790 4840 1985 4938 Martyrum,
2000 4837 2100 4912 Con-

728 4954 908 5043 fessorum,
922 4957 1116 5042 Doctorum,
1129 4953 1383 5052 Episcoporum,
1398 4956 1628 5047 Sacerdotum,
1651 4959 1888 5044 Diaconornnr,
1905 4969 1938 5029 et
1954 4961 2101 5030 omnium

730 5075 786 5166 qui
811 5073 990 5167 participes
1016 5069 1147 5141 fuerunt
1174 5073 1345 5144 ministerii
1372 5076 1493 5164 nostri,
1521 5077 1575 5168 qui
1608 5095 1654 5144 ex
1679 5071 1743 5145 hoc
1770 5071 1907 5145 saeculo
1935 5071 2099 5160 abierunt,
