4804 6026
657 484 707 558 46
950 486 1644 566 ‘osssttttttottts

655 671 693 732 ad
715 672 877 753 gratiarum
901 671 1048 734 actionem
1071 670 1249 734 extenditur.
1292 673 1412 737 lllarum
1435 691 1512 754 quae
1529 672 1653 754 Syriaco
1676 681 1795 754 extant,
1818 675 1927 740 multos
1953 671 2019 736 Co-

656 769 739 832 dices
762 772 970 846 tractavimus,
994 779 1084 852 atque
1106 770 1182 835 adeo
1206 771 1244 834 de
1267 771 1325 836 illis
1348 772 1491 835 dubitatio
1513 790 1611 854 prope
1633 775 1715 836 nulla
1737 782 1801 854 est,
1835 793 1934 858 neque
1956 792 2023 836 ma-

650 871 730 951 joris
759 872 900 934 momenti
930 869 1090 933 discrimen
1120 870 1212 933 ullum
1241 873 1496 935 animadvertitur.
1539 872 1580 934 At
1604 881 1722 954 partem
1752 873 1877 937 alteram
1906 875 1937 936 in
1965 891 2024 953 qua

654 973 864 1032 caeremoniae
886 987 1056 1050 precesque
1079 971 1281 1048 continentur,
1304 971 1411 1052 quibus
1435 971 1615 1036 Sacerdotes
1639 971 1708 1054 Syri
1729 973 1772 1036 uti
1794 973 1894 1037 solent
1916 971 1954 1036 ad
1976 971 2024 1034 al-

654 1069 728 1130 taris
750 1070 938 1152 ingressum,
961 1068 998 1130 ad
1021 1070 1145 1150 primam
1167 1068 1608 1155 donorumpraeparationem,
1632 1071 1851 1152 stillationem,
1874 1072 2023 1155 publicam

653 1187 710 1250 pro
733 1170 823 1232 variis
846 1168 938 1231 rebus
961 1176 991 1230 et
1021 1170 1161 1250 personis
1191 1170 1455 1252 supplicationem,
1478 1171 1695 1251 scripturarum
1717 1171 1875 1234 lectionem
1904 1179 1935 1235 et
1964 1171 2022 1233 alia

654 1268 752 1330 omnia
764 1253 1129 1356 προπαρασκευαστικά,
1143 1271 1231 1350 pauci
1245 1269 1311 1333 libri
1325 1278 1467 1333 accurate
1483 1277 1722 1350 repraesentant.
1753 1271 1859 1353 Neque
1874 1273 1980 1333 mirum
1992 1269 2022 1332 id

655 1369 791 1447 cuiquam
813 1367 909 1430 videri
931 1366 1038 1446 debet,
1061 1386 1127 1429 cum
1152 1367 1260 1430 Graeci
1282 1368 1438 1450 Latinique
1460 1369 1694 1432 sacramentales
1721 1371 1789 1434 libri
1815 1370 1940 1453 alicujus
1963 1390 2022 1432 ve-

655 1468 784 1546 tustatis,
808 1485 844 1528 ea
867 1485 988 1548 quoque
1006 1467 1216 1530 caeremoniali
1228 1475 1314 1549 parte
1337 1477 1476 1531 careant:
1500 1469 1615 1530 scilicet
1631 1471 1699 1551 quia
1718 1471 1793 1532 ritus
1816 1469 1895 1549 illos,
1909 1471 2022 1556 Sacer-

655 1567 761 1643 dotes,
783 1574 814 1628 et
837 1566 885 1628 alii
908 1565 1043 1628 altarium
1065 1567 1208 1643 ministri,
1231 1585 1288 1630 usu
1311 1568 1483 1649 quotidiano
1506 1569 1608 1648 potius
1635 1577 1666 1632 et
1694 1568 1815 1632 assiduo
1845 1569 2021 1644 ministerio,

654 1685 742 1748 quant
764 1667 876 1748 scn'pto
900 1665 1103 1743 docebantur,
1127 1675 1157 1730 ct
1179 1666 1298 1749 quando
1321 1668 1411 1730 scribi
1439 1674 1619 1748 coeperunt,
1654 1686 1716 1731 non
1743 1670 1774 1730 in
1802 1668 1884 1731 libris
1914 1685 2022 1730 sacra-

652 1766 846 1842 mentalibus,
869 1766 925 1828 sed
947 1767 977 1827 in
1000 1765 1064 1829 aliis
1087 1766 1311 1844 scribebantur,
1334 1764 1414 1848 quod
1438 1766 1517 1847 apud
1541 1767 1675 1830 Graecos
1699 1776 1730 1830 et
1750 1767 1886 1850 Coptitas
1909 1765 2020 1831 iactum

652 1865 747 1929 luisse
768 1865 1005 1928 observavimus.

327 2035 329 2040 .
367 1960 639 2032 ttttpterunquesunt
740 1966 913 2028 Paucissimi
942 1966 1034 2047 igitur
1060 1962 1184 2044 antiqui·
1202 1962 1331 2026 Codices
1360 1964 1618 2045 praeparatoriam
1645 1963 1725 2026 illam
1756 1955 1959 2049 disciplinam,
1990 1972 2020 2028 ct

332 2050 497 2103 recentiores.

652 2068 807 2150 adjunctas
830 2066 927 2129 eidem
949 2084 1059 2148 preces
1081 2071 1328 2149 repraesentant,
1358 2073 1486 2146 suntque
1508 2063 1549 2126 illi
1578 2073 1610 2127 ut
1638 2063 1796 2146 plurimum
1818 2066 2019 2142 recentiores,

653 2187 718 2233 curn
742 2185 804 2230 non
826 2174 885 2228 tam
908 2163 945 2226 ad
969 2165 1149 2245 antiquitatis
1171 2163 1322 2240 notitiam,
1346 2164 1430 2243 cujus
1454 2171 1598 2244 expertes
1621 2165 1740 2226 omnino
1764 2173 1847 2243 sunt,
1871 2161 2020 2245 quemad

651 2269 709 2331 rite
731 2265 941 2329 celebrandam
963 2263 1127 2345 Liturgiam
1150 2262 1329 2327 referantur.
1373 2263 1480 2344 Neque
1502 2271 1601 2324 tamen
1624 2265 1664 2326 ita
1688 2281 1825 2326 caremus
1847 2263 2020 2326 necessaria

651 2367 764 2428 veteris
787 2365 960 2445 disciplinae
984 2363 1172 2445 cognitione,
1195 2379 1283 2443 quam
1305 2361 1438 2425 Antores
1461 2362 1537 2424 varii
1567 2361 1807 2440 subministrant,
1834 2371 1868 2425 ut
1898 2363 2018 2424 divina-

652 2469 751 2528 tiones
774 2472 910 2540 nostras,
933 2464 1018 2545 quasi
1042 2469 1142 2523 certas
1164 2479 1378 2543 proponamus,
1402 2480 1468 2524 eum
1491 2463 1691 2544 conjecturis,
1714 2481 1775 2524 non
1802 2461 1860 2524 nisi
1882 2459 1933 2522 ubi
1961 2479 2019 2522 nc-

653 2567 780 2628 cessitas
803 2562 952 2645 postulat,
975 2563 1018 2624 uti
1033 2561 1201 2639 soleamus,
1225 2579 1338 2641 easque
1360 2560 1550 2643 subjiciamus
1572 2561 1749 2642 peritiorum
1758 2560 1879 2643 judicio.
1911 2558 2018 2643 Longa

655 2664 734 2727 enim
758 2660 904 2744 ejusmodi
926 2659 1091 2723 studiorum
1114 2661 1301 2741 experientia
1323 2659 1496 2738 didicimus,
1519 2678 1607 2741 quem
1628 2659 1831 2741 periculosum
1852 2660 1908 2737 sil,
1924 2659 1961 2726 ,in
1984 2675 2019 2720 re

653 2763 866 2826 obscurissima
876 2760 994 2838 iudiciis
1011 2759 1074 2822 suis
1088 2761 1208 2823 nimium
1223 2759 1368 2848 tribuere,
1392 2773 1457 2820 cum
1481 2778 1517 2822 ea
1536 2778 1614 2840 quoe
1636 2756 1848 2822 verisimillima
1868 2757 2017 2834 videntur,

652 2881 711 2927 nec
723 2858 947 2926 contemnendis
960 2860 1144 2942 argumentis
1158 2857 1340 2936 confirmato,
1362 2860 1449 2920 unius
1473 2857 1630 2939 aliquando
1645 2859 1714 2922 libri
1731 2858 1874 2920 autoritas
1892 2863 2017 2920 evertat.

381 2963 405 3015 tr
429 2979 503 3033 quem
524 2963 639 3017 dedimus
738 2963 771 3023 ln
794 2961 851 3022 hac
872 2960 965 3043 igitur
985 2958 1080 3039 prima
1094 2953 1459 3042 πρωιαρασκευαστικῇ,
1482 2957 1562 3020 sacri
1576 2957 1674 3020 Ollicii
1684 2965 1771 3040 parte
1782 2954 2016 3036 interpretanda,

331 3051 363 3102 δᾶ
381 3067 446 3120 <1⁰⁰⁵
461 3052 606 3118 pertineat·
652 3065 782 3144 priorem
806 3059 903 3122 locum
926 3055 1060 3120 dedimus
1083 3056 1126 3118 illi
1149 3056 1269 3135 Ollioio,
1303 3057 1383 3137 quod
1413 3058 1442 3120 in
1471 3057 1599 3138 antiquis
1623 3055 1782 3119 Codicibus
1812 3055 2016 3136 Seguierianis

651 3171 683 3226 et
706 3159 888 3224 Colbertinis
911 3175 928 3218 a
955 3155 1041 3219 nobis
1065 3163 1216 3236 repertum
1246 3162 1307 3234 est,
1341 3154 1421 3237 quod
1448 3157 1536 3218 etiam
1562 3157 1667 3237 paucis
1696 3155 1851 3236 exceptis,
1884 3153 2016 3216 Romana

651 3260 779 3324 blissalis
803 3255 954 3321 Chaldaici
982 3255 1072 3318 editio
1102 3255 1187 3318 satis,
1206 3263 1346 3318 accurate
1375 3263 1601 3336 repraesentat,
1630 3274 1729 3336 neque
1760 3256 1853 3333 enim,
1884 3260 1916 3315 ut
1946 3253 2015 3315 alibi

651 3362 841 3424 observatum
864 3363 928 3434 est,
951 3354 1104 3438 liturgiae
1127 3361 1157 3416 et
1178 3352 1249 3416 illud
1274 3354 1420 3432 Officium,
1442 3343 1480 3417 a'd
1501 3355 1665 3416 Maronitas
1687 3354 1849 3436 pertinent,
1872 3350 2016 3434 quidquid

651 3461 707 3523 viri
729 3479 769 3522 ex
791 3475 827 3520 ea
850 3462 941 3539 gente
964 3453 1044 3517 docti
1066 3455 1096 3516 in
1119 3455 1298 3516 contrarium
1321 3454 1506 3534 scripserint.
1551 3454 1627 3516 Nem
1660 3454 1717 3516 etsi
1747 3469 1868 3533 semper
1899 3452 1931 3514 in
1960 3470 2014 3515 ore

650 3568 682 3623 ct
708 3559 740 3620 in
766 3557 885 3638 scriptis
915 3554 1060 3633 habeant,
1090 3571 1236 3635 nusquam
1265 3555 1461 3635 intonuptam
1491 3552 1585 3615 luisse
1619 3552 1813 3615 Ortbodcxae
1844 3551 1912 3614 srdei
1935 3551 2013 3633 apud

650 3660 779 3740 majores
803 3673 874 3719 suos
897 3653 1174 3718 conservationem:
1197 3652 1265 3715 illos
1288 3653 1343 3714 sub
1367 3653 1518 3715 Aimerico
1533 3653 1622 3715 tertio
1637 3651 1809 3714 Latinorum
1822 3649 2013 3714 Antiocheno

649 3757 836 3832 Patriarcha,
859 3773 877 3816 a
898 3752 1122 3855 Monotlplitica
1143 3751 1262 3814 haeresi
1286 3749 1324 3813 ud
1345 3751 1513 3815 Ecclesiam
1534 3759 1695 3814 revocatos
1717 3749 1829 3830 fuisse,
1858 3751 1943 3814 testis
1967 3760 2014 3814 est

650 3859 728 3922 omni
750 3856 931 3937 exceptione
953 3852 1049 3934 major
1069 3851 1239 3914 Willelmus
1252 3851 1372 3932 Tyrius,
1395 3851 1480 3933 cujus
1503 3851 1703 3914 testimouium
1718 3850 1884 3930 scriptores
1908 3870 2013 3914 omncs

648 3956 768 4020 Arabes
790 3961 821 4016 et
844 3953 928 4034 Syri,
952 3950 1129 4029 Orthodoxi,
1152 3950 1324 4013 Nestoriani
1346 3957 1376 4013 et
1398 3949 1554 4013 Jacobitae
1571 3949 1755 4013 confirmant.
1800 3949 1883 4023 Quos
1899 3951 2012 4028 Amira,

650 4054 838 4119 Echellensis
862 4061 894 4116 et
923 4050 1043 4115 tandem
1070 4049 1220 4113 Naironus
1249 4049 1306 4113 illis
1341 4057 1512 4132 opponunt,
1545 4048 1662 4112 illorum
1692 4056 1905 4130 praeterquam
1934 4052 2012 4113 inter

649 4155 811 4218 Maronitas
832 4171 871 4216 ne
892 4169 1001 4215 nomen
1024 4148 1143 4232 quidem
1165 4158 1266 4213 notum
1289 4156 1350 4212 est:
1373 4151 1486 4230 scripta
1507 4148 1599 4212 multo
1622 4149 1735 4225 minus,
1769 4167 1846 4230 quae
1868 4158 1899 4212 et
1920 4150 2012 4212 novi·
2104 4213 2108 4223 ,

649 4256 719 4318 tatis
741 4253 849 4315 indicia
872 4251 1017 4334 permulta
1038 4250 1229 4333 praeierunt,
1252 4266 1350 4331 neque
1374 4249 1491 4312 abillis
1520 4247 1654 4327 laudata,
1686 4255 1736 4311 aut
1763 4250 1793 4310 in
1824 4249 2011 4330 amplissimis

649 4352 841 4419 Bibliotbeeis
864 4358 1043 4416 conservata
1065 4350 1267 4431 reperiuntur.
1314 4349 1424 4412 Omnes
1446 4350 1539 4433 igitur
1560 4348 1715 4430 Liturgiae
1730 4348 1885 4428 Syriacae,
1907 4347 2011 4412 hiaro-

649 4457 807 4520 niticantm
829 4453 913 4518 titulo
938 4450 1052 4528 editae,
1075 4458 1127 4513 aut
1148 4467 1226 4531 quae
1247 4450 1277 4511 in
1301 4449 1514 4513 recentissimis
1535 4449 1649 4531 aliquot
1665 4446 1827 4512 (lodicibus
1849 4447 2011 4528 reperiun-

651 4566 714 4636 tur,
736 4553 939 4619 Jacobitarum
961 4557 1048 4628 suut,
1070 4557 1103 4611 ut
1125 4548 1295 4629 complures
1317 4547 1393 4611 aliae
1415 4565 1490 4629 quas
1513 4554 1653 4610 recenset
1682 4545 1868 4610 Abrahamus
1897 4544 2011 4608 llcbel-

650 4656 752 4719 lensis.
797 4653 870 4716 Nam
892 4654 923 4714 in
947 4648 1107 4714 Codicibus
1129 4647 1330 4711 Jacobitarum
1361 4646 1412 4727 qui
1438 4654 1598 4709 servantur
1619 4647 1651 4708 in
1672 4645 1856 4709 Bibliotheca
1878 4645 2007 4729 Seguie-

649 4756 734 4818 riana
756 4761 787 4816 et
809 4751 998 4828 Colbertina,
1027 4756 1060 4810 ut
1081 4747 1111 4844 ip
1139 4747 1327 4826 Florentino,
1357 4763 1462 4810 omues
1489 4745 1558 4808 illae
1587 4745 1796 4827 reperiuntur,
1827 4761 1895 4807 curn
1918 4745 2009 4808 certis

648 4854 780 4932 indiciis,
811 4871 888 4933 quae
918 4849 984 4913 illas
1012 4847 1156 4911 Jacobitis
1182 4846 1320 4928 proprias
1349 4863 1420 4908 esse
1454 4843 1670 4910 demonstrant.
1713 4842 1792 4923 lmo,
1826 4843 1907 4925 quod
1936 4843 2008 4906 satis

648 4953 749 5016 mirari
770 4969 831 5014 non
853 4965 1029 5032 possumus,
1059 4950 1088 5012 in
1116 4946 1248 5010 Romana
1276 4946 1341 5028 ipsa
1369 4945 1516 5021 editione,
1549 4944 1625 5008 tituli
1653 4944 1766 5008 servati
1796 4950 1864 5006 sunt
1884 4941 2008 5006 loannis
2113 4975 2118 4990 ·
