4782 6068
716 505 1489 585 llTURGthESTORll.
1710 505 1782 582 621

418 693 584 767 Doctores
611 695 645 766 in
670 691 827 768 Ecclesia
852 691 1121 789 explicaverunt:
1149 671 1410 790 sacerdotesque
1438 715 1539 791 super
1566 691 1672 767 altare
1699 717 1785 768 sen-

419 819 504 882 ctnm
533 808 722 883 obtulerunt
746 820 780 882 et
803 809 1077 883 immolaverunt:
1111 809 1253 882 Levitae
1287 809 1430 884 brachiis
1458 814 1527 884 suis
1554 821 1785 905 portaverunt,

418 923 532 1021 populi
560 925 603 997 ad
629 928 854 1024 expiationem
881 925 1074 999 delictorum
1102 949 1236 1000 suorum
1269 938 1505 1023 susceperunt,
1537 949 1600 1024 pro
1634 927 1786 1002 omnibus

418 1045 554 1116 omnino
580 1045 753 1131 creaturis,
779 1044 854 1115 Deo
883 1045 1027 1115 omnium
1053 1043 1197 1115 Domino
1226 1041 1370 1116 ollertur.

519 1159 750 1252 Respondent.
802 1160 947 1251 Dignum
975 1169 1009 1230 et
1030 1163 1154 1253 justum
1181 1169 1241 1230 est.

520 1274 708 1346 Diaconns.
740 1274 977 1348 Recordamini
1009 1269 1022 1310 ⁵
1050 1275 1303 1370 dispensationis
1330 1273 1532 1348 admirabilis
1549 1274 1672 1348 Christi
1701 1272 1785 1346 Sal-

418 1393 545 1464 valoris
580 1395 705 1482 nostri,
739 1415 824 1487 qnae
856 1414 918 1487 pro
954 1391 1052 1465 nohis
1085 1391 1249 1487 completa
1286 1400 1357 1479 est,
1391 1403 1425 1466 ει
1455 1414 1517 1487 per
1552 1401 1660 1463 ortum
1692 1413 1788 1462 suum

419 1505 553 1579 abstulit
577 1505 759 1600 languores
785 1515 930 1580 nostros.
983 1509 1152 1581 Decenter
1177 1511 1277 1601 igitur
1304 1516 1389 1582 state
1416 1518 1449 1580 et
1476 1517 1580 1582 orate.
1615 1507 1691 1579 Pax
1717 1528 1787 1579 no-

417 1619 470 1695 bis
497 1621 658 1695 omuibus.

529 1739 713 1811 Sacerdos.
772 1738 915 1812 Domine
953 1741 1046 1814 Dens
1084 1739 1199 1832 fortis,
1251 1739 1293 1814 da
1332 1739 1431 1814 nohis
1472 1749 1620 1838 apertam
1662 1739 1785 1812 faciem

324 1919 327 1930 .
419 1877 532 1927 coram
559 1864 601 1929 te.

443 2129 491 2200 Et
514 2134 734 2223 prosequitur
761 2132 904 2203 dicendo
932 2131 1021 2203 benc
1044 2131 1242 2204 Orationem
1263 2155 1337 2202 cnm
1363 2133 1587 2204 inclinatione
1612 2137 1760 2204 secreto.

522 2319 572 2392 'le
587 2319 730 2391 Domine
756 2320 864 2411 fortis,
891 2323 1053 2410 existens,
1081 2330 1230 2412 aeterne,
1250 2322 1343 2395 Deus
1358 2333 1454 2418 pater
1480 2324 1702 2417 omnipotens,
1729 2323 1786 2417 qui

418 2457 455 2508 es
481 2447 643 2533 perpetuo
670 2436 703 2508 id
731 2436 819 2532 quod
846 2458 895 2524 es,
923 2436 1056 2529 dignum
1083 2447 1145 2526 cst,
1178 2437 1303 2511 decens
1330 2449 1364 2510 ει
1386 2441 1522 2530 justum,
1548 2460 1611 2511 nos
1637 2437 1787 2526 laudare,

384 2609 388 2632 ,
417 2554 583 2641 confiteri,
620 2553 760 2626 adorare
787 2564 821 2626 et
847 2551 998 2626 exaltare
1025 2575 1179 2650 semper,
1214 2565 1248 2626 et
1281 2576 1489 2650 quocumque
1520 2563 1680 2650 tempore.
1733 2554 1786 2626 Tu

418 2672 569 2741 enimes
600 2669 694 2742 Deus
726 2691 848 2757 verus,
884 2669 1238 2765 incomprehensibilis,
1264 2672 1418 2760 infinitus,
1444 2669 1699 2766 inexplicabilis,
1727 2674 1785 2742 in-

416 2784 568 2872 visibilis,
594 2808 663 2858 non
690 2789 906 2880 compositus,
932 2808 996 2858 nec
1022 2806 1123 2857 sensu
1149 2786 1395 2882 perceptibilis,
1428 2787 1641 2877 immortalis,
1674 2785 1786 2860 subli-

416 2903 478 2972 mis
506 2911 539 2972 et
565 2902 721 2974 excelsus
749 2925 850 2998 supra
878 2905 1116 2995 cogitationem
1143 2913 1177 2973 et
1202 2901 1450 2994 intelligentiam
1477 2905 1618 2974 omniurn
1647 2911 1786 2978 creatu-

413 3038 542 3090 rarum:
570 3019 689 3111 quies
717 3021 749 3089 in
778 3039 985 3113 quocumque
1011 3017 1107 3109 loco,
1142 3040 1206 3090 nec
1238 3027 1348 3090 tamen
1375 3017 1452 3092 leco
1480 3017 1785 3114 comprehenderis,

413 3141 447 3204 tn
473 3143 508 3205 et
541 3133 644 3206 Filius
679 3145 752 3206 tuns
780 3137 967 3227 unigenitus
1001 3143 1035 3206 et
1066 3133 1208 3230 Spirieus
1240 3142 1315 3206 tuns
1351 3144 1497 3206 sanctus.
1557 3134 1608 3206 Tu
1641 3135 1785 3206 Domine

414 3249 456 3321 da
482 3249 579 3323 nobis
605 3248 757 3338 verbum,
786 3251 828 3323 ad
855 3273 915 3324 ora
941 3261 1056 3324 nostra
1083 3273 1204 3324 versus
1233 3260 1266 3320 ιε
1294 3249 1520 3344 aperiendum,
1546 3261 1581 3321 ut
1607 3248 1785 3321 offeramus

413 3365 471 3439 tibi
498 3367 602 3440 corde
629 3371 783 3458 contrito,
810 3379 844 3439 et
869 3370 902 3438 in
930 3371 1046 3463 spiritu
1072 3366 1273 3457 humilitatis,
1298 3364 1425 3439 lrnctns
1453 3365 1640 3461 spirituales
1667 3365 1784 3439 labia-

414 3505 487 3555 rum
514 3494 715 3575 nostrorum,
742 3479 956 3558 ministerium
982 3482 1193 3556 rationabile:
1228 3493 1263 3556 tu
1298 3504 1336 3554 es
1363 3483 1450 3553 enim
1476 3483 1570 3555 Deus
1596 3492 1722 3570 noster,
1751 3491 1785 3554 et

416 3608 512 3695 pater
538 3601 672 3673 Domini
697 3604 789 3692 regis
817 3608 850 3672 et
875 3600 1062 3674 Salvatoris
1088 3601 1193 3672 nostri
1213 3600 1295 3671 Jesu
1315 3595 1445 3688 Christi,
1473 3602 1546 3695 spei
1570 3607 1724 3672 nostrae:
1751 3603 1786 3670 in

417 3739 483 3811 quo
511 3713 695 3788 absconditi
730 3725 806 3789 sunt
840 3739 956 3790 omnes
991 3717 1135 3789 thesauri
1162 3719 1347 3811 sapientiae
1378 3726 1413 3788 et
1447 3717 1627 3805 scientiae;
1660 3725 1694 3787 et
1723 3737 1786 3811 per

416 3855 514 3928 quern
542 3835 732 3928 accepimus
759 3837 983 3926 cognitionem
1010 3834 1151 3929 Spiritus
1179 3834 1308 3922 sancti,
1336 3831 1478 3927 Spiritus
1505 3835 1656 3905 veritatis
1687 3825 1702 3866 ⁰
1729 3834 1784 3926 qui

416 3970 436 4019 a
468 3957 501 4020 te
536 3949 637 4020 Pater
666 3950 838 4045 procedit,
872 3959 906 4022 et
940 3959 992 4022 est
1027 3973 1072 4023 ex
1102 3959 1220 4021 natura
1256 3948 1451 4022 abscondita
1485 3947 1664 4022 divinitatis
1695 3958 1783 4020 tuae.

415 4063 492 4160 lpse
519 4076 571 4136 est
596 4088 658 4162 per
686 4089 783 4162 quem
809 4078 946 4140 naturae
979 4090 1095 4141 omnes
1122 4066 1303 4140 rationales
1336 4064 1486 4137 visibiles
1518 4075 1553 4138 et
1587 4063 1783 4153 invisibiles,

414 4179 627 4272 roborantur,
654 4182 899 4257 sanctificantur
926 4195 959 4256 et
984 4185 1205 4280 perficiuntur.
1266 4181 1310 4255 Et
1336 4179 1406 4271 tibi,
1432 4179 1584 4277 Filioque
1616 4192 1673 4254 tuo
1704 4184 1785 4253 uni-

416 4301 542 4388 genito,
570 4309 603 4370 et
630 4298 766 4394 Spiritui
792 4310 849 4373 tuo
884 4310 1014 4390 sancto,
1046 4299 1162 4373 landes
1189 4309 1368 4395 perpetuas
1402 4298 1543 4370 ollerunt
1576 4319 1784 4393 quocumque

416 4422 578 4509 ternpore,
607 4420 682 4511 quia
710 4441 827 4491 omnes
864 4440 948 4514 opus
976 4427 1064 4489 tuum
1091 4426 1176 4490 sunt.
1235 4415 1287 4487 Tu
1323 4418 1410 4488 enim
1444 4435 1490 4486 ex
1523 4411 1625 4485 nihilo
1659 4435 1722 4486 nos
1749 4425 1785 4486 ut

417 4551 567 4603 essemus
602 4532 804 4628 produxisti,
847 4545 880 4606 ει
917 4533 1086 4608 ordinasti.
1152 4530 1354 4606 Oliendimns
1389 4539 1422 4602 et
1453 4530 1652 4618 cecidimus3
1685 4539 1784 4625 atque

415 4657 582 4719 vetustate
614 4661 806 4724 consumtos
842 4654 959 4723 iterum
993 4672 1055 4724 nos
1091 4649 1280 4736 renovasti,
1323 4647 1461 4719 erexisti
1496 4654 1531 4717 ει
1565 4646 1783 4741 acquisivisti,

415 4783 525 4858 neque
559 4769 701 4838 cessasti
738 4771 816 4861 quin
840 4769 997 4840 visitares
1030 4788 1093 4840 nos
1127 4787 1244 4838 ornnes
1279 4786 1353 4835 cum
1386 4784 1509 4855 magna
1541 4784 1631 4834 cura.
1683 4759 1782 4835 Adeo

416 4888 452 4950 nt
478 4903 539 4954 nos
566 4882 607 4954 ad
635 4880 766 4954 coelum
792 4883 976 4956 ascendere
1002 4883 1142 4973 leceris,
1174 4892 1207 4955 et
1233 4902 1373 4973 regnum
1398 4887 1574 4953 venturum
1601 4886 1688 4950 tuum
1720 4897 1783 4971 per

416 4998 671 5074 misericordiam
698 5006 789 5068 tuam
816 4998 915 5071 nohis
943 4999 1085 5074 dederis.
1143 4997 1188 5069 Et
1219 5005 1356 5093 propter
1389 4998 1498 5068 omnia
1531 4991 1692 5066 beneficia
1726 5002 1782 5063 tue

1499 5111 1583 5187 et*

636 5291 649 5334 l
