4814 6060
620 480 698 558 486
1198 479 1429 556 NOTAE

621 673 770 764 peccatis
806 668 1014 754 volutantur:
1050 665 1198 761 perditos
1235 687 1425 758 congrego:
1462 665 1603 758 obsigna
1639 687 1701 762 per
1736 687 1871 738 crucem
1907 673 1994 737 tuam

621 788 789 878 virgines:
817 786 1015 877 conjugatos
1043 781 1212 856 sanctifica
1238 803 1300 877 per
1327 783 1468 873 gratiam
1495 790 1595 854 tuam.
1630 780 1771 853 Custodi
1792 781 1911 853 divites
1933 802 1995 875 per

622 902 778 994 pietatem
807 912 911 974 tuom:
941 902 1023 970 satia
1051 897 1224 971 famelicos
1252 909 1285 970 et
1310 919 1495 993 pauperes:
1528 895 1686 992 orphanis
1719 908 1752 969 et
1785 895 1894 968 viduis
1928 895 1995 966 eli-

622 1027 733 1088 menta
759 1017 917 1112 provide:
945 1017 1078 1110 suscipe
1104 1013 1273 1110 lacrymas
1299 1017 1547 1108 poenitentium,
1575 1023 1609 1085 et
1629 1010 1772 1106 obsigna
1792 1034 1856 1084 nos
1877 1034 1994 1106 omnes

620 1153 682 1225 per
708 1154 841 1203 crucem
869 1143 964 1202 tuam.
1017 1130 1208 1202 Praeserva
1234 1151 1297 1202 nos
1325 1127 1366 1200 ab
1394 1129 1520 1202 invidia
1546 1138 1705 1218 satanae,
1736 1140 1814 1200 eta
1849 1131 1996 1223 nequitia
2123 1124 2127 1136 '

620 1244 797 1318 hominum.
836 1246 984 1318 Benedic
1010 1249 1108 1338 gregi
1137 1256 1191 1316 tuo
1220 1243 1399 1341 spirituali,
1427 1255 1461 1316 et
1487 1243 1617 1316 effunde
1642 1243 1894 1318 benedictiones
1922 1258 1995 1317 tuas

621 1384 811 1458 supernos
840 1385 967 1436 omnes.
1004 1363 1150 1454 Ignosce
1176 1360 1239 1434 illis
1269 1363 1323 1456 qui
1351 1370 1554 1455 occeperunt
1579 1382 1703 1454 corpus
1731 1370 1836 1430 tuum:
1864 1363 1995 1431 sancti·
2114 1363 2118 1372 ⁴

620 1475 683 1547 srca
711 1500 772 1548 eos
800 1483 854 1573 qui
881 1475 1036 1549 biberunt
1062 1481 1256 1568 sanguinem
1284 1486 1384 1548 tuum.
1439 1475 1530 1547 Orno
1556 1478 1620 1548 rios
1648 1475 1797 1546 doctrina
1830 1485 1904 1561 tua,
1937 1479 1994 1546 in-

624 1591 687 1663 duc
713 1615 777 1665 nos
805 1617 922 1667 omnes
957 1599 989 1666 in
1026 1595 1200 1667 thalamum
1235 1605 1333 1665 tuum.
1393 1590 1524 1664 Mentes
1557 1600 1691 1663 nostros
1725 1593 1915 1682 cognitione
1948 1593 1995 1662 tui

622 1711 791 1803 sapientes
819 1711 930 1782 edice:
964 1710 1067 1782 corda
1093 1721 1207 1782 nostra
1236 1708 1394 1780 conlirma
1419 1711 1453 1778 in
1487 1711 1627 1777 veritate
1660 1708 1730 1777 tua:
1764 1709 1893 1778 animos
1925 1727 1994 1778 uo·

622 1835 710 1896 stros
737 1824 863 1896 robora
889 1848 951 1921 per
977 1825 1238 1900 misericordiam
1266 1835 1364 1896 tuom.
1419 1821 1515 1894 Oculi
1550 1824 1654 1894 nostri
1680 1821 1816 1894 videant
1843 1824 1994 1894 timorem

621 1949 723 2028 tuum,
750 1961 810 2012 ora
837 1952 951 2014 nostra
969 1942 1160 2038 repleantur
1179 1941 1348 2038 mysteriis
1367 1942 1491 2010 sanctis
1512 1942 1589 2027 tuis,
1615 1938 1729 2028 lingua
1749 1947 1864 2010 nostra
1890 1960 1993 2008 onar-

622 2065 675 2125 ret
700 2055 817 2128 laudes
852 2067 945 2130 tuas:
979 2056 1069 2130 labia
1105 2067 1220 2130 nostra
1251 2057 1428 2126 concinant
1460 2051 1603 2148 hymnos
1637 2053 1680 2125 ad
1715 2063 1803 2126 tuam
1836 2051 1995 2145 gloriam:

622 2191 762 2262 gressus
790 2182 924 2246 nostros
952 2171 1061 2265 dirige
1087 2176 1119 2244 in
1147 2176 1273 2245 semitis
1299 2173 1381 2243 tuis:
1407 2168 1504 2240 iidem
1524 2179 1673 2241 nostram
1703 2173 1736 2241 in
1767 2181 1800 2240 te
1827 2167 1994 2240 confirma.

623 2286 677 2357 Da
702 2285 800 2359 nobis
827 2291 981 2360 virtutem
1008 2298 1044 2360 ut
1070 2310 1246 2361 servemus
1273 2285 1428 2359 mandata
1453 2295 1520 2357 tuo.
1580 2286 1720 2358 Praesta
1753 2285 1851 2357 nobis
1882 2289 1995 2358 omui-

621 2400 685 2473 bus
713 2406 838 2475 exitum
864 2404 1050 2497 pacificum,
1077 2413 1111 2476 et
1136 2402 1192 2476 icc
1218 2426 1281 2477 nos
1308 2404 1488 2498 pervenire
1515 2401 1558 2472 ad
1584 2401 1686 2502 linem¹
1709 2400 1853 2474 beatum.
1888 2402 1995 2474 Parce

624 2514 786 2589 defunctis
812 2517 979 2604 fidelibus,
1013 2530 1047 2590 et
1080 2522 1222 2614 quietem
1255 2518 1318 2590 illis
1345 2528 1479 2615 praesta
1507 2520 1540 2588 in
1567 2516 1708 2591 thelomo
1736 2529 1812 2607 tuo,
1849 2522 1924 2613 quia
1951 2518 1995 2592 od

623 2653 740 2702 omnes
766 2629 916 2706 homines
944 2635 1134 2706 extenditur
1159 2637 1270 2726 gratia
1298 2645 1364 2720 tua,
1392 2643 1492 2727 tuque
1519 2654 1557 2704 es
1570 2634 1649 2705 Rex
1667 2634 1887 2723 saeculorum,
1914 2634 1995 2707 Do-

623 2749 730 2818 minus
757 2750 913 2822 vivorum
940 2761 974 2822 et
1000 2761 1220 2823 mortuorum:
1248 2749 1372 2846 tibique
1399 2748 1540 2840 glorium
1558 2748 1737 2840 offerimus,
1765 2760 1799 2822 et
1816 2752 1907 2823 Patri
1925 2760 1996 2842 tuo,

623 2870 657 2931 et
683 2860 817 2957 Spiritui
835 2877 961 2938 ¹sancto
989 2876 1063 2954 tuo,
1091 2877 1154 2938 etc.

726 2979 887 3074 Populos.
940 2985 1061 3056 Amen.

591 3116 597 3126 ·
726 3095 915 3170 Diaconos.
968 3099 1116 3173 Benedic
1142 3102 1295 3174 Domine.

706 3211 912 3288 'Sacerdos
965 3217 1112 3289 Benedio
1139 3215 1301 3291 omnibus.

976 3561 1616 3612 ψ

690 3959 756 4050 IN
803 3959 1186 4058 LITURGIAM
1241 3965 1528 4060 JOANNIS
1580 3967 1961 4075 redeunti,

1223 4175 1397 4259 tortu.

720 4451 774 4530 De
805 4463 858 4525 illo
887 4463 1007 4530 Joanno
1036 4476 1160 4546 praeter
1182 4470 1297 4533 titulum
1319 4472 1370 4553 qui
1393 4471 1459 4552 ejus
1481 4471 1634 4556 Liturgiac
1657 4472 1810 4552 praefixus
1833 4479 1893 4548 cst,
1923 4471 1997 4534 nihil

621 4567 748 4630 scimus:
773 4585 840 4630 nam
865 4565 945 4647 quod
968 4567 1196 4634 observavimus
1220 4573 1300 4652 alibi,
1324 4573 1536 4638 obscurissima
1560 4582 1617 4652 est,
1639 4573 1689 4638 vel
1713 4577 1812 4656 potius
1835 4575 1997 4638 nulladu-

620 4665 831 4728 tiochenorurn
852 4665 1058 4729 Jacobitarum
1080 4668 1222 4734 Historia.
1262 4671 1378 4736 Nullius
1401 4675 1482 4735 enim
1504 4675 1619 4737 autoris
1642 4676 1694 4757 qui
1708 4694 1773 4738 eam
1789 4673 1997 4754 descripserit,

621 4765 765 4857 memoria
795 4772 858 4842 est,
889 4782 989 4845 neque
1017 4765 1123 4830 saltem
1153 4769 1302 4834 indiculus
1324 4771 1563 4835 Patriarchorum
1586 4775 1637 4853 qui
1658 4773 1815 4837 Ecclesiae
1837 4772 1879 4836 illi
1901 4789 1997 4853 prec-

621 4863 753 4940 iuerunt‚
777 4873 928 4943 superest.
959 4863 1094 4930 loannes
1118 4868 1230 4951 aliquot
1252 4869 1346 4934 luisse
1369 4872 1420 4953 qui
1437 4872 1668 4937 Patriarobalem
1682 4871 1863 4936 Cstbedrarn
1884 4879 1997 4934 tenue·

623 4979 692 5032 runt
714 4961 842 5036 scimus,
872 4969 961 5042 atquc
984 4963 1063 5026 inter
1086 4965 1160 5032 alios
1184 4969 1286 5032 istum:
1315 4969 1405 5034 olium
1427 4973 1608 5053 cognomine
1631 4971 1723 5034 tilium
1744 4969 1878 5036 llaadni:
1907 4969 1998 5033 aliurn
