4814 6060
692 603 769 676 520
1263 598 1493 676 NOTAE

693 787 885 882 diligentiae
912 798 946 861 et
972 804 1074 859 curae
1100 797 1187 857 tuae.
1242 785 1438 858 Pastoribus
1466 790 1539 878 ejus
1566 784 1716 857 concede
1743 787 1952 880 sapientiam,
1978 807 2071 857 con-

693 906 841 978 cordiam
869 916 902 976 et
929 906 1152 976 sanctitatem:
1180 899 1409 976 sacerdotibus
1437 905 1509 994 ejus
1536 923 1649 973 mores
1666 899 1878 996 praeclaros:
1907 899 2068 972 Diacouis

693 1024 766 1112 ejus
793 1020 1005 1092 modestiam:
1032 1017 1184 1110 Regibus
1212 1020 1284 1110 ejus
1312 1020 1524 1112 aequitatem,
1551 1013 1831 1088 etOrthodoxam
1857 1015 1965 1116 fidem,
1993 1039 2069 1090 cum

692 1138 845 1208 victoria.
899 1134 1104 1227 Virginibus
1122 1137 1207 1226 ejus,
1235 1134 1355 1220 zelum,
1382 1144 1416 1204 et
1442 1136 1714 1227 temperantiam3
1743 1134 1931 1224 conjugatis
1959 1137 2069 1203 casti-

691 1254 835 1324 moniam
864 1247 949 1323 thori
976 1248 1180 1340 conjugalis:
1207 1245 1410 1344 principibus
1437 1251 1470 1320 in
1498 1270 1539 1320 ea
1567 1251 1661 1334 viris,
1689 1245 1904 1320 humilitatem
1930 1252 2069 1319 mentis:

620 1363 627 1378 '
693 1367 847 1439 divitibus
874 1365 1154 1437 misericordiam:
1180 1363 1384 1460 pauperihus
1413 1364 1600 1434 alimentum
1617 1373 1650 1434 et
1670 1366 1883 1459 patientiam:
1910 1367 2070 1436 esurien-
2120 1405 2123 1410 ,

692 1484 780 1556 tibus
808 1485 1033 1568 saturitatem,
1066 1481 1318 1571 aegrotantibus
1354 1482 1543 1552 sanitatem:
1577 1482 1712 1574 impetui
1748 1475 1907 1570 juvenilis
1950 1484 2070 1551 aetatis
2197 1579 2201 1587 1

693 1621 809 1672 eorum
843 1600 956 1692 quiin
991 1618 1032 1666 ca
1061 1605 1147 1683 sunt,
1175 1598 1427 1684 continentiam3
1459 1595 1595 1667 senibus
1626 1599 1802 1687 vigorem,
1839 1591 2000 1687 dispersis
2035 1598 2070 1667 in

595 1713 599 1726 “
694 1738 736 1786 ea
762 1713 1004 1810 reductionem:
1039 1732 1144 1806 prope
1172 1710 1391 1784 existentibus
1419 1711 1603 1784 custodiam
1630 1710 1828 1806 perfectam,
1857 1719 1891 1781 et
1918 1709 2070 1784 omnibus

693 1831 808 1924 quiin
836 1827 945 1922 aliqua
972 1830 1175 1900 necessitate
1201 1829 1369 1899 constituti
1397 1837 1484 1916 sunt,
1511 1825 1562 1896 da
1581 1825 1745 1916 solatium,
1771 1823 2071 1920 liberationemque

692 1945 790 2018 nohis
819 1944 971 2016 omnibus
1000 1947 1110 2016 servis
1137 1952 1171 2014 et
1197 1942 1429 2016 adoratoribus
1463 1945 1545 2016 tuis:
1578 1943 1728 2014 concede
1763 1945 1896 2014 veniam
1925 1944 2071 2014 omnium

691 2064 1037 2156 praevaricationum,
1071 2067 1106 2156 et
1139 2061 1375 2131 immunitatem
1403 2059 1445 2131 ab
1474 2057 1626 2130 omnibus
1653 2058 1767 2143 malis,
1805 2060 1880 2151 quia
1914 2077 1982 2128 uon
2018 2067 2071 2128 est
2117 2043 2123 2054 ⁵

692 2175 793 2249 nobis
819 2187 946 2273 pastor,
973 2174 1151 2262 Dominus,
1186 2185 1242 2245 aut
1267 2174 1361 2246 Deus
1395 2173 1478 2246 alius
1509 2183 1646 2269 praeter
1681 2182 1733 2260 te,
1766 2183 1801 2244 et
1835 2172 1894 2244 tibi
1926 2170 2071 2262 gloriam

692 2282 867 2365 referimus
896 2301 929 2364 et
954 2293 1136 2382 gratiarum
1164 2294 1340 2377 actionem,
1368 2300 1402 2362 et
1428 2291 1519 2362 Patri
1548 2300 1614 2380 tuo,
1642 2291 1697 2383 qui
1727 2280 1816 2360 misit
1840 2297 1874 2358 te
1902 2285 1944 2358 ad
1970 2285 2071 2362 salu-

692 2417 758 2480 tem
785 2417 946 2497 nostram,
973 2415 1007 2476 et
1033 2403 1167 2500 Spiritui
1194 2413 1249 2479 tuo
1279 2416 1395 2479 sancto
1423 2427 1522 2492 nunc,
1550 2413 1612 2475 etc.

797 2522 959 2616 Populus.
1012 2520 1133 2592 Amen.

796 2639 985 2708 Diaconos.
1037 2634 1185 2706 Benedic
1211 2635 1365 2708 Domine.

797 2751 982 2824 Sacerdos.
1035 2750 1183 2823 Benedic
1210 2752 1375 2842 omnibus,
1403 2763 1466 2823 etc.

1131 3087 1631 3136 w«

736 3511 823 3603 ,IN
868 3497 1210 3618 LITURGIAM
1259 3499 1501 3652 IGNdTlI
1547 3509 1686 3602 SIVE
1728 3510 1994 3606 JOANNIS

1041 3831 1044 3840 Ἰ
1114 3742 1304 3817 r1n11
1355 3741 1635 3818 nnnuur
1885 3695 1897 3702 ’

1294 3971 1467 4054 totto.

781 4176 810 4240 l.
856 4166 935 4260 Quis
956 4177 1090 4242 loannes
1112 4178 1163 4242 ille
1185 4178 1277 4242 luerit
1299 4179 1389 4261 plane
1412 4180 1573 4260 nescimus,
1597 4180 1653 4244 nisi
1678 4181 1758 4264 quod
1783 4182 1988 4246 Antiochenus
2009 4185 2069 4248 la-

693 4280 859 4343 cobitarum
887 4281 1060 4344 Patriarcba
1089 4281 1195 4346 luerit:
1231 4299 1290 4363 quo
1318 4292 1455 4364 tempore
1483 4286 1609 4360 vixerit,
1640 4285 1814 4367 ignoratur,
1851 4302 1917 4348 cum
1950 4287 2069 4351 obscu-

692 4379 810 4441 rissima
851 4381 890 4442 sit
933 4380 1091 4444 Ecclesiae
1126 4381 1313 4446 Jacobiticae
1347 4381 1556 4446 Antiochenae
1590 4383 1734 4460 historia,
1777 4403 1865 4464 quarn
1899 4385 1951 4464 qui
1986 4389 2070 4449 scri-

692 4477 798 4557 pscrit,
822 4477 921 4541 nutius
943 4480 1112 4559 reperitur:
1135 4480 1195 4543 imo
1217 4499 1257 4543 ne
1279 4483 1435 4545 successio
1455 4483 1573 4562 quidem
1591 4483 1829 4545 Patriarcbarum
1851 4481 1969 4546 illorum
1991 4487 2068 4550 satis

693 4574 843 4656 explicata
867 4586 924 4639 cst.
969 4577 1179 4641 Recentiorem
1202 4579 1283 4642 illurn
1306 4578 1401 4644 luisse
1423 4581 1587 4644 verisimile
1610 4589 1668 4660 est,
1692 4582 1762 4663 quia
1785 4589 1919 4660 sanctus,
1942 4591 1974 4644 ut
1996 4583 2070 4664 ple-

693 4675 780 4754 rique
811 4683 933 4738 veteres
966 4695 1027 4739 non
1057 4677 1245 4759 appellatur,
1268 4679 1324 4742 sed
1347 4686 1459 4742 tantum
1481 4679 1560 4756 llur,
1594 4682 1646 4760 qui
1674 4679 1776 4742 titulus
1806 4678 1879 4743 licet
1906 4680 2068 4761 aliquando
2184 4753 2191 4760 ,

692 4773 805 4834 sanctis
829 4775 986 4852 tribuatur,
1008 4775 1170 4858 Episcopis
1193 4778 1293 4858 etiam,
1317 4787 1348 4842 et
1373 4777 1466 4842 multo
1489 4780 1585 4860 magis
1607 4778 1799 4856 Patriarcbis,
1822 4779 1910 4842 etiam
1933 4780 2070 4844 viventi-

693 4869 750 4931 bus
774 4869 899 4934 bonoris
922 4875 1021 4955 gratia
1043 4874 1135 4938 tribui
1157 4875 1245 4940 solet.
1298 4877 1420 4942 Certum
1449 4887 1549 4942 autem
1578 4879 1714 4962 praefert
1742 4878 1883 4941 novitatis
1913 4877 2069 4962 indicium,

692 4986 733 5030 cx
757 4969 826 5031 stilo
849 4969 901 5033 illo
925 4970 1076 5052 affectato,
1099 4977 1287 5058 vocibusque
1315 4978 1492 5059 reconditis,
1516 4977 1639 5042 Graecis
1663 4977 1859 5060 pracsertim,
1888 4993 1982 5058 saepe
2004 4997 2070 5043 nou

691 5073 778 5131 recte
802 5068 973 5134 intellectis.
1007 5071 1137 5138 Accedit
1156 5093 1394 5158 synonymorum
1416 5086 1447 5141 ct
1470 5077 1671 5159 epithetorum
1692 5077 1815 5159 farrago
1838 5075 1961 5157 inutilis,
1986 5096 2069 5159 quae
