4804 6026
615 515 663 589 52
991 514 1609 596 OBSERVATIONES

614 717 674 781 quo
698 698 777 781 apud
804 718 860 762 nos
890 700 921 760 in
951 717 1008 762 usu
1036 708 1114 763 sunt.
1162 699 1283 763 Scilicet
1311 700 1418 764 dicbus
1448 701 1608 782 profestis,
1633 703 1792 784 aliquando
1822 703 1888 766 illas
1918 724 1986 769 cum

613 801 721 861 minori
744 808 890 880 apparatu
914 798 1080 876 celebrant,
1105 817 1193 879 quarn
1216 800 1380 862 Dominicis
1405 808 1435 862 et
1457 800 1559 879 sestis,
1583 809 1615 863 ut
1638 821 1705 864 curn
1734 801 1905 882 Baptismus
1929 805 1986 866 ad-

613 899 807 975 ministratur,
830 899 899 960 dum
921 898 1074 979 sponsalia
1098 897 1303 977 celebrantur,
1326 908 1376 962 ant
1399 899 1534 961 Olllcium
1556 899 1725 980 Lampadic
1747 903 1813 963 sive
1825 901 1986 966 Extremae

612 997 787 1073 Unctionis;
810 1015 879 1060 nam
902 996 1115 1060 Ordinationes
1139 994 1229 1060 statis
1255 1005 1285 1060 et
1307 999 1491 1061 solemnibus
1523 998 1630 1062 diebus
1654 1000 1742 1062 hunt:
1775 1000 1914 1082 privatim
1936 1002 1989 1066 vix

613 1097 773 1178 aliquando
796 1097 894 1159 laetae
917 1096 1121 1176 reperiuntur.
1167 1097 1200 1158 ln
1222 1097 1369 1160 Ecclesiis
1394 1115 1515 1178 quoque
1539 1098 1637 1160 omnia
1661 1098 1892 1162 sacramentalia
1915 1098 1990 1164 Obl-

613 1198 659 1259 cia
682 1196 799 1278 perfici,
823 1204 965 1258 constans
990 1195 1186 1258 Orientalium
1210 1196 1364 1277 disciplina
1389 1204 1454 1258 est:
1477 1197 1596 1276 privata
1624 1198 1702 1258 enim
1726 1197 1832 1260 altaria
1855 1200 1930 1277 sire,
1955 1207 1988 1262 ut

611 1295 704 1377 vulgo
728 1295 863 1373 dicimus,
888 1293 1029 1374 Capellae
1052 1296 1235 1357 domesticas
1257 1297 1409 1377 ignorant,
1433 1315 1533 1376 neque
1556 1297 1582 1358 si
1612 1296 1641 1358 id
1664 1315 1719 1377 per
1748 1295 1869 1358 illorum
1900 1296 1988 1380 leges

610 1393 842 1472 Ecclesiasticus
865 1392 1019 1469 licuisset,
1038 1393 1101 1474 jam
1122 1403 1280 1475 pateretur
1302 1395 1492 1458 alllictissima
1522 1393 1760 1457 Christianorum
1792 1394 1847 1458 sub
1879 1395 1991 1459 inlide-

610 1493 688 1554 libus
721 1491 909 1573 principibus
949 1491 1096 1554 conditio:
1120 1509 1188 1554 cum
1221 1499 1357 1555 vetustas
1384 1493 1538 1557 Ecclesias
1568 1493 1647 1556 tueri
1683 1494 1737 1555 vix
1767 1495 1894 1576 possint.
1928 1497 1991 1577 Sp·
2085 1557 2091 1562 .

610 1609 715 1654 rornrn
747 1592 783 1654 ab
812 1591 897 1654 annis
928 1599 960 1654 ιιι
989 1592 1138 1653 minimum
1168 1594 1323 1654 sexcentis
1353 1591 1540 1654 consuetodo
1563 1600 1628 1669 est,
1651 1593 1737 1674 eujus
1760 1595 1892 1656 meminit
1911 1593 1992 1658 Bur-

611 1691 716 1767 salibi,
750 1698 784 1752 ut
811 1689 981 1773 singulares
1013 1707 1068 1770 pro
1098 1691 1313 1770 poenitentiam
1341 1691 1500 1774 agentibus
1531 1691 1685 1774 Liturgiae
1721 1692 1925 1770 celebrentur,
1959 1703 1990 1757 et

610 1789 698 1853 simul
720 1791 912 1870 imponantur
935 1790 993 1852 illis
1016 1807 1140 1865 manus,
1171 1791 1334 1872 variaeque
1362 1809 1419 1872 pro
1450 1798 1644 1870 peccatorum
1667 1791 1810 1870 qualitate
1833 1791 1988 1855 orationes

610 1906 705 1969 super
727 1888 795 1952 illos
826 1890 1003 1951 recitentur.
1042 1881 1161 1950 ‘Verum
1184 1887 1254 1950 illac
1286 1889 1479 1951 celebrantur
1509 1891 1539 1952 in
1566 1889 1712 1952 Ecclesiis
1743 1898 1774 1952 et
1802 1891 1988 1954 ministrante

609 1987 756 2065 Diacono,
780 2007 836 2050 nec
860 1989 926 2049 sine
950 1988 1038 2048 thure
1061 1995 1091 2048 et
1114 1994 1212 2048 cantu.

698 2087 889 2149 Observatur
911 2087 941 2148 in
963 2086 1054 2147 variis
1070 2084 1234 2148 Codicibns
1256 2085 1333 2147 levis
1356 2087 1385 2147 in
1400 2084 1577 2165 quibusdam
1600 2087 1658 2149 illis
1682 2087 1869 2150 orationibus
1891 2106 1986 2169 prae-

610 2188 770 2267 paratoriis
795 2185 954 2248 diversitas
978 2185 1088 2266 aliqua,
1123 2183 1177 2246 sed
1201 2185 1231 2245 in
1255 2187 1411 2247 sententiis
1441 2185 1537 2260 nulla;
1567 2185 1647 2248 unde
1677 2185 1743 2248 illas
1768 2187 1832 2250 aliis
1856 2188 1986 2270 conjun-

610 2303 687 2369 gere
710 2285 815 2349 inutile
837 2285 927 2365 plane
952 2283 1039 2347 leret.

1055 2630 1230 2722 depressus
1256 2631 1303 2700 nd
1328 2629 1451 2718 altore,
1481 2637 1545 2702 etc.

718 2855 754 2933 ln
777 2863 914 2942 Oriente,
937 2870 970 2924 ut
992 2861 1022 2923 in
1045 2861 1191 2924 Ecclesiis
1214 2861 1383 2942 insignibus
1406 2862 1545 2938 vetustis,
1567 2864 1747 2943 praesertim
1770 2883 1848 2945 quae
1871 2866 1901 2927 in
1920 2865 1983 2930 Oc-

611 2970 729 3032 cidente
754 2975 928 3047 supersunt,
952 2966 1057 3029 altaria
1079 2965 1120 3027 ita
1144 2967 1305 3057 cpnstituta
1327 2973 1407 3042 sunt,
1431 2972 1464 3027 ut
1486 2965 1637 3028 circumiri
1652 2967 1781 3046 possint,
1805 2987 1903 3050 neque
1926 2989 1985 3051 pa-

609 3067 734 3130 rietibus
758 3066 949 3130 adhaereant.
992 3066 1092 3127 Locus
1115 3065 1274 3128 Ecclesiae
1296 3065 1449 3146 superior,
1471 3066 1502 3127 in
1525 3082 1585 3144 qno
1609 3065 1703 3128 altare
1734 3076 1799 3146 est,
1829 3069 1985 3132 Sanctae-

609 3170 688 3229 rinm
709 3168 834 3248 proprie
857 3164 976 3241 dieitur,
998 3165 1131 3227 Arabice
1153 3165 1360 3246 utplurimum
1383 3164 1462 3226 inter
1478 3162 1666 3227 Christianos
1688 3165 1793 3228 Hca'het
1813 3149 1887 3235 Spart
1906 3187 1983 3250 quae

610 3283 672 3329 vox
695 3284 736 3328 cx
759 3266 909 3328 Hebraico
933 3265 1015 3328 lente
1039 3265 1186 3342 derivata,
1209 3265 1347 3346 templum
1369 3263 1511 3344 primario
1534 3261 1700 3345 significat:
1730 3283 1770 3326 ex
1791 3283 1850 3329 usu
1871 3267 1984 3330 Eccles

610 3366 745 3444 siastico,
769 3374 885 3446 partem
908 3364 988 3426 illam
1012 3365 1216 3446 augustiorem
1239 3362 1353 3445 templi,
1378 3364 1407 3425 in
1431 3381 1489 3444 qua
1512 3361 1607 3424 altare
1631 3370 1694 3440 est,
1725 3364 1810 3426 etin
1832 3385 1890 3447 qua
1914 3366 1983 3430 dum

609 3466 745 3550 Litargia
776 3464 960 3542 celebratur,
984 3463 1043 3526 soli
1072 3463 1240 3526 consistunt
1269 3463 1430 3543 Episcopi,
1463 3461 1646 3526 Sacerdotes
1676 3471 1706 3525 et
1732 3463 1876 3528 Diaconi:
1904 3484 1982 3546 quae

610 3564 752 3628 cancellis
776 3573 807 3626 et
829 3563 909 3642 velo,
933 3583 950 3626 a
973 3581 1062 3640 nave,
1086 3564 1196 3642 inqua
1219 3562 1303 3625 Laici
1325 3569 1405 3638 sunt,
1428 3569 1594 3643 separatur.
1617 3562 1736 3625 Vocant
1758 3564 1848 3626 etiarn
1871 3562 1981 3650 Βῆμα,

610 3664 730 3726 noniine
752 3681 769 3725 a
793 3664 919 3726 Graecis
943 3670 1082 3742 accepto,
1104 3670 1138 3724 ut
1151 3663 1239 3724 etiam
1262 3660 1412 3739 drodiom
1436 3660 1495 3723 hoc
1517 3668 1564 3724 est
1583 3650 1767 3745 Ἱερατεῖον,
1791 3664 1899 3743 quibus
1922 3684 1983 3730 vo-

610 3762 694 3824 cibus
717 3761 787 3843 Syri
808 3761 941 3824 Arabico
963 3761 1133 3824 scribentes
1163 3777 1224 3822 non
1251 3761 1347 3822 minus
1375 3766 1516 3838 utuntur,
1546 3778 1634 3840 quarn
1655 3761 1811 3844 Aegyptii.
1856 3763 1898 3825 At
1921 3764 1983 3847 Sy·

609 3863 691 3924 riace
714 3861 807 3942 vulgo
834 3871 952 3926 hilm
978 3867 1134 3939 usurpant,
1158 3877 1235 3940 quae
1258 3878 1321 3923 vox
1343 3861 1468 3941 proprie
1498 3861 1598 3922 altore
1619 3860 1784 3943 significat,⁴
1803 3879 1862 3942 qua
1884 3864 1984 3946 signi-

609 3960 748 4023 ficatione
771 3961 802 4022 in
824 3958 956 4020 Arabica
978 3958 1080 4041 lingua
1103 3977 1196 4039 saepe
1219 3960 1367 4041 accipitur
1388 3976 1509 4039 quoque
1531 3977 1588 4040 pro
1611 3959 1792 4022 sanctuario.

302 4072 437 4134 Quomodo
455 4073 595 4130 abortan—
695 4058 728 4121 ln
752 4058 855 4121 Obicio
879 4058 959 4139 quod
984 4057 1076 4120 edidit
1098 4057 1303 4136 Boderianus,
1335 4057 1467 4120 occurrit
1489 4074 1551 4119 vox
1574 4056 1690 4120 Graeca
1723 4043 1862 4141 Θρὸνος,
1893 4077 1981 4140 qoam

287 4160 473 4214 ratbmvocari
487 4161 594 4216 soleant
608 4161 760 4239 interpres
790 4176 852 4220 non
882 4157 1050 4238 explicans,
1073 4157 1237 4222 lectoribus
1266 4153 1480 4220 offendiculum
1508 4155 1639 4236 reliquit.
1685 4156 1730 4218 lta
1752 4157 1830 4218 enim
1853 4168 1982 4224 vocatur

607 4259 696 4321 etiam
719 4256 809 4319 sedes
831 4256 1032 4338 Episcopalis,
1056 4276 1134 4339 quae
1156 4259 1235 4319 intra
1257 4255 1459 4319 sanctuarium
1481 4272 1537 4318 seu
1560 4251 1659 4338 Βῆμα
1682 4255 1868 4336 collocatur,
1892 4276 1980 4338 quam

607 4357 747 4438 Coptitae
770 4357 799 4416 in
822 4354 987 4440 Pontificali
1008 4355 1211 4419 Ordinationis
1234 4355 1426 4418 Patriarchae
1439 4354 1646 4432 Alexandrini,
1670 4341 1859 4439 Σύνθρονος
1881 4356 1981 4433 etiam,

605 4464 639 4519 ut
661 4453 781 4533 Graeci,
805 4461 925 4518 vocant.
970 4454 1024 4516 llic
1046 4472 1122 4518 vero
1146 4455 1184 4518 de
1206 4454 1304 4517 Altari
1327 4454 1438 4538 agitur,
1462 4454 1544 4534 quod
1566 4453 1726 4534 aliquando
1751 4453 1900 4516 lhronnm
1923 4474 1981 4538 ap-

605 4553 731 4636 pellant,
754 4554 823 4634 quia
847 4554 878 4615 in
901 4571 940 4615 eo
964 4561 1010 4616 est
1033 4555 1158 4617 thronem
1179 4555 1247 4633 Dei,
1271 4571 1338 4616 cum
1362 4555 1397 4618 in
1415 4553 1467 4618 illo
1491 4572 1603 4636 corpus
1626 4553 1737 4619 Christi
1763 4550 1979 4635 ιεθεωμὲνον,

605 4662 638 4716 ιιι
661 4672 728 4716 cnm
751 4651 866 4734 cyrillo
888 4652 1096 4716 Alexandrino
1119 4653 1230 4730 dicunt,
1253 4661 1462 4733 consecretur,
1491 4663 1521 4717 et
1544 4653 1582 4717 ad
1604 4653 1693 4716 finem
1721 4672 1818 4735 usque
1841 4655 1980 4718 sacrificii

606 4753 789 4816 immolatam
817 4761 1001 4833 permaneat.
1053 4754 1234 4816 Accuratius
1270 4763 1369 4816 umen
1396 4752 1548 4835 loquendo
1579 4753 1744 4832 Threcum,
1780 4760 1810 4816 et
1847 4754 1979 4818 Arabica

606 4850 689 4932 quod
716 4851 793 4914 idem
825 4861 871 4915 est
893 4862 973 4921 tol]
1001 4853 1097 4915 lr'orsi
1118 4854 1270 4934 appellant
1293 4852 1412 4916 Arabes
1437 4851 1616 4930 Christiani,
1646 4851 1749 4916 altaris
1778 4853 1925 4933 medium,
1949 4855 1979 4916 in

605 4969 666 5031 quo
690 4951 790 5015 discus
813 4971 902 5016 sacer
925 4963 956 5017 et
978 4953 1055 5016 calix
1078 4953 1273 5032 collocantur,
1297 4960 1366 5016 ante
1390 4959 1513 5032 etpost
1535 4953 1805 5016 consecrationem.
