4784 6040
733 625 811 700 426
1240 614 1602 698 LITURGIA

733 833 882 906 cousque
908 830 971 883 nos
997 805 1181 880 iterumad
1207 807 1310 876 vitam
1337 812 1503 888 nostram,
1531 824 1552 872 a
1578 821 1667 872 vana
1693 798 1912 894 loquacitate,
1941 805 1975 868 et
2001 798 2104 868 noxia

732 950 846 998 rerum
872 925 1030 996 inutilium
1057 945 1150 1009 cura,
1179 920 1323 1012 adjunge
1350 940 1413 990 nos
1441 939 1516 989 cum
1542 918 1583 987 iis
1611 917 1665 1010 qui
1692 925 1726 986 te
1754 913 1911 1006 diligunt,
1940 913 1982 986 ad
2008 913 2109 982 insti-

732 1046 893 1114 tutionem
920 1066 940 1113 a
968 1048 1001 1110 tc
1028 1036 1273 1133 accipiendam:
1299 1045 1481 1130 propterea
1510 1034 1596 1104 enim
1623 1040 1657 1102 et
1684 1029 1848 1122 ejusmodi
1862 1051 1974 1100 rerum
1996 1049 2109 1114 causa,

734 1179 821 1229 nunc
856 1158 1032 1252 poenitens
1058 1153 1214 1225 Ecclesia
1247 1161 1301 1222 tua
1336 1149 1535 1245 deprecatur
1567 1156 1601 1217 te
1634 1155 1669 1217 et
1703 1167 1765 1240 per
1798 1154 1831 1216 tc
1866 1154 1965 1239 atque
2001 1155 2108 1214 tecum

733 1274 867 1345 Patrem
895 1282 985 1343 tuum
1013 1270 1136 1341 dicens.
1808 1264 1813 1286 ¹

733 1447 735 1454 .
839 1387 1002 1481 Populus.
1054 1387 1229 1458 Miserere.
1337 1479 1343 1486 .
1386 1380 1571 1453 Sacerdos.
1625 1375 1698 1450 Nos
1726 1398 1868 1471 quoque.

839 1502 1001 1596 Populus.
1054 1500 1106 1571 Te
1132 1498 1314 1571 laudamus

780 1669 785 1680 ι
839 1618 1028 1690 Diaconos.
1083 1614 1188 1701 Quam
1217 1612 1359 1686 timenda
1386 1620 1439 1683 est
1465 1609 1550 1681 haec
1575 1608 1667 1683 hora..

870 1891 1048 1962 Sacerdos
1073 1889 1257 1960 inclinatus
1283 1887 1369 1956 dicit
1395 1885 1652 1956 [evocationem
1677 1881 1830 1975 Spirihm
1855 1881 1976 1950 eoacti.

838 2079 933 2152 Mitte
959 2078 1056 2151 nohis
1078 2077 1234 2173 Spiritum
1262 2086 1412 2149 sanctum
1430 2074 1620 2158 Dominum,
1648 2070 1884 2157 vivificantem,
1915 2071 1972 2162 qui
2000 2071 2108 2142 omnia

736 2194 886 2290 perlicit,
915 2197 970 2288 qui
998 2196 1087 2265 omni
1115 2192 1197 2263 hora
1232 2191 1320 2264 dona
1348 2188 1482 2279 dividit,
1517 2199 1551 2260 et
1584 2185 1763 2272 distribuit,
1797 2185 2004 2279 largiturque
2035 2187 2109 2258 sin-

736 2309 824 2402 gulis
850 2318 950 2408 prout
976 2309 1059 2398 vudt,
1087 2313 1141 2403 qui
1169 2306 1321 2381 omnihus
1349 2309 1526 2401 proximus
1553 2314 1619 2390 est,
1651 2323 1761 2395 neque
1787 2300 1865 2373 loco
1893 2303 2108 2372 circumscri-

735 2423 840 2498 bitur:
870 2428 924 2519 qui
951 2429 1054 2496 vitam
1083 2446 1199 2495 corum
1227 2425 1281 2518 qui
1308 2425 1425 2494 urunt
1451 2427 1651 2507 conservat,
1687 2427 1720 2488 et
1751 2420 1934 2489 sanctitatis
1968 2429 2109 2490 saucto-

593 2535 599 2540 ’
735 2561 808 2612 rum
834 2541 1006 2636 perfector
1033 2550 1095 2612 est.
1122 2541 1217 2611 Mitte
1244 2561 1319 2610 eum
1347 2538 1389 2609 ad
1414 2557 1477 2607 nos
1504 2536 1658 2621 Domine,
1687 2543 1722 2604 ut
1749 2554 1810 2627 per
1833 2555 1951 2605 manus
1977 2542 2109 2605 nostras

735 2658 943 2748 peccatrices
970 2655 1057 2728 dona
1084 2653 1169 2727 haec
1195 2657 1350 2750 proxima
1377 2661 1528 2744 tangens,
1555 2672 1624 2723 non
1650 2648 1916 2736 ministerialiter,
1944 2649 2005 2722 sed
2031 2659 2109 2720 tan-

738 2791 836 2862 quam
864 2773 1037 2858 Dominus,
1065 2793 1174 2865 neque
1201 2773 1326 2866 typice,
1354 2769 1414 2840 sed
1440 2766 1601 2863 perfecte.

841 2885 993 2956 Eteonon
1028 2907 1153 2956 ccccm.
1208 2885 1332 2957 Panem
1361 2882 1490 2979 quidem
1518 2883 1616 2974 hunc,
1651 2881 1754 2954 iaciat
1786 2902 1910 2976 corpus
1943 2879 2111 2976 Unigeniti

737 3002 796 3072 tui:
828 3023 952 3096 corpus
986 3023 1193 3096 praeparans
1227 3003 1458 3074 remissionem
1490 3011 1706 3096 pcccatorum
1742 3007 1948 3089 nostrorum,
1990 3021 2110 3095 corpus

738 3116 867 3188 donans
893 3116 1236 3213 incorruptibilitatem
1263 3117 1414 3188 futuram.

841 3232 1005 3324 Populus.
1058 3234 1178 3305 Amen.

842 3347 1027 3420 Sacerdos.
1058 3342 1073 3382 ⁶
1100 3346 1143 3419 Et
1170 3346 1309 3420 calicem
1336 3351 1434 3420 istum
1462 3347 1581 3419 efficiat
1607 3347 1649 3418 ad
1684 3348 1915 3419 remissionem
1946 3353 2110 3440 peccato-

737 3485 818 3534 rum·
838 3472 1042 3553 nostrorum,
1070 3461 1111 3535 ad
1138 3466 1424 3560 participationem
1452 3462 1639 3558 adoptionis
1665 3461 1822 3549 liliorum,
1857 3471 1890 3532 ct
1924 3460 1966 3531 ad
1991 3464 2108 3556 pignus

741 3582 834 3650 vitae
861 3577 1001 3650 futurae.

842 3694 1004 3786 Populus
1056 3694 1178 3768 Amen.

841 3807 1027 3881 Sacerdos.
1081 3810 1154 3882 Nos
1176 3821 1291 3881 ‘autem
1318 3810 1461 3881 Domine
1490 3811 1523 3879 in
1549 3807 1750 3879 immunditia
1778 3807 1937 3898 demersi,
1966 3821 2000 3881 et
2026 3832 2111 3881 con-

738 3921 858 3996 turbati
887 3947 948 4019 pro
976 3925 1039 3997 ile
1067 3948 1153 4020 quac
1180 3928 1359 4017 gessimus,
1387 3927 1628 3996 conscientiam
1653 3922 1772 3996 fiducia
1799 3925 1934 4019 plenam
1960 3949 2029 3998 uon
2047 3927 2112 3997 ha-

738 4036 868 4132 hemus,
895 4040 956 4113 sed
982 4041 1207 4114 tantummodo
1234 4044 1268 4112 in
1294 4039 1523 4111 misericordia
1552 4049 1585 4110 et
1603 4037 1778 4110 clementia
1793 4051 1858 4128 tua,
1887 4065 1986 4136 quam
2004 4041 2112 4114 abun·
2224 4108 2229 4118 .

741 4154 859 4226 danter
885 4177 987 4250 super
1013 4179 1077 4228 nos
1104 4157 1258 4245 effudisti,
1286 4154 1507 4246 confidentes,
1535 4158 1607 4228 ausi
1633 4177 1745 4229 sumus
1780 4156 1945 4229 accedere
1978 4157 2020 4229 ad
2053 4180 2112 4230 sn-

741 4269 912 4342 cerdotale
945 4270 1008 4341 hoc
1043 4275 1261 4344 ministerium
1295 4271 1472 4350 thnendum
1506 4281 1538 4342 et
1577 4270 1792 4344 tremcndum.
1846 4271 1902 4344 Ex
1935 4274 2111 4345 ministerio

739 4383 842 4476 legali
877 4395 911 4457 et
943 4385 1077 4461 umbras
1110 4387 1202 4460 soles
1236 4389 1425 4470 continente
1462 4386 1540 4458 nihil
1579 4386 1754 4482 quidquam
1796 4388 2008 4477 adducimus,
2049 4410 2113 4460 non

738 4498 871 4595 Ephod,
899 4506 1099 4574 amictumve
1126 4507 1329 4599 pretiosum,
1356 4525 1424 4575 non
1450 4507 1593 4592 mitram,
1620 4524 1687 4573 non
1713 4501 1857 4600 phialam
1892 4527 2027 4576 ameum
2061 4514 2114 4576 aut

738 4619 868 4704 tiaram,
895 4638 1005 4712 neque
1031 4617 1155 4690 hovem
1183 4622 1314 4711 integre
1342 4617 1501 4709 oblatum,
1528 4641 1596 4690 non
1620 4618 1745 4690 hircum
1773 4643 1835 4715 pro
1862 4623 2024 4715 peccatis,
2051 4641 2115 4690 nou

738 4735 877 4804 arietem
903 4733 1100 4827 perlectum,
1127 4756 1194 4806 non
1221 4734 1359 4806 vitulam
1384 4733 1503 4822 rufam,
1531 4744 1565 4805 et
1592 4731 1721 4829 ahsque
1741 4734 1885 4826 macula,
1911 4756 1979 4808 nou
2007 4745 2114 4807 turtu-

738 4869 810 4918 rem
846 4856 901 4919 aut
935 4847 1142 4938 columbam,
1174 4850 1236 4921 sed
1274 4872 1395 4946 panem
1427 4845 1440 4883 ⁷
1474 4873 1520 4920 cx
1555 4849 1662 4923 simila
1695 4853 1826 4923 mistum
1854 4872 1929 4921 cum
1965 4850 2055 4939 oleo,
2083 4859 2115 4920 et

739 4961 856 5052 thure,
874 4965 908 5032 in
935 4961 1073 5034 odorem
1102 4967 1273 5039 suavitatis
1300 4966 1359 5037 tihi
1386 4965 1568 5040 offerimus:
1602 4986 1712 5060 neque
1744 4969 1832 5038 enim
1866 4973 2000 5061 poterat
2032 4986 2116 5036 san-

738 5079 816 5168 guis
849 5087 1019 5150 taurorum
1053 5088 1110 5151 nut
1141 5078 1308 5153 hircorum
1341 5079 1475 5152 auferre
1514 5090 1690 5178 peccatum
1723 5081 1845 5156 muudi.
1898 5079 1976 5152 Lux
2009 5089 2114 5151 autem
