4712 6032
679 689 1308 770 sauotttottttt
1604 697 1679 770 221

308 877 393 973 pulis
421 883 547 952 erroris
574 877 780 950 multiformis
808 877 998 970 dogmatum
1025 879 1327 975 reprobandorum:
1362 903 1480 952 vemm
1516 903 1578 979 per
1611 881 1681 954 do-

307 999 446 1066 ctrinam
473 1004 604 1090 patrum
630 992 760 1066 illorum
787 1004 977 1067 nostrorum
1003 993 1195 1084 beatorum,
1222 995 1485 1084 confirmanus,
1523 1005 1556 1068 et
1582 996 1680 1068 iidem

307 1109 436 1182 illorum
462 1109 563 1180 funda
591 1112 623 1178 in
651 1109 764 1195 nobis,
791 1107 955 1204 bonisque
983 1131 1097 1181 eorum
1126 1132 1186 1182 eos
1215 1110 1335 1202 dignos
1362 1110 1502 1183 efficeet
1524 1109 1681 1183 cumillis

306 1224 490 1298 referemus
517 1223 577 1295 tibi
602 1221 745 1315 gloriam
772 1234 806 1295 et
830 1209 1012 1316 gratiarum
1040 1228 1213 1296 actionem.

412 1339 574 1431 Populos.
627 1340 747 1413 Amen.

410 1454 587 1525 Sacerdos
613 1452 803 1524 inclinatae.
856 1451 901 1525 Ut
928 1457 1025 1525 etiam
1061 1475 1175 1525 eorum
1209 1457 1417 1544 memineris,
1452 1459 1506 1550 qni
1538 1479 1584 1527 ex
1620 1454 1683 1528 bac

306 1575 375 1643 vita
402 1568 445 1640 ad
471 1579 505 1641 te
520 1571 760 1660 migravemnt,
788 1577 821 1638 te
848 1566 1083 1663 deprecamur,
1110 1569 1271 1658 Domine,
1298 1569 1518 1642 Sacerdotum
1537 1579 1571 1640 et
1593 1568 1681 1642 Dia-

306 1705 486 1769 conorum,
514 1686 569 1776 qui
596 1703 709 1754 coram
738 1681 832 1754 altari
859 1692 936 1771 tuo,
963 1682 1162 1755 Sacerdotio
1190 1695 1224 1755 et
1249 1687 1431 1757 ministerio
1458 1684 1559 1756 iuncti
1593 1695 1681 1774 sunt,

306 1821 380 1872 cum
406 1801 549 1894 puritate
575 1806 609 1868 et
635 1798 824 1870 sanctitate:
851 1796 1159 1885 Subdiaconorum,
1186 1797 1383 1887 Lectorum,
1417 1799 1680 1892 Religiosorum,

306 1913 565 2002 Monacborum,
592 1922 626 1983 et
653 1914 796 1983 omnium
832 1935 968 2001 eorum,
998 1935 1082 2008 quos
1118 1918 1345 2010 unusquisqne
1380 1920 1490 1988 animo
1524 1937 1586 1988 suo
1612 1916 1680 1989 de-

307 2031 427 2118 signat.

410 2142 573 2234 Populos.
626 2142 732 2239 llyrie
761 2142 900 2214 eleison.

409 2258 585 2330 Sacerdos
620 2259 757 2329 clocam
790 2277 915 2326 uocem.
975 2254 1111 2327 Placide
1149 2265 1183 2327 et
1224 2257 1398 2352 tranquille
1439 2263 1573 2353 suscipe
1618 2283 1681 2354 per

305 2369 543 2463 benignitatem
571 2383 677 2460 tuam,
705 2373 867 2460 Domine,
896 2374 1021 2442 animas
1049 2381 1082 2442 et
1108 2374 1243 2466 spiritus
1271 2393 1446 2444 servorum
1483 2383 1516 2444 et
1549 2372 1679 2447 adora-

305 2495 408 2557 tomm
437 2497 583 2560 tuorum:
612 2492 667 2582 qui
694 2509 740 2558 ex
766 2485 828 2557 bac
853 2489 1023 2580 praesenti
1050 2489 1119 2557 vita
1148 2486 1190 2557 ad
1207 2497 1239 2558 te
1260 2490 1506 2580 migraverunt:
1535 2491 1680 2560 maxime

304 2623 389 2673 vero
416 2601 545 2676 illorum
571 2626 634 2698 pro
662 2601 780 2696 quibus
809 2611 841 2672 et
867 2613 1006 2696 propter
1033 2623 1118 2696 quos
1146 2602 1341 2674 sacrificium
1375 2602 1439 2674 hoc
1472 2601 1618 2675 oblatum
1645 2611 1679 2675 et

303 2715 486 2812 perlectum
519 2730 580 2790 est.
643 2718 812 2790 Memento
845 2739 979 2805 eorum,
1016 2719 1159 2810 quietem
1193 2717 1256 2788 illis
1289 2729 1446 2813 praesta,
1480 2729 1513 2788 et
1548 2717 1679 2791 colloca
1778 2697 1790 2714 ⁰

304 2853 364 2904 eos
391 2837 425 2904 in
450 2832 645 2907 habitaculis
672 2832 776 2920 lucis,
803 2836 836 2902 in
871 2831 955 2903 locis
991 2835 1161 2927 spirituum
1197 2831 1390 2922 beatorum,
1425 2836 1458 2904 in
1488 2834 1678 2906 Jerusalem

304 2947 463 3038 coelesti,
490 2952 524 3019 in
549 2947 704 3021 Ecclesia
731 2951 1027 3042 primogenitorum
1055 2946 1296 3043 descriptorum
1323 2952 1356 3019 in
1384 2949 1510 3040 coelis,
1542 2973 1677 3023 memo-

303 3066 453 3157 riamque
480 3073 513 3135 et
540 3065 683 3157 quietem
712 3065 856 3135 maxinie
883 3061 1032 3150 felicem,
1066 3086 1128 3159 per
1155 3086 1304 3136 amorem
1339 3075 1426 3136 tuum
1455 3088 1538 3158 erga
1564 3066 1677 3138 bomi-

302 3198 364 3247 nes
390 3187 564 3273 praestans
591 3177 672 3268 illis,
699 3180 859 3268 Domine,
886 3178 1036 3250 concede
1062 3177 1125 3251 illis
1151 3182 1254 3250 vitam
1273 3182 1356 3250 senii
1372 3190 1559 3273 expertem,
1586 3179 1678 3255 bona

304 3311 370 3362 non
398 3298 619 3383 transeuntia,
655 3305 689 3366 et
724 3293 860 3366 delicias
895 3293 993 3364 linem
1020 3314 1087 3363 non
1115 3291 1284 3364 babentes.
1338 3293 1479 3364 Veniam
1507 3294 1679 3368 obtineant

303 3429 366 3502 per
391 3408 599 3481 clementiam
625 3420 729 3481 tuam:
757 3411 901 3502 quietem
928 3417 1175 3502 consequantur
1199 3429 1261 3502 per
1286 3408 1546 3480 misericordiam
1574 3419 1677 3483 tuam:

305 3519 550 3597 abscondantur
573 3525 634 3598 sub
663 3524 723 3594 alis
742 3526 872 3616 gratiae
899 3531 988 3610 tuae,
1014 3544 1124 3616 neque
1143 3520 1419 3594 condemnentur:
1447 3527 1522 3618 quia
1552 3547 1678 3620 spera·
1737 3555 1747 3574 ·

303 3649 425 3708 verunt
450 3643 482 3710 in
510 3649 561 3727 te,
589 3650 623 3711 et
648 3643 681 3710 in
699 3641 910 3731 ‘unigenitum
936 3637 1054 3708 Filium
1081 3645 1192 3726 tunm,
1225 3659 1287 3732 per
1320 3660 1417 3732 quem
1452 3659 1516 3709 nos
1544 3661 1676 3733 quoque

305 3774 477 3847 speramus
504 3753 766 3827 misericordiam
793 3756 971 3846 consequi,
999 3759 1061 3823 etc.

406 3869 567 3962 Populus.
622 3871 774 3956 Quietem
801 3879 947 3964 praesta.

405 3982 580 4056 Sacerdos
611 3985 803 4056 inclinatus.
857 3986 985 4072 Parce,
1018 3982 1161 4053 Domine
1187 3982 1296 4067 Deus,
1331 3991 1365 4051 et
1399 3977 1523 4050 dimitte
1557 4001 1674 4054 omnes

302 4101 491 4195 iniquitates
518 4113 664 4191 nostras,
692 4111 726 4172 et
752 4099 899 4188 illorum,
927 4120 1037 4192 neque
1064 4096 1137 4169 illas
1163 4098 1321 4191 imputes,
1359 4099 1434 4190 quia
1461 4117 1527 4166 non
1551 4095 1675 4186 justifi-

303 4225 397 4287 catur
421 4221 454 4287 in
483 4226 669 4311 conspectu
695 4226 751 4286 tuo
778 4213 863 4286 ullus
890 4217 1027 4300 vivens,
1054 4234 1163 4306 neque
1189 4210 1274 4282 ullus
1302 4220 1354 4282 est
1380 4231 1483 4306 purus
1511 4233 1530 4280 a
1558 4212 1674 4284 sordi-

301 4327 375 4418 bus,
404 4342 438 4403 et
463 4333 601 4406 maculis
628 4335 771 4427 peccati,
798 4333 861 4401 nisi
887 4339 931 4416 tu,
958 4328 1112 4400 Domine.
1142 4323 1368 4398 Obsecramus
1396 4335 1430 4397 et
1457 4325 1676 4421 deprecamur

256 4489 267 4500 ·
302 4443 463 4540 abyssum
490 4445 808 4542 imperscrutabilem
836 4439 1032 4516 clementiae
1059 4454 1151 4528 tuae,
1185 4452 1220 4512 ut
1252 4441 1348 4514 nobis
1380 4441 1533 4529 infirmis,
1566 4453 1599 4514 et
1633 4443 1676 4514 ad

301 4571 475 4654 peccatum
502 4566 693 4658 propensis,
719 4564 852 4632 veniam
882 4559 1049 4631 concedas
1076 4581 1137 4653 per
1160 4556 1421 4630 misericordiam
1440 4567 1539 4643 tuam,
1565 4579 1676 4651 neque

302 4676 444 4749 dimittas
471 4700 538 4756 nos
561 4679 594 4749 in
622 4676 773 4748 manibus
801 4699 821 4746 a
849 4675 967 4769 quibus
996 4673 1246 4768 abripiamurin
1268 4693 1418 4744 errorem
1439 4674 1674 4768 perniciosum,

302 4796 357 4886 qui
384 4814 446 4866 nos
474 4793 516 4864 ad
543 4797 708 4866 interitum
736 4791 886 4862 deducat.
914 4788 982 4862 Sed
1011 4789 1161 4860 concede
1187 4799 1222 4859 ut
1248 4786 1440 4880 gradiamur
1457 4789 1489 4857 in
1505 4791 1570 4858 viis
1598 4790 1675 4874 tuis,

301 4915 335 4978 et
369 4907 531 4982 faciamus
567 4908 773 4980 voluntatem
806 4917 912 4994 tuam,
954 4908 1229 4999 inveniamusque
1262 4901 1540 4988 misericordiam,
1577 4901 1675 4972 finem

301 5023 520 5118 tranquillum,
548 5023 763 5117 fiduciamque
790 5022 848 5094 tibi
874 5020 1072 5117 placentem,
1101 5030 1134 5091 et
1161 5021 1409 5092 consistentiam
1437 5017 1563 5112 absque
1585 5038 1674 5088 con-

299 5133 430 5210 fusione
458 5161 572 5212 coram
600 5137 686 5214 solio
714 5137 851 5210 terribili
877 5138 1037 5229 unigeniti
1062 5134 1136 5207 Filii
1164 5139 1221 5226 tui,
1248 5137 1342 5206 utin
1371 5132 1444 5219 boc,
1473 5136 1557 5204 sicut
1584 5135 1674 5203 etin

1393 5251 1438 5323 31
1455 5248 1474 5283 *
