<?xml version="1.0" encoding="UTF-8"?>
<!DOCTYPE html PUBLIC "-//W3C//DTD XHTML 1.0 Transitional//EN"
    "http://www.w3.org/TR/xhtml1/DTD/xhtml1-transitional.dtd">
<html xmlns="http://www.w3.org/1999/xhtml" xml:lang="en" lang="en">
 <head>
  <title>
</title>
<meta http-equiv="Content-Type" content="text/html;charset=utf-8" />
  <meta name='ocr-system' content='tesseract 3.04.00' />
  <meta name='ocr-capabilities' content='ocr_page ocr_carea ocr_par ocr_line ocrx_word'/>
</head>
<body>
  <div class='ocr_page' id='page_1' title='image "./liturgiarumorie04renagoog_0279.png"; bbox 0 0 4712 6032; ppageno 0'>
   <div class='ocr_carea' id='block_1_1' title="bbox 789 1170 1870 1620">
    <p class='ocr_par' dir='ltr' id='par_1_1' title="bbox 789 1170 1870 1620">
     <span class='ocr_line' id='line_1_1' title="bbox 1022 1170 1628 1349; baseline -0.012 0"><span class='ocrx_word' id='word_1_1' title='bbox 1022 1170 1628 1349; x_wconf 79' lang='lat' dir='ltr'>LlTUllGlll</span> 
     </span>
     <span class='ocr_line' id='line_1_2' title="bbox 789 1499 1870 1620; baseline -0.002 -1"><span class='ocrx_word' id='word_1_2' title='bbox 789 1502 832 1619; x_wconf 79' lang='lat' dir='ltr'>s,</span> <span class='ocrx_word' id='word_1_3' title='bbox 884 1501 1238 1620; x_wconf 76' lang='lat' dir='ltr'>ioannis</span> <span class='ocrx_word' id='word_1_4' title='bbox 1294 1499 1870 1618; x_wconf 82' lang='lat' dir='ltr'>ounrsosuour.</span> 
     </span>
    </p>
   </div>
   <div class='ocr_carea' id='block_1_2' title="bbox 1043 1785 1612 1856">
    <p class='ocr_par' dir='ltr' id='par_1_2' title="bbox 1043 1785 1612 1856">
     <span class='ocr_line' id='line_1_3' title="bbox 1043 1785 1612 1856; baseline -0.007 0"><span class='ocrx_word' id='word_1_5' title='bbox 1043 1786 1193 1856; x_wconf 83' lang='lat' dir='ltr'>Primum</span> <span class='ocrx_word' id='word_1_6' title='bbox 1221 1785 1343 1856; x_wconf 81' lang='lat' dir='ltr'><strong><em>Oratio</em></strong></span> <span class='ocrx_word' id='word_1_7' title='bbox 1369 1791 1450 1855; x_wconf 85' lang='lat' dir='ltr'>onte</span> <span class='ocrx_word' id='word_1_8' title='bbox 1475 1785 1612 1855; x_wconf 83' lang='lat' dir='ltr'><strong><em>Pacem.</em></strong></span> 
     </span>
    </p>
   </div>
   <div class='ocr_carea' id='block_1_3' title="bbox 633 1983 2011 4640">
    <p class='ocr_par' dir='ltr' id='par_1_3' title="bbox 633 1983 2011 3348">
     <span class='ocr_line' id='line_1_4' title="bbox 705 1983 2010 2102; baseline -0.005 -16"><span class='ocrx_word' id='word_1_9' title='bbox 705 1983 864 2086; x_wconf 69' lang='lat' dir='ltr'>Domus</span> <span class='ocrx_word' id='word_1_10' title='bbox 891 2008 985 2081; x_wconf 90' lang='lat' dir='ltr'>Deus</span> <span class='ocrx_word' id='word_1_11' title='bbox 1019 2010 1242 2102; x_wconf 81' lang='lat' dir='ltr'>omnipotens,</span> <span class='ocrx_word' id='word_1_12' title='bbox 1269 2026 1393 2078; x_wconf 91' lang='lat' dir='ltr'>nomen</span> <span class='ocrx_word' id='word_1_13' title='bbox 1419 2029 1574 2100; x_wconf 82' lang='lat' dir='ltr'>magnum</span> <span class='ocrx_word' id='word_1_14' title='bbox 1603 2017 1637 2078; x_wconf 88' lang='lat' dir='ltr'>et</span> <span class='ocrx_word' id='word_1_15' title='bbox 1663 2017 1831 2097; x_wconf 77' lang='lat' dir='ltr'>sanctum,</span> <span class='ocrx_word' id='word_1_16' title='bbox 1859 2009 2010 2096; x_wconf 81' lang='lat' dir='ltr'>excelse,</span> 
     </span>
     <span class='ocr_line' id='line_1_5' title="bbox 636 2119 2011 2219; baseline -0.001 -22"><span class='ocrx_word' id='word_1_17' title='bbox 636 2125 801 2198; x_wconf 82' lang='lat' dir='ltr'><strong>laudande</strong></span> <span class='ocrx_word' id='word_1_18' title='bbox 829 2134 863 2195; x_wconf 94' lang='lat' dir='ltr'>et</span> <span class='ocrx_word' id='word_1_19' title='bbox 888 2124 1042 2196; x_wconf 91' lang='lat' dir='ltr'>mnndum</span> <span class='ocrx_word' id='word_1_20' title='bbox 1070 2133 1236 2218; x_wconf 72' lang='lat' dir='ltr'>potestate</span> <span class='ocrx_word' id='word_1_21' title='bbox 1264 2122 1502 2218; x_wconf 74' lang='lat' dir='ltr'>complectens,</span> <span class='ocrx_word' id='word_1_22' title='bbox 1531 2125 1586 2216; x_wconf 92' lang='lat' dir='ltr'>qui</span> <span class='ocrx_word' id='word_1_23' title='bbox 1613 2119 1654 2193; x_wconf 89' lang='lat' dir='ltr'>ab</span> <span class='ocrx_word' id='word_1_24' title='bbox 1683 2121 1747 2195; x_wconf 89' lang='lat' dir='ltr'>illis</span> <span class='ocrx_word' id='word_1_25' title='bbox 1775 2123 1927 2196; x_wconf 92' lang='lat' dir='ltr'>omnibus</span> <span class='ocrx_word' id='word_1_26' title='bbox 1955 2128 2011 2219; x_wconf 82' lang='lat' dir='ltr'>qui</span> 
     </span>
     <span class='ocr_line' id='line_1_6' title="bbox 636 2227 2009 2332; baseline -0.001 -19"><span class='ocrx_word' id='word_1_27' title='bbox 636 2240 859 2313; x_wconf 81' lang='lat' dir='ltr'>adversantur</span> <span class='ocrx_word' id='word_1_28' title='bbox 885 2238 1047 2310; x_wconf 86' lang='lat' dir='ltr'>voluntati</span> <span class='ocrx_word' id='word_1_29' title='bbox 1075 2239 1254 2310; x_wconf 85' lang='lat' dir='ltr'>divinitatis</span> <span class='ocrx_word' id='word_1_30' title='bbox 1277 2227 1378 2325; x_wconf 66' lang='lat' dir='ltr'>luae,</span> <span class='ocrx_word' id='word_1_31' title='bbox 1415 2236 1528 2309; x_wconf 86' lang='lat' dir='ltr'>salvas</span> <span class='ocrx_word' id='word_1_32' title='bbox 1563 2236 1639 2320; x_wconf 85' lang='lat' dir='ltr'>illos</span> <span class='ocrx_word' id='word_1_33' title='bbox 1674 2241 1728 2332; x_wconf 88' lang='lat' dir='ltr'>qui</span> <span class='ocrx_word' id='word_1_34' title='bbox 1755 2247 1848 2310; x_wconf 90' lang='lat' dir='ltr'>recle</span> <span class='ocrx_word' id='word_1_35' title='bbox 1874 2237 2009 2330; x_wconf 85' lang='lat' dir='ltr'>glorifi-</span> 
     </span>
     <span class='ocr_line' id='line_1_7' title="bbox 635 2353 2009 2449; baseline -0.001 -23"><span class='ocrx_word' id='word_1_36' title='bbox 635 2368 713 2428; x_wconf 84' lang='lat' dir='ltr'>cant</span> <span class='ocrx_word' id='word_1_37' title='bbox 739 2365 796 2444; x_wconf 89' lang='lat' dir='ltr'>te;</span> <span class='ocrx_word' id='word_1_38' title='bbox 823 2353 921 2426; x_wconf 93' lang='lat' dir='ltr'>nobis</span> <span class='ocrx_word' id='word_1_39' title='bbox 949 2375 1083 2449; x_wconf 87' lang='lat' dir='ltr'>quoque</span> <span class='ocrx_word' id='word_1_40' title='bbox 1110 2357 1220 2426; x_wconf 86' lang='lat' dir='ltr'>servis</span> <span class='ocrx_word' id='word_1_41' title='bbox 1255 2365 1289 2425; x_wconf 90' lang='lat' dir='ltr'>et</span> <span class='ocrx_word' id='word_1_42' title='bbox 1315 2353 1548 2425; x_wconf 83' lang='lat' dir='ltr'>adoratoribus</span> <span class='ocrx_word' id='word_1_43' title='bbox 1582 2356 1646 2423; x_wconf 89' lang='lat' dir='ltr'>tuis</span> <span class='ocrx_word' id='word_1_44' title='bbox 1673 2363 1826 2448; x_wconf 86' lang='lat' dir='ltr'>praesta,</span> <span class='ocrx_word' id='word_1_45' title='bbox 1852 2353 2009 2442; x_wconf 78' lang='lat' dir='ltr'>Domine,</span> 
     </span>
     <span class='ocr_line' id='line_1_8' title="bbox 634 2466 2010 2560; baseline -0.003 -17"><span class='ocrx_word' id='word_1_46' title='bbox 634 2481 671 2542; x_wconf 91' lang='lat' dir='ltr'>ut</span> <span class='ocrx_word' id='word_1_47' title='bbox 697 2471 740 2543; x_wconf 85' lang='lat' dir='ltr'>ab</span> <span class='ocrx_word' id='word_1_48' title='bbox 767 2472 856 2542; x_wconf 92' lang='lat' dir='ltr'>omni</span> <span class='ocrx_word' id='word_1_49' title='bbox 882 2467 1000 2540; x_wconf 88' lang='lat' dir='ltr'>lraude</span> <span class='ocrx_word' id='word_1_50' title='bbox 1028 2466 1162 2556; x_wconf 85' lang='lat' dir='ltr'>diaboli,</span> <span class='ocrx_word' id='word_1_51' title='bbox 1190 2478 1224 2539; x_wconf 89' lang='lat' dir='ltr'>et</span> <span class='ocrx_word' id='word_1_52' title='bbox 1251 2466 1293 2539; x_wconf 91' lang='lat' dir='ltr'>ab</span> <span class='ocrx_word' id='word_1_53' title='bbox 1321 2468 1473 2540; x_wconf 88' lang='lat' dir='ltr'>omnibus</span> <span class='ocrx_word' id='word_1_54' title='bbox 1500 2467 1760 2560; x_wconf 85' lang='lat' dir='ltr'>cogitationibus</span> <span class='ocrx_word' id='word_1_55' title='bbox 1788 2467 1915 2542; x_wconf 88' lang='lat' dir='ltr'>dolosis</span> <span class='ocrx_word' id='word_1_56' title='bbox 1942 2469 2010 2539; x_wconf 86' lang='lat' dir='ltr'>du-</span> 
     </span>
     <span class='ocr_line' id='line_1_9' title="bbox 636 2581 2011 2680; baseline -0.002 -24"><span class='ocrx_word' id='word_1_57' title='bbox 636 2585 700 2656; x_wconf 92' lang='lat' dir='ltr'>dae</span> <span class='ocrx_word' id='word_1_58' title='bbox 726 2582 846 2680; x_wconf 90' lang='lat' dir='ltr'>procul</span> <span class='ocrx_word' id='word_1_59' title='bbox 871 2582 969 2671; x_wconf 86' lang='lat' dir='ltr'>lacti,</span> <span class='ocrx_word' id='word_1_60' title='bbox 998 2586 1194 2678; x_wconf 90' lang='lat' dir='ltr'>caritatique</span> <span class='ocrx_word' id='word_1_61' title='bbox 1226 2593 1303 2656; x_wconf 86' lang='lat' dir='ltr'>tuae</span> <span class='ocrx_word' id='word_1_62' title='bbox 1330 2583 1464 2656; x_wconf 88' lang='lat' dir='ltr'>divinae</span> <span class='ocrx_word' id='word_1_63' title='bbox 1500 2581 1739 2672; x_wconf 78' lang='lat' dir='ltr'>adhaerentes,</span> <span class='ocrx_word' id='word_1_64' title='bbox 1774 2585 2011 2679; x_wconf 88' lang='lat' dir='ltr'>amplectamur</span> 
     </span>
     <span class='ocr_line' id='line_1_10' title="bbox 634 2697 2010 2792; baseline -0.001 -20"><span class='ocrx_word' id='word_1_65' title='bbox 634 2703 780 2772; x_wconf 90' lang='lat' dir='ltr'>invicem</span> <span class='ocrx_word' id='word_1_66' title='bbox 812 2701 846 2770; x_wconf 91' lang='lat' dir='ltr'>in</span> <span class='ocrx_word' id='word_1_67' title='bbox 881 2698 998 2772; x_wconf 89' lang='lat' dir='ltr'>osculo</span> <span class='ocrx_word' id='word_1_68' title='bbox 1032 2709 1167 2785; x_wconf 88' lang='lat' dir='ltr'>sancto,</span> <span class='ocrx_word' id='word_1_69' title='bbox 1201 2697 1386 2788; x_wconf 79' lang='lat' dir='ltr'>dominico,</span> <span class='ocrx_word' id='word_1_70' title='bbox 1427 2711 1561 2770; x_wconf 90' lang='lat' dir='ltr'>etcum</span> <span class='ocrx_word' id='word_1_71' title='bbox 1597 2699 1807 2771; x_wconf 89' lang='lat' dir='ltr'>humanitate.</span> <span class='ocrx_word' id='word_1_72' title='bbox 1859 2699 2010 2792; x_wconf 84' lang='lat' dir='ltr'>Dignare</span> 
     </span>
     <span class='ocr_line' id='line_1_11' title="bbox 635 2811 2010 2910; baseline 0 -24"><span class='ocrx_word' id='word_1_73' title='bbox 635 2818 735 2886; x_wconf 88' lang='lat' dir='ltr'>etiam</span> <span class='ocrx_word' id='word_1_74' title='bbox 762 2823 798 2885; x_wconf 91' lang='lat' dir='ltr'>ut</span> <span class='ocrx_word' id='word_1_75' title='bbox 825 2813 977 2887; x_wconf 91' lang='lat' dir='ltr'>omnibus</span> <span class='ocrx_word' id='word_1_76' title='bbox 1005 2811 1122 2886; x_wconf 90' lang='lat' dir='ltr'>diebus</span> <span class='ocrx_word' id='word_1_77' title='bbox 1149 2817 1241 2886; x_wconf 85' lang='lat' dir='ltr'>vitae</span> <span class='ocrx_word' id='word_1_78' title='bbox 1266 2825 1405 2888; x_wconf 86' lang='lat' dir='ltr'>nostrae</span> <span class='ocrx_word' id='word_1_79' title='bbox 1430 2837 1548 2910; x_wconf 90' lang='lat' dir='ltr'>pacem</span> <span class='ocrx_word' id='word_1_80' title='bbox 1563 2812 1747 2910; x_wconf 89' lang='lat' dir='ltr'>loquamur,</span> <span class='ocrx_word' id='word_1_81' title='bbox 1774 2836 1893 2908; x_wconf 87' lang='lat' dir='ltr'>pacem</span> <span class='ocrx_word' id='word_1_82' title='bbox 1919 2837 2010 2910; x_wconf 85' lang='lat' dir='ltr'>ope-</span> 
     </span>
     <span class='ocr_line' id='line_1_12' title="bbox 633 2925 2010 3030; baseline 0.002 -30"><span class='ocrx_word' id='word_1_83' title='bbox 633 2953 763 3019; x_wconf 79' lang='lat' dir='ltr'>remur,</span> <span class='ocrx_word' id='word_1_84' title='bbox 797 2938 832 2999; x_wconf 88' lang='lat' dir='ltr'>et</span> <span class='ocrx_word' id='word_1_85' title='bbox 866 2929 957 3021; x_wconf 84' lang='lat' dir='ltr'>digni</span> <span class='ocrx_word' id='word_1_86' title='bbox 993 2929 1173 3030; x_wconf 74' lang='lat' dir='ltr'>elliciamur</span> <span class='ocrx_word' id='word_1_87' title='bbox 1205 2928 1302 3002; x_wconf 91' lang='lat' dir='ltr'>bonis</span> <span class='ocrx_word' id='word_1_88' title='bbox 1330 2935 1394 3004; x_wconf 89' lang='lat' dir='ltr'>tuis</span> <span class='ocrx_word' id='word_1_89' title='bbox 1409 2925 1648 3022; x_wconf 80' lang='lat' dir='ltr'>coelestibus,</span> <span class='ocrx_word' id='word_1_90' title='bbox 1682 2943 1716 3002; x_wconf 87' lang='lat' dir='ltr'>ct</span> <span class='ocrx_word' id='word_1_91' title='bbox 1748 2935 1913 3002; x_wconf 89' lang='lat' dir='ltr'>aeternis:</span> <span class='ocrx_word' id='word_1_92' title='bbox 1948 2954 2010 3028; x_wconf 90' lang='lat' dir='ltr'>per</span> 
     </span>
     <span class='ocr_line' id='line_1_13' title="bbox 634 3043 2009 3139; baseline 0.001 -22"><span class='ocrx_word' id='word_1_93' title='bbox 634 3048 788 3137; x_wconf 84' lang='lat' dir='ltr'>gratiam,</span> <span class='ocrx_word' id='word_1_94' title='bbox 822 3043 1082 3118; x_wconf 91' lang='lat' dir='ltr'>misericordiam</span> <span class='ocrx_word' id='word_1_95' title='bbox 1118 3055 1152 3115; x_wconf 91' lang='lat' dir='ltr'>et</span> <span class='ocrx_word' id='word_1_96' title='bbox 1185 3067 1334 3117; x_wconf 87' lang='lat' dir='ltr'>amorem</span> <span class='ocrx_word' id='word_1_97' title='bbox 1370 3069 1453 3139; x_wconf 84' lang='lat' dir='ltr'>erga</span> <span class='ocrx_word' id='word_1_98' title='bbox 1486 3046 1636 3120; x_wconf 86' lang='lat' dir='ltr'>homiues</span> <span class='ocrx_word' id='word_1_99' title='bbox 1664 3049 1824 3138; x_wconf 86' lang='lat' dir='ltr'>unigeniti</span> <span class='ocrx_word' id='word_1_100' title='bbox 1850 3046 1925 3118; x_wconf 87' lang='lat' dir='ltr'>Filii</span> <span class='ocrx_word' id='word_1_101' title='bbox 1951 3048 2009 3136; x_wconf 82' lang='lat' dir='ltr'>tui,</span> 
     </span>
     <span class='ocr_line' id='line_1_14' title="bbox 634 3160 2007 3259; baseline 0.004 -29"><span class='ocrx_word' id='word_1_102' title='bbox 634 3181 821 3254; x_wconf 88' lang='lat' dir='ltr'>perquem</span> <span class='ocrx_word' id='word_1_103' title='bbox 848 3167 881 3229; x_wconf 91' lang='lat' dir='ltr'>et</span> <span class='ocrx_word' id='word_1_104' title='bbox 908 3182 982 3229; x_wconf 88' lang='lat' dir='ltr'>curn</span> <span class='ocrx_word' id='word_1_105' title='bbox 1010 3182 1076 3253; x_wconf 91' lang='lat' dir='ltr'>quo</span> <span class='ocrx_word' id='word_1_106' title='bbox 1103 3169 1137 3230; x_wconf 91' lang='lat' dir='ltr'>te</span> <span class='ocrx_word' id='word_1_107' title='bbox 1164 3160 1261 3233; x_wconf 87' lang='lat' dir='ltr'>decet</span> <span class='ocrx_word' id='word_1_108' title='bbox 1287 3163 1408 3254; x_wconf 77' lang='lat' dir='ltr'>gloria,</span> <span class='ocrx_word' id='word_1_109' title='bbox 1434 3162 1541 3234; x_wconf 94' lang='lat' dir='ltr'>honor</span> <span class='ocrx_word' id='word_1_110' title='bbox 1568 3174 1602 3234; x_wconf 85' lang='lat' dir='ltr'>et</span> <span class='ocrx_word' id='word_1_111' title='bbox 1628 3165 1794 3259; x_wconf 79' lang='lat' dir='ltr'>potentia,</span> <span class='ocrx_word' id='word_1_112' title='bbox 1822 3184 1895 3234; x_wconf 90' lang='lat' dir='ltr'>oum</span> <span class='ocrx_word' id='word_1_113' title='bbox 1923 3162 2007 3258; x_wconf 83' lang='lat' dir='ltr'>spi-</span> 
     </span>
     <span class='ocr_line' id='line_1_15' title="bbox 633 3263 1212 3348; baseline 0.007 -4"><span class='ocrx_word' id='word_1_114' title='bbox 633 3277 698 3346; x_wconf 89' lang='lat' dir='ltr'>ritu</span> <span class='ocrx_word' id='word_1_115' title='bbox 724 3284 781 3346; x_wconf 87' lang='lat' dir='ltr'>tuo</span> <span class='ocrx_word' id='word_1_116' title='bbox 809 3277 1018 3346; x_wconf 87' lang='lat' dir='ltr'>sanctissimo</span> <span class='ocrx_word' id='word_1_117' title='bbox 1046 3285 1080 3345; x_wconf 93' lang='lat' dir='ltr'>et</span> <span class='ocrx_word' id='word_1_118' title='bbox 1105 3263 1212 3348; x_wconf 85' lang='lat' dir='ltr'>bono.</span> 
     </span>
    </p>

    <p class='ocr_par' dir='ltr' id='par_1_4' title="bbox 738 3389 1074 3481">
     <span class='ocr_line' id='line_1_16' title="bbox 738 3389 1074 3481; baseline 0.006 -22"><span class='ocrx_word' id='word_1_119' title='bbox 738 3389 901 3481; x_wconf 79' lang='lat' dir='ltr'>Populos.</span> <span class='ocrx_word' id='word_1_120' title='bbox 953 3390 1074 3461; x_wconf 83' lang='lat' dir='ltr'>Amen.</span> 
     </span>
    </p>

    <p class='ocr_par' dir='ltr' id='par_1_5' title="bbox 739 3502 1063 3576">
     <span class='ocr_line' id='line_1_17' title="bbox 739 3502 1063 3576; baseline 0.006 -3"><span class='ocrx_word' id='word_1_121' title='bbox 739 3502 947 3574; x_wconf 75' lang='lat' dir='ltr'>Sacerdos..</span> <span class='ocrx_word' id='word_1_122' title='bbox 978 3505 1063 3576; x_wconf 86' lang='lat' dir='ltr'>Pax.</span> 
     </span>
    </p>

    <p class='ocr_par' dir='ltr' id='par_1_6' title="bbox 737 3619 1449 3718">
     <span class='ocr_line' id='line_1_18' title="bbox 737 3619 1449 3718; baseline 0.007 -30"><span class='ocrx_word' id='word_1_123' title='bbox 737 3619 925 3689; x_wconf 75' lang='lat' dir='ltr'>Diaconos.</span> <span class='ocrx_word' id='word_1_124' title='bbox 978 3619 1045 3691; x_wconf 87' lang='lat' dir='ltr'>Det</span> <span class='ocrx_word' id='word_1_125' title='bbox 1070 3624 1295 3714; x_wconf 85' lang='lat' dir='ltr'>unusquisque</span> <span class='ocrx_word' id='word_1_126' title='bbox 1321 3645 1449 3718; x_wconf 89' lang='lat' dir='ltr'>pacem.</span> 
     </span>
    </p>

    <p class='ocr_par' dir='ltr' id='par_1_7' title="bbox 739 3733 1304 3825">
     <span class='ocr_line' id='line_1_19' title="bbox 739 3733 1304 3825; baseline 0.014 -23"><span class='ocrx_word' id='word_1_127' title='bbox 739 3733 900 3825; x_wconf 73' lang='lat' dir='ltr'>Populos.</span> <span class='ocrx_word' id='word_1_128' title='bbox 954 3734 1085 3825; x_wconf 83' lang='lat' dir='ltr'>Dignos</span> <span class='ocrx_word' id='word_1_129' title='bbox 1112 3735 1205 3808; x_wconf 88' lang='lat' dir='ltr'>effice</span> <span class='ocrx_word' id='word_1_130' title='bbox 1231 3759 1304 3810; x_wconf 92' lang='lat' dir='ltr'>nos.</span> 
     </span>
    </p>

    <p class='ocr_par' dir='ltr' id='par_1_8' title="bbox 737 3848 1073 3922">
     <span class='ocr_line' id='line_1_20' title="bbox 737 3848 1073 3922; baseline 0.006 -4"><span class='ocrx_word' id='word_1_131' title='bbox 737 3848 926 3918; x_wconf 74' lang='lat' dir='ltr'>Diaconos.</span> <span class='ocrx_word' id='word_1_132' title='bbox 980 3848 1073 3922; x_wconf 90' lang='lat' dir='ltr'>Post.</span> 
     </span>
    </p>

    <p class='ocr_par' dir='ltr' id='par_1_9' title="bbox 738 3963 1150 4058">
     <span class='ocr_line' id='line_1_21' title="bbox 738 3963 1150 4058; baseline 0.007 -24"><span class='ocrx_word' id='word_1_133' title='bbox 738 3963 900 4058; x_wconf 70' lang='lat' dir='ltr'>Populos.</span> <span class='ocrx_word' id='word_1_134' title='bbox 955 3963 1078 4037; x_wconf 81' lang='lat' dir='ltr'>Coram</span> <span class='ocrx_word' id='word_1_135' title='bbox 1106 3975 1150 4038; x_wconf 87' lang='lat' dir='ltr'>te.</span> 
     </span>
    </p>

    <p class='ocr_par' dir='ltr' id='par_1_10' title="bbox 634 4076 2009 4640">
     <span class='ocr_line' id='line_1_22' title="bbox 738 4076 2008 4180; baseline 0.008 -33"><span class='ocrx_word' id='word_1_136' title='bbox 738 4076 922 4150; x_wconf 80' lang='lat' dir='ltr'>Sacerdos.</span> <span class='ocrx_word' id='word_1_137' title='bbox 976 4081 1028 4151; x_wconf 86' lang='grc' dir='ltr'>Τιι</span> <span class='ocrx_word' id='word_1_138' title='bbox 1055 4083 1141 4150; x_wconf 91' lang='lat' dir='ltr'>euim</span> <span class='ocrx_word' id='word_1_139' title='bbox 1169 4103 1207 4153; x_wconf 89' lang='lat' dir='ltr'>es</span> <span class='ocrx_word' id='word_1_140' title='bbox 1241 4103 1385 4154; x_wconf 89' lang='lat' dir='ltr'>summus</span> <span class='ocrx_word' id='word_1_141' title='bbox 1413 4083 1569 4156; x_wconf 86' lang='lat' dir='ltr'>excelsus</span> <span class='ocrx_word' id='word_1_142' title='bbox 1597 4093 1631 4155; x_wconf 88' lang='lat' dir='ltr'>et</span> <span class='ocrx_word' id='word_1_143' title='bbox 1656 4084 1829 4175; x_wconf 86' lang='lat' dir='ltr'>mirabilis,</span> <span class='ocrx_word' id='word_1_144' title='bbox 1864 4097 1961 4180; x_wconf 86' lang='lat' dir='ltr'>atque</span> <span class='ocrx_word' id='word_1_145' title='bbox 1988 4109 2008 4157; x_wconf 86' lang='lat' dir='ltr'>a</span> 
     </span>
     <span class='ocr_line' id='line_1_23' title="bbox 635 4188 2008 4293; baseline 0.009 -31"><span class='ocrx_word' id='word_1_146' title='bbox 635 4195 758 4263; x_wconf 85' lang='lat' dir='ltr'>creatis</span> <span class='ocrx_word' id='word_1_147' title='bbox 791 4193 944 4266; x_wconf 89' lang='lat' dir='ltr'>omnibus</span> <span class='ocrx_word' id='word_1_148' title='bbox 981 4194 1206 4268; x_wconf 88' lang='lat' dir='ltr'>absconditus.</span> <span class='ocrx_word' id='word_1_149' title='bbox 1260 4197 1311 4268; x_wconf 89' lang='grc' dir='ltr'>Τιι</span> <span class='ocrx_word' id='word_1_150' title='bbox 1352 4219 1390 4269; x_wconf 89' lang='lat' dir='ltr'>es</span> <span class='ocrx_word' id='word_1_151' title='bbox 1422 4221 1508 4293; x_wconf 75' lang='lat' dir='ltr'>pax,</span> <span class='ocrx_word' id='word_1_152' title='bbox 1535 4209 1570 4270; x_wconf 93' lang='lat' dir='ltr'>et</span> <span class='ocrx_word' id='word_1_153' title='bbox 1607 4203 1765 4272; x_wconf 90' lang='lat' dir='ltr'>iratorum</span> <span class='ocrx_word' id='word_1_154' title='bbox 1802 4188 2008 4292; x_wconf 74' lang='lat' dir='ltr'>conciliator,</span> 
     </span>
     <span class='ocr_line' id='line_1_24' title="bbox 634 4305 2009 4405; baseline 0.006 -26"><span class='ocrx_word' id='word_1_155' title='bbox 634 4308 758 4379; x_wconf 85' lang='lat' dir='ltr'>veniae</span> <span class='ocrx_word' id='word_1_156' title='bbox 783 4305 938 4399; x_wconf 83' lang='lat' dir='ltr'>largitor:</span> <span class='ocrx_word' id='word_1_157' title='bbox 965 4312 1188 4404; x_wconf 86' lang='lat' dir='ltr'>insipientium</span> <span class='ocrx_word' id='word_1_158' title='bbox 1222 4333 1363 4403; x_wconf 85' lang='lat' dir='ltr'>magnus</span> <span class='ocrx_word' id='word_1_159' title='bbox 1396 4313 1609 4405; x_wconf 83' lang='lat' dir='ltr'>consolator,</span> <span class='ocrx_word' id='word_1_160' title='bbox 1627 4311 1823 4388; x_wconf 68' lang='lat' dir='ltr'>&#39;laetificans</span> <span class='ocrx_word' id='word_1_161' title='bbox 1858 4315 2009 4390; x_wconf 87' lang='lat' dir='ltr'>alllictos.</span> 
     </span>
     <span class='ocr_line' id='line_1_25' title="bbox 635 4421 2008 4527; baseline 0.008 -31"><span class='ocrx_word' id='word_1_162' title='bbox 635 4423 753 4516; x_wconf 76' lang='lat' dir='ltr'>Aperi,</span> <span class='ocrx_word' id='word_1_163' title='bbox 779 4421 935 4512; x_wconf 56' lang='lat' dir='ltr'>Domina</span> <span class='ocrx_word' id='word_1_164' title='bbox 963 4427 1083 4495; x_wconf 89' lang='lat' dir='ltr'>ostium</span> <span class='ocrx_word' id='word_1_165' title='bbox 1116 4427 1418 4499; x_wconf 88' lang='lat' dir='ltr'>misericordiarum</span> <span class='ocrx_word' id='word_1_166' title='bbox 1451 4438 1580 4501; x_wconf 89' lang='lat' dir='ltr'>tuarum</span> <span class='ocrx_word' id='word_1_167' title='bbox 1616 4431 1911 4527; x_wconf 86' lang='lat' dir='ltr'>supplicationibus</span> <span class='ocrx_word' id='word_1_168' title='bbox 1938 4455 2008 4506; x_wconf 89' lang='lat' dir='ltr'>no-</span> 
     </span>
     <span class='ocr_line' id='line_1_26' title="bbox 636 4538 2009 4640; baseline 0.009 -32"><span class='ocrx_word' id='word_1_169' title='bbox 636 4539 731 4622; x_wconf 86' lang='lat' dir='ltr'>stris,</span> <span class='ocrx_word' id='word_1_170' title='bbox 774 4545 808 4606; x_wconf 90' lang='lat' dir='ltr'>et</span> <span class='ocrx_word' id='word_1_171' title='bbox 839 4541 975 4634; x_wconf 87' lang='lat' dir='ltr'>suscipe</span> <span class='ocrx_word' id='word_1_172' title='bbox 1008 4538 1262 4635; x_wconf 88' lang='lat' dir='ltr'>deprecationes</span> <span class='ocrx_word' id='word_1_173' title='bbox 1305 4555 1440 4616; x_wconf 87' lang='lat' dir='ltr'>nostras</span> <span class='ocrx_word' id='word_1_174' title='bbox 1475 4546 1844 4637; x_wconf 80' lang='lat' dir='ltr'>juxtamultitudinem</span> <span class='ocrx_word' id='word_1_175' title='bbox 1879 4553 2009 4640; x_wconf 83' lang='lat' dir='ltr'>gratiae</span> 
     </span>
    </p>
   </div>
   <div class='ocr_carea' id='block_1_4' title="bbox 635 4650 2008 5087">
    <p class='ocr_par' dir='ltr' id='par_1_11' title="bbox 635 4650 2008 4977">
     <span class='ocr_line' id='line_1_27' title="bbox 636 4650 2008 4760; baseline 0.011 -40"><span class='ocrx_word' id='word_1_176' title='bbox 636 4659 722 4721; x_wconf 88' lang='lat' dir='ltr'>tuae.</span> <span class='ocrx_word' id='word_1_177' title='bbox 776 4650 848 4721; x_wconf 87' lang='lat' dir='ltr'>Fac</span> <span class='ocrx_word' id='word_1_178' title='bbox 880 4673 942 4724; x_wconf 92' lang='lat' dir='ltr'>nos</span> <span class='ocrx_word' id='word_1_179' title='bbox 974 4654 1061 4726; x_wconf 86' lang='lat' dir='ltr'>lilios</span> <span class='ocrx_word' id='word_1_180' title='bbox 1094 4665 1170 4728; x_wconf 88' lang='lat' dir='ltr'>tuos</span> <span class='ocrx_word' id='word_1_181' title='bbox 1205 4668 1238 4728; x_wconf 90' lang='lat' dir='ltr'>et</span> <span class='ocrx_word' id='word_1_182' title='bbox 1264 4657 1428 4731; x_wconf 90' lang='lat' dir='ltr'>haeredes</span> <span class='ocrx_word' id='word_1_183' title='bbox 1454 4663 1551 4752; x_wconf 86' lang='lat' dir='ltr'>regni</span> <span class='ocrx_word' id='word_1_184' title='bbox 1585 4664 1629 4732; x_wconf 89' lang='lat' dir='ltr'>tui</span> <span class='ocrx_word' id='word_1_185' title='bbox 1656 4668 1802 4753; x_wconf 86' lang='lat' dir='ltr'>aeterni,</span> <span class='ocrx_word' id='word_1_186' title='bbox 1830 4687 1892 4760; x_wconf 90' lang='lat' dir='ltr'>per</span> <span class='ocrx_word' id='word_1_187' title='bbox 1918 4686 2008 4755; x_wconf 84' lang='lat' dir='ltr'>gra-</span> 
     </span>
     <span class='ocr_line' id='line_1_28' title="bbox 635 4765 2008 4875; baseline 0.01 -41"><span class='ocrx_word' id='word_1_188' title='bbox 635 4765 726 4853; x_wconf 83' lang='lat' dir='ltr'>tiam,</span> <span class='ocrx_word' id='word_1_189' title='bbox 752 4766 1025 4857; x_wconf 88' lang='lat' dir='ltr'>misericordiam,</span> <span class='ocrx_word' id='word_1_190' title='bbox 1053 4780 1086 4841; x_wconf 90' lang='lat' dir='ltr'>et</span> <span class='ocrx_word' id='word_1_191' title='bbox 1114 4793 1263 4844; x_wconf 87' lang='lat' dir='ltr'>amorem</span> <span class='ocrx_word' id='word_1_192' title='bbox 1289 4795 1374 4865; x_wconf 84' lang='lat' dir='ltr'>erga</span> <span class='ocrx_word' id='word_1_193' title='bbox 1400 4775 1550 4848; x_wconf 88' lang='lat' dir='ltr'>homines</span> <span class='ocrx_word' id='word_1_194' title='bbox 1577 4779 1733 4868; x_wconf 79' lang='lat' dir='ltr'>unigeniti</span> <span class='ocrx_word' id='word_1_195' title='bbox 1759 4777 1834 4850; x_wconf 86' lang='lat' dir='ltr'>Filii</span> <span class='ocrx_word' id='word_1_196' title='bbox 1862 4783 1918 4868; x_wconf 87' lang='lat' dir='ltr'>tui,</span> <span class='ocrx_word' id='word_1_197' title='bbox 1946 4801 2008 4875; x_wconf 91' lang='lat' dir='ltr'>per</span> 
     </span>
     <span class='ocr_line' id='line_1_29' title="bbox 635 4890 1091 4977; baseline 0.022 -31"><span class='ocrx_word' id='word_1_198' title='bbox 635 4898 733 4971; x_wconf 88' lang='lat' dir='ltr'>quern</span> <span class='ocrx_word' id='word_1_199' title='bbox 761 4890 895 4951; x_wconf 90' lang='lat' dir='ltr'>etcum</span> <span class='ocrx_word' id='word_1_200' title='bbox 924 4905 1001 4977; x_wconf 77' lang='lat' dir='ltr'>quo,</span> <span class='ocrx_word' id='word_1_201' title='bbox 1028 4893 1091 4956; x_wconf 92' lang='lat' dir='ltr'>etc.</span> 
     </span>
    </p>

    <p class='ocr_par' dir='ltr' id='par_1_12' title="bbox 738 4993 1074 5087">
     <span class='ocr_line' id='line_1_30' title="bbox 738 4993 1074 5087; baseline 0.027 -25"><span class='ocrx_word' id='word_1_202' title='bbox 738 4993 901 5087; x_wconf 82' lang='lat' dir='ltr'>Populos.</span> <span class='ocrx_word' id='word_1_203' title='bbox 953 4998 1074 5072; x_wconf 88' lang='lat' dir='ltr'>Amen.</span> 
     </span>
    </p>
   </div>
   <div class='ocr_carea' id='block_1_5' title="bbox 0 0 2360 6032">
    <p class='ocr_par' dir='ltr' id='par_1_13' title="bbox 0 0 2360 6032">
     <span class='ocr_line' id='line_1_31' title="bbox 0 0 2360 6032; baseline 0 0"><span class='ocrx_word' id='word_1_204' title='bbox 0 0 2360 6032; x_wconf 95' lang='lat' dir='ltr'> </span> 
     </span>
    </p>
   </div>
  </div>
 </body>
</html>
