4712 6032
1071 1025 1672 1198 adsunam
1814 929 1817 936 ‘
1941 1169 1945 1176 ,

865 1341 1887 1499 sanon1¹·uosrnrn11,

1047 1588 1370 1668 Pannlnnonnn
1402 1525 1699 1667 ANTIOGllllNl.

934 1869 937 1878 ⁴
1027 1863 1146 1935 Primo
1175 1862 1295 1935 Oratio
1322 1869 1402 1934 anto
1429 1862 1575 1934 cromam
1597 1865 1707 1957 pacis.

768 2059 885 2169 Dauo
912 2087 1058 2160 clemens
1085 2096 1119 2159 et
1144 2086 1266 2160 multae
1292 2085 1541 2158 misericordiae
1566 2084 1724 2174 Domine,
1753 2089 1808 2181 qui
1835 2079 1868 2157 te
1893 2108 1961 2158 nau
1988 2087 2056 2159 du-

692 2205 835 2277 bitanter
866 2208 1061 2276 mvocanres
1093 2207 1184 2295 juste
1216 2201 1381 2296 exaudis,'
1410 2201 1508 2275 nobis
1544 2205 1643 2274 etiam
1677 2206 1732 2297 qui
1766 2225 1831 2275 una
1863 2214 1898 2275 et
1928 2204 2059 2300 aequali

693 2342 783 2392 voce
815 2320 995 2391 clamamus
1029 2316 1072 2389 ad
1105 2326 1155 2406 te,
1192 2316 1337 2410 largire,
1370 2327 1405 2388 ut
1430 2332 1504 2390 cum
1529 2321 1674 2389 unanimi
1708 2318 1904 2406 concordia,
1942 2318 2058 2392 demus

690 2434 787 2507 nobis
819 2437 964 2506 invicem
994 2454 1113 2529 pacem
1147 2436 1181 2504 in
1208 2432 1323 2506 osculo
1351 2444 1468 2506 sancto
1496 2444 1530 2504 et
1555 2433 1685 2521 divino,
1713 2443 1747 2506 et
1781 2431 1964 2505 referemus
1999 2433 2059 2505 tibi

691 2550 851 2644 gloriam,
877 2560 940 2622 etc.

794 2667 955 2760 Papulas.
1008 2665 1127 2740 Amen.

795 2782 973 2854 Diaconos
996 2780 1189 2875 proclamat
1214 2777 1372 2850 Mediam.
1749 2845 1756 2849 .
2101 2855 2106 2866 p

796 2896 970 2969 Sacerdos
997 2896 1133 2967 alaeam
1157 2915 1282 2968 aaran.
1336 2894 1475 2967 Omnem
1503 2917 1634 2990 quoque
1667 2893 1901 2974 dubitationem
1934 2895 2057 2993 depel-

692 3014 764 3088 lens
791 3038 811 3086 a
838 3013 953 3099 nobis,
978 3014 1139 3101 Dominep
1164 3011 1299 3084 uinculo
1326 3014 1472 3084 caritatis
1498 3019 1575 3082 tuae
1601 3011 1759 3082 confirma
1784 3032 1860 3101 noa,
1887 3020 1921 3082 ct
1946 3009 2058 3082 bene-

694 3131 856 3203 dictiones
883 3127 1106 3216 abundantes,
1132 3125 1229 3200 nobis
1257 3137 1291 3199 ct
1316 3126 1378 3200 illis
1406 3129 1461 3221 qui
1488 3148 1599 3198 coram
1620 3137 1659 3198 te
1684 3126 1829 3199 inclinati
1855 3137 1930 3198 sunt
1955 3130 2059 3215 mitte,

691 3258 727 3318 ut
754 3247 931 3318 efficiamur
958 3244 1153 3316 adoratores
1179 3247 1253 3315 veri
1280 3254 1314 3315 ct
1339 3245 1517 3338 participes
1544 3243 1707 3315 bonorum
1738 3252 1867 3315 tuorum
1895 3253 2053 3316 aeterno·

692 3384 784 3454 rum,
811 3360 1062 3455 rciercmusque
1087 3360 1145 3433 tibi
1172 3359 1333 3451 gloriam,
1360 3367 1422 3430 etc.

795 3477 957 3570 Papulas.
1010 3476 1129 3548 Arnen.
1214 3557 1220 3568 ,

795 3578 979 3665 Sacerdos.
1031 3591 1084 3663 Tu
1110 3613 1149 3663 os
1176 3591 1348 3669 thesaurus
1376 3590 1584 3679 auxiliarum,
1612 3589 1748 3664 atlans
1774 3589 1951 3680 bonorum,
1977 3591 2058 3662 Do-

616 3761 618 3772 .
692 3714 794 3783 mine:
820 3731 884 3784 nos
909 3711 1009 3800 igitur
1041 3711 1096 3802 qui
1125 3717 1278 3800 egestate
1309 3717 1342 3780 et
1374 3717 1569 3804 paupertate
1601 3707 1808 3794 laboramus,
1845 3706 1966 3778 divites
2005 3704 2060 3776 lac

692 3827 814 3898 divitiis
841 3821 1226 3920 incomprehensibilibus
1262 3823 1423 3896 donorum
1458 3834 1586 3896 tuorum
1627 3822 1827 3895 divinornm:
1868 3831 1901 3892 et
1933 3820 2059 3918 perfice

692 3963 756 4014 nos
791 3944 824 4013 in
858 3940 1015 4036 populum
1048 3949 1213 4028 sanctum,
1248 3950 1282 4012 ct
1320 3943 1616 4033 congregationem
1650 3938 1828 4028 salvatam,
1867 3960 1952 4032 quac
1990 3959 2059 4008 an-

692 4061 826 4130 nunciet
856 4055 971 4128 laudes
1008 4065 1100 4145 ruas,
1134 4058 1227 4130 Deus
1253 4057 1373 4144 Pater,
1410 4067 1444 4128 ct
1478 4058 1638 4148 unigeniti
1663 4055 1737 4127 Filii
1764 4057 1826 4144 tui,
1854 4066 1888 4127 ct
1913 4053 2058 4149 Spiritus

690 4177 738 4246 tui
763 4175 844 4245 vivi.

793 4289 981 4361 Diaconos.
1032 4289 1119 4359 Date
1145 4311 1274 4384 pacem.

794 4403 977 4475 Sacerdos.
1032 4401 1162 4476 Caritas
1188 4405 1253 4476 Dci
1279 4404 1396 4477 Patris.

797 4521 958 4614 Papulas.
1010 4521 1129 4592 Arnen.
1178 4519 1429 4592 Misericordiae
1455 4519 1528 4590 Dei.

795 4636 979 4708 Sacerdos.
1034 4631 1171 4709 Sursum
1199 4635 1311 4708 corda.

795 4751 957 4845 Papulas.
1009 4750 1177 4824 Habemus
1205 4749 1248 4823 ad
1273 4750 1459 4822 Dominum.

795 4867 978 4968 Sacerdos.
1031 4867 1164 4941 Gratias
1191 4887 1330 4960 agamus
1356 4865 1508 4938 Domina.
1645 4929 1648 4936 .

799 4983 959 5075 Populus.
1010 4985 1155 5076 Dignum
1181 4994 1215 5056 et
1237 4985 1360 5075 justum
1387 4990 1446 5055 est.
