4814 6060
504 566 682 644 ll'lultoll
708 565 845 642 BASlllI
869 567 919 642 EX
945 566 1129 645 tensione
1155 569 1331 645 alomna
1357 569 1472 644 nnsn.
1594 568 1669 643 543

298 751 393 834 vulgo
417 749 636 832 appellabatur,
659 747 751 830 idque
774 769 814 812 ex
842 751 938 814 veteri
968 751 1113 816 instituto.
1165 751 1315 833 Quidquid
1345 753 1438 836 igitur
1469 751 1506 813 ad
1538 750 1669 814 Orientis

297 850 416 912 laudem
438 849 572 931 lgnatius
597 847 867 930 conferrepotuit,
889 850 1041 932 expressit
1062 848 1121 911 hac
1137 851 1281 914 oratione.
1314 851 1475 914 Paradisus
1499 853 1528 914 in
1545 851 1668 915 Oriente

195 961 200 974 ·
295 948 391 1012 luisse
413 946 617 1012 verisimiliter
644 947 792 1010 creditur:
824 955 952 1028 quatuor
979 948 1062 1012 lluvii
1091 951 1141 1029 qui
1169 948 1239 1012 inde
1267 951 1442 1030 manabant,
1473 950 1509 1012 ad
1541 959 1670 1031 quatuor

294 1046 462 1129 Evangelia
485 1045 651 1129 allegorice
673 1045 856 1110 referuntur.
905 1047 1057 1111 Haereses
1081 1055 1112 1110 et
1134 1067 1257 1112 errores
1280 1049 1446 1133 gentilium,
1469 1050 1543 1111 turri
1566 1049 1671 1130 Baby-

290 1145 411 1209 lonieae
436 1151 659 1224 comparantur,
684 1163 762 1226 quae
785 1153 850 1208 erat
873 1147 903 1208 in
927 1145 1040 1226 campis
1063 1145 1215 1227 Sennaar,
1244 1148 1310 1211 sive
1334 1147 1484 1211 Chalane:
1513 1157 1604 1230 atque
1633 1165 1670 1211 ea

293 1243 413 1305 rationo
435 1245 581 1307 vertimus
601 1243 800 1322 fundumentc
823 1243 1026 1321 Cdodrnitica,
1049 1263 1116 1308 com
1139 1246 1411 1328 nisivox‘propria
1426 1248 1474 1324 sit,
1497 1246 1669 1329 significare

294 1342 392 1423 possit
415 1341 607 1406 fundamenta
631 1360 773 1407 arenosa.

654 1677 1297 1729 ψ

398 2522 611 2640 nnsnn
646 2523 727 2642 nn
761 2523 1047 2644 vnnsronn
1066 2441 1356 2642 'nnnnnnn
1392 2525 1565 2712 nlsrr.

760 2845 929 2917 Precatio
955 2853 1036 2917 ante
1060 2846 1199 2918 Pacem.

365 3043 556 3144 Asiaene
581 3067 675 3139 Deus
702 3070 758 3162 qni
785 3069 818 3138 in
844 3069 1008 3163 principio
1034 3067 1184 3142 homines
1211 3069 1335 3140 creasti
1364 3068 1406 3142 ad
1432 3071 1668 3146 immortalita-

295 3195 380 3273 tem,
412 3193 553 3255 mortem
579 3204 683 3280 porro
709 3205 770 3278 per
796 3181 954 3254 invidiam
981 3181 1104 3256 diaboli
1130 3187 1319 3276 ingressam
1345 3186 1379 3256 in
1405 3186 1581 3276 mundum,
1606 3209 1670 3280 per

294 3297 472 3372 salutarem
507 3297 684 3372 adventum
720 3300 880 3390 unigeniti
915 3296 990 3371 Filii
1023 3301 1070 3371 tui
1101 3299 1235 3372 Domini
1267 3298 1331 3372 Dei
1367 3310 1403 3372 et
1432 3299 1667 3397 Redemptoris

294 3418 401 3488 nostri
425 3415 507 3486 Jasu
535 3413 658 3488 Christi
685 3397 894 3500 destruxisti,
927 3414 1122 3510 viribusque
1149 3435 1281 3487 cassam
1307 3413 1491 3503 reddidisti,
1518 3427 1553 3489 et
1578 3441 1667 3491 coe-

293 3528 370 3602 lesti
397 3552 483 3626 paee
511 3540 631 3602 terram
659 3529 858 3625 implevisti;
885 3537 931 3618 tu,
958 3532 1103 3624 inquam,
1131 3551 1228 3624 quem
1256 3531 1427 3604 exercitus
1454 3533 1554 3602 otiam
1586 3533 1667 3606 An-

271 3647 447 3742 ,gelorum
470 3642 687 3718 celebrabant
709 3644 871 3734 dicentes,
899 3644 1014 3717 Gloria
1033 3647 1066 3716 in
1093 3643 1239 3718 excelsis
1259 3644 1348 3734 Deo,
1375 3654 1473 3739 atque
1494 3649 1579 3718 inter
1598 3645 1667 3720 ho-

281 3765 400 3834 mines
426 3759 516 3834 hona
542 3760 719 3849 voluntas3
746 3759 841 3856 reple
868 3781 889 3830 o
918 3763 1118 3833 suavissime
1144 3759 1254 3852 Deus,
1288 3758 1392 3832 eorda
1427 3769 1542 3833 nostra
1576 3759 1667 3838 bona

294 3876 467 3950 voluntate
493 3889 567 3964 tua,
593 3879 687 3972 pacis
715 3874 956 3963 conciliatrice,
984 3897 1179 3971 expurgans
1205 3897 1268 3949 nos
1295 3877 1385 3949 omni
1411 3873 1488 3948 labe
1515 3887 1550 3950 et
1576 3867 1667 3971 dolo,

296 3997 450 4087 omnique
484 3992 657 4065 simultatis
682 3993 885 4086 pertinacia,
919 4013 1006 4084 qnae
1032 4002 1173 4064 mortem
1200 3992 1334 4064 invitat:
1367 4013 1408 4062 ae
1436 3991 1577 4085 dignare
1602 3978 1666 4070 nos

294 4119 438 4180 mauram
464 4105 561 4180 nobis
588 4110 675 4179 inter
700 4129 763 4181 nos
789 4108 923 4202 precari
949 4109 1081 4202 pacem,
1108 4130 1182 4179 curn
1204 4105 1322 4180 osculo
1345 4117 1463 4179 sancto
1483 4117 1517 4180 et
1535 4108 1665 4185 divino:

294 4233 330 4294 ut
356 4234 514 4319 expertes
542 4225 649 4294 omnis
676 4221 814 4318 culpae,
844 4221 961 4293 fiamus
991 4224 1172 4317 participes
1199 4221 1361 4295 donorum
1389 4231 1516 4294 tuomm
1545 4223 1666 4299 eoele-

295 4339 412 4429 stium,
444 4348 479 4410 et
504 4337 751 4427 immortalium,
786 4360 848 4434 per
875 4335 1040 4409 Christum
1067 4338 1182 4410 desum
1209 4335 1386 4410 Dominum
1413 4347 1578 4412 nostrum:
1605 4363 1667 4436 per

296 4475 393 4548 qnern
420 4465 454 4525 et
480 4477 555 4526 cum
583 4476 649 4551 quo
676 4453 900 4527 uhideheur
926 4450 1055 4544 gloria,
1087 4450 1196 4524 honor
1227 4462 1261 4524 et
1291 4462 1461 4546 potestas,
1495 4476 1558 4528 una
1593 4482 1668 4530 eum

295 4571 506 4642 sanctissimo
534 4579 590 4644 tuo
617 4569 762 4666 Spiritu,
788 4568 899 4660 hono,
926 4568 1113 4656 adorando,
1139 4571 1242 4640 vitam
1268 4566 1451 4660 largiente,
1485 4580 1584 4666 atque
1612 4570 1668 4642 tibi

294 4684 329 4752 in
357 4683 714 4780 substantiaaequali,
741 4707 827 4756 nuno
854 4693 888 4756 et
914 4706 1063 4782 semper,
1091 4693 1125 4756 et
1151 4687 1185 4756 in
1211 4681 1347 4757 saecula
1375 4685 1594 4758 saeculorum.

402 4798 565 4892 Populus.
605 4801 726 4873 Amen.

399 4914 584 4987 Sacerdos.
638 4916 714 4987 Pax
740 4924 774 4986 et
799 4914 1016 5011 tranquillitas
1044 4910 1197 4986 omnihus
1222 4911 1333 4990 vohis.

397 5028 561 5123 Populus.
612 5028 658 5101 Et
683 5053 756 5102 cum
784 5033 899 5126 spiritu
925 5040 992 5103 tuo.
