4804 6026
637 547 687 621 22
1010 547 1189 626 ORDO
1243 548 1618 645 connonls

740 738 790 810 lta
816 759 901 810 vere
927 759 1047 832 passus
1075 746 1127 810 εει
1152 738 1246 810 Dens
1271 735 1421 810 Verbum
1447 741 1480 810 in
1514 759 1638 829 carne,
1671 747 1707 812 et
1735 737 1921 814 immolatus
1957 749 2010 815 εει

637 860 671 922 ει
695 850 821 927 ιεεειεε
846 857 880 926 ιε
906 854 1140 942 crucifixione,
1167 864 1389 950 saporumque
1415 866 1468 928 εει
1494 859 1603 930 anima
1629 858 1702 949 ejus
1722 878 1742 927 a
1763 877 1908 952 corpore
1921 860 2008 952 ejus,
2044 859 2049 872 '

637 973 788 1062 quamvis
815 971 968 1042 divinitas
994 973 1066 1063 eJ'us
1092 968 1278 1042 nullatenus
1305 979 1459 1065 separata
1485 970 1584 1044 luerit
1618 969 1659 1044 alr
1693 973 1802 1044 animo
1833 982 1891 1046 ant
1921 997 2007 1046 cor-

635 1106 720 1179 pore
747 1090 830 1180 ejus.
882 1087 1078 1161 Translixns
1106 1097 1158 1159 εει
1188 1084 1307 1158 lancea
1341 1089 1375 1158 in
1405 1087 1512 1160 latere
1544 1108 1628 1179 suo,
1665 1109 1711 1159 ex
1745 1110 1810 1182 εεε
1843 1086 2010 1164 llnxenmt

636 1205 773 1294 sanguis
799 1213 834 1275 et
860 1205 1177 1300 aqua„propitiatio
1204 1205 1304 1274 totius
1329 1203 1458 1294 mundi,
1485 1199 1603 1298 quibus
1630 1224 1754 1298 corpus
1768 1205 1841 1294 eJus
1862 1226 2007 1302 resper-

635 1339 707 1389 sum
735 1329 804 1393 est:
831 1323 925 1392 venit
951 1324 1056 1392 anino
1084 1329 1118 1391 et
1143 1322 1232 1392 unita
1258 1329 1311 1392 est
1337 1321 1408 1411 ejus
1436 1322 1589 1416 corpori:
1624 1328 1658 1392 ει
1683 1340 1745 1416 pro
1771 1331 1914 1416 peccato
1942 1344 2006 1394 or-

635 1432 687 1506 bis
713 1437 880 1524 universi,
908 1445 1056 1510 mortuus
1083 1444 1136 1509 est
1161 1433 1245 1506 lilius
1271 1437 1306 1506 in
1337 1457 1457 1526 cruca,
1491 1446 1525 1508 et
1556 1436 1722 1509 convertit
1753 1457 1817 1511 nos
1853 1460 1873 1508 a
1911 1447 2007 1533 parte

635 1553 767 1622 sinistra
794 1550 835 1622 ad
863 1551 1034 1642 dextram,
1068 1562 1102 1625 ει
1127 1551 1316 1646 pacificavit
1339 1574 1403 1648 per
1428 1555 1623 1645 sanguinem
1650 1554 1760 1626 crucis
1786 1573 1888 1641 snae,
1922 1554 2004 1625 uni-

633 1668 748 1761 vitqne
774 1676 809 1739 et
835 1670 1008 1759 conjnnxit
1033 1667 1194 1742 coelestia
1220 1689 1296 1740 carm
1321 1672 1481 1756 terrenis,
1506 1667 1663 1764 populum
1690 1692 1765 1742 curn
1791 1668 1944 1764 populis,
1970 1678 2006 1740 ει

635 1783 777 1855 animam
804 1808 878 1858 cum
908 1806 1070 1882 corpore;
1102 1783 1156 1857 die
1190 1792 1299 1856 εειειε
1331 1787 1428 1858 tertia
1463 1787 1609 1857 surrexit
1641 1783 1683 1856 da
1715 1783 1890 1879 sepulcro:
1921 1805 2006 1860 unus

633 1901 707 1996 ipse
733 1897 946 1992 Emmanuel,
973 1912 1007 1973 et
1032 1924 1099 1974 non
1127 1901 1252 1974 divisus
1279 1910 1358 1999 post
1382 1903 1538 1974 unionem
1563 1899 1840 1996 inseparabilem,
1866 1898 2005 1972 induas

634 2025 780 2090 naturas.
807 2018 856 2089 Ita
884 2017 1069 2106 credimus,
1097 2021 1143 2092 ito
1168 2019 1384 2109 confitemur,
1417 2026 1451 2088 ει
1480 2020 1524 2090 ito
1550 2016 1799 2112 praedicamus,
1830 2014 1895 2089 hoc
1928 2037 2007 2090 csse

635 2153 760 2229 corpus
787 2135 882 2207 istius
909 2137 1102 2227 sanguinis,
1129 2145 1163 2207 et
1188 2134 1275 2209 hunc
1300 2155 1378 2210 esse
1405 2136 1601 2226 sanguinem
1626 2131 1721 2225 hujus
1749 2135 1912 2228 corporis.

630 2353 635 2360 .
741 2283 822 2353 Tum
846 2287 1085 2380 morporitmn,
1112 2285 1186 2357 sive
1211 2281 1423 2381 particulam,
1458 2305 1557 2377 quom
1579 2285 1701 2375 saepit,
1734 2285 1837 2352 mittit
1866 2285 1904 2352 ιε
1936 2304 2004 2352 co-

539 2455 544 2470 .
632 2397 740 2471 licam.

989 2685 1075 2758 Alia
1102 2685 1223 2757 Oratae
1249 2685 1294 2756 D.
1321 2683 1447 2757 Jacobi
1472 2683 1647 2755 Doctorio.

735 2924 838 2995 Pater
862 2924 1036 3011 veritatis,
1063 2944 1144 2994 ecce
1170 2921 1273 2994 Filius
1300 2931 1393 3010 tuns,
1419 2918 1528 2992 hostia
1555 2916 1611 2990 tibi
1637 2916 1775 3015 placita:
1803 2919 1892 2993 illum
1919 2944 2002 2997 sus-

632 3040 708 3134 cipe
741 3041 797 3134 qui
828 3061 891 3135 pro
923 3061 977 3111 me
1002 3046 1151 3110 mortuus
1179 3045 1248 3125 est,
1275 3047 1309 3108 ει
1333 3059 1396 3132 par
1422 3058 1497 3108 eum
1530 3043 1603 3105 esto
1633 3038 1807 3131 propitiae.
1860 3037 2003 3135 Suscipe

632 3152 696 3226 hoc
722 3152 919 3227 sacrificium
945 3177 990 3226 ex
1018 3153 1167 3226 manibus
1194 3155 1297 3243 meis,
1322 3161 1358 3225 ει
1383 3151 1459 3224 mihi
1485 3151 1636 3248 placatus
1662 3154 1730 3243 sis,
1759 3174 1868 3248 εεεεε
1894 3176 2002 3250 rapn-

632 3280 684 3343 ιεε
711 3269 789 3342 mihi
812 3279 975 3365 peccata,
1001 3291 1088 3366 quac
1113 3271 1264 3342 commisi
1291 3291 1404 3354 coram
1430 3271 1603 3359 majestate
1631 3276 1696 3340 tua.
1748 3268 1840 3342 Ecce
1867 3273 2002 3364 sanguis

632 3385 755 3460 effusus
782 3408 884 3484 super
911 3385 1112 3479 Golgoi-ham
1139 3383 1180 3457 an
1207 3387 1348 3481 iniquis,
1375 3387 1429 3480 εει
1458 3382 1645 3480 interpellat
1670 3405 1732 3480 pro
1765 3407 1835 3458 me:
1869 3391 2003 3482 suscipe

631 3502 900 3599 (leprecationem
926 3525 1035 3575 meam
1060 3511 1197 3598 propter
1223 3525 1307 3573 eum.
1361 3503 1491 3588 Quanta
1517 3510 1593 3574 sunt
1619 3499 1739 3572 delicta
1764 3524 1858 3593 mea,
1892 3511 2002 3575 tantae

631 3627 708 3692 sunt
733 3622 965 3692 miserationes
991 3630 1088 3692 tuae:
1116 3622 1146 3693 si
1170 3617 1359 3715 perpendas
1387 3617 1595 3689 clementiam
1621 3625 1730 3707 tuam,
1756 3617 2002 3714 praeponderat

633 3738 735 3808 ctiam
760 3734 927 3809 montibus
955 3757 1039 3831 quos
1066 3734 1244 3831 appendis,
1270 3736 1306 3805 in
1331 3729 1464 3806 st'atara.
1490 3733 1617 3828 Aspice
1644 3730 1783 3824 delicta,
1811 3733 1870 3807 sed
1888 3736 2003 3830 aspice

630 3850 728 3923 simul
755 3849 951 3925 sacrificium
979 3849 1067 3946 qnod
1092 3872 1154 3946 pro
1181 3853 1263 3946 ipsis
1290 3847 1443 3938 ollertor3
1471 3851 1546 3943 quia
1573 3845 1674 3920 multo
1691 3852 1797 3941 majus
1819 3863 1871 3924 εει
1885 3854 2000 3924 sacri-

631 3967 741 4039 ficium
767 3976 801 4039 ει
826 3970 975 4058 victima,
1002 3989 1099 4061 quam
1116 3977 1238 4038 reatus.
1275 3963 1417 4059 Propter
1435 3975 1572 4060 peccata
1590 3986 1674 4058 quae
1688 3969 1853 4056 commisi,
1881 3964 2000 4039 clavos

631 4094 664 4154 et
689 4081 839 4154 lanceam
866 4086 1018 4157 sustinuit
1044 4082 1183 4154 dilectus
1208 4092 1298 4153 tuus:
1325 4080 1486 4152 sulliciunt
1511 4083 1688 4175 passiones
1716 4083 1787 4174 ejus
1810 4081 1852 4156 ad
1872 4094 1904 4156 ιε
1921 4081 2000 4178 pla-

630 4197 787 4287 candum,
814 4211 847 4271 ει
872 4210 908 4272 ει
933 4222 995 4295 per
1022 4219 1081 4270 eas
1108 4201 1232 4269 vivam.
1286 4194 1400 4269 Gloria
1427 4195 1517 4268 Patri
1545 4200 1599 4290 εει
1626 4196 1744 4269 Filium
1771 4221 1865 4274 suum
1890 4197 1999 4271 tradi-

632 4313 677 4385 dit
702 4335 772 4408 pro.
792 4315 898 4388 εειειε
925 4327 1054 4390 nostra:
1082 4324 1115 4386 ει
1140 4312 1226 4386 Filio
1258 4316 1312 4407 εει
1343 4323 1492 4385 mortuus
1528 4323 1579 4386 est
1613 4313 1648 4383 in
1674 4335 1795 4404 cruce,
1835 4326 1868 4387 ει
1902 4312 1999 4387 nobis

632 4425 783 4501 omnihus
818 4432 923 4503 vitam
956 4431 1134 4527 praestitit:
1176 4439 1210 4501 ct
1243 4415 1379 4524 Spiritui
1412 4429 1466 4523 qui
1499 4429 1643 4526 incoepit
1687 4441 1721 4503 ει
1758 4433 2001 4504 consummavit

630 4547 827 4640 mysterium
876 4545 990 4619 salutis
1039 4555 1191 4620 nostrae:
1250 4544 1393 4617 Trinitas
1440 4542 1697 4640 superexcelso,
1749 4569 1852 4643 parce
1902 4544 1999 4617 nobis

631 4660 792 4734 omnibus.

734 4809 882 4904 Perficit
908 4815 980 4882 trec
1006 4812 1182 4882 orationes
1209 4809 1377 4902 (Positas)
1411 4813 1618 4906 imponitque
1646 4833 1778 4883 mcum
1802 4833 1905 4906 cuper
1931 4835 1998 4884 co-

631 4923 748 5015 liceno,
777 4930 891 5019 ειεεαι
915 4948 953 4998 oe
978 4929 1103 5020 epam,
1130 4933 1165 4998 ει
1190 4932 1244 4998 ter
1269 4926 1348 4998 ltine
1375 4933 1410 5000 ει
1435 4927 1515 5000 tuoe
1539 4931 1668 5024 myream
1693 4930 1807 5000 mucio
1820 4931 1911 5022 [ecit
1934 4952 1998 5001 εε-

625 5062 694 5135 per
715 5043 892 5138 populere,
919 5051 955 5116 ει
980 5042 1074 5115 dicit.
