4804 6026
893 561 1309 640 LITURGldll.
1736 563 1785 640 13

515 747 557 822 Si
582 749 695 820 discos
719 769 858 843 mapom
883 755 944 839 cst,
971 743 1031 821 od
1044 756 1190 846 quotuor
1217 755 1289 842 aas
1314 751 1456 844 capulos
1491 745 1640 847 disponit
1676 754 1784 850 (par-

411 865 527 937 ticudas
559 869 656 962 panis
689 865 923 950 consecrandi]
962 869 997 936 io
1025 871 1172 961 [onnam
1214 870 1345 940 crucio:
1363 871 1407 966 ⁴oi
1437 871 1548 941 minor
1583 875 1644 958 est,
1679 894 1786 964 saper

410 986 481 1051 trec
502 981 696 1074 particolaa
720 1005 821 1052 cnam
845 1004 948 1075 super
974 983 1078 1054 oliam
1105 983 1263 1072 collocat,
1290 990 1351 1054 aat
1376 984 1461 1056 daos
1484 986 1532 1056 ad
1555 988 1674 1074 minua,
1697 991 1784 1079 pari

409 1119 564 1186 nmero,
591 1105 653 1169 aut
676 1101 818 1190 impari,
850 1103 883 1169 si
909 1122 994 1192 opas
1020 1106 1084 1173 oct.
1120 1099 1308 1196 Spoopiam
1339 1106 1374 1171 et
1407 1099 1568 1172 cochlear
1602 1103 1639 1170 in
1670 1101 1785 1173 tatere

408 1213 564 1302 metrali,
591 1235 697 1308 supra
723 1214 872 1285 totam
898 1222 1134 1287 consecratam
1153 1217 1313 1309 deponit:
1340 1215 1485 1287 Oblatas
1509 1221 1673 1308 majorem
1684 1241 1785 1311 par-

408 1329 562 1418 ticolom,
598 1336 633 1401 et
668 1330 791 1419 cctam,
829 1352 890 1403 seu
924 1329 1141 1427 Anapboram
1179 1334 1217 1401 in
1247 1330 1358 1403 latere
1398 1331 1630 1422 occidentali,
1671 1334 1780 1405 doacc

405 1448 549 1540 sranpot
575 1467 700 1540 corpas
721 1450 836 1541 prima
860 1449 946 1518 cicc.
981 1448 1125 1541 Accipit
1151 1447 1325 1536 oblatam,
1363 1453 1398 1518 ct
1425 1455 1607 1542 postquam
1637 1453 1783 1521 cctcrsit

407 1583 536 1650 manas,
565 1583 641 1632 caan
676 1561 869 1653 osculatur,
897 1554 1063 1656 ponitque
1095 1567 1131 1633 in
1164 1563 1274 1634 latere
1307 1564 1454 1636 amtrali
1488 1586 1562 1634 com
1596 1563 1784 1636 cocblcari.

411 1677 493 1747 Tam
518 1680 650 1770 accipit
674 1677 819 1772 cipillam
844 1680 917 1750 sinc
942 1684 1105 1770 majorem
1137 1684 1171 1750 ct
1204 1680 1348 1751 mediam
1362 1665 1367 1678 ⁸
1381 1679 1519 1752 oblatae
1541 1687 1677 1772 partem
1702 1702 1781 1749 aro-

407 1789 515 1864 bados
539 1791 706 1882 monibus,
734 1800 770 1864 et
795 1793 945 1866 collocat
970 1797 1007 1864 io
1033 1796 1140 1884 disco,
1168 1797 1303 1868 dicens:
1576 1795 1580 1802 '

511 1909 682 2006 Tanquam
719 1912 795 1982 ovis
830 1909 872 1982 ad
907 1912 1111 1984 occisionem
1151 1911 1267 1985 ductus
1303 1921 1374 1983 est:
1415 1919 1448 1982 ei
1483 1920 1637 2005 tauquam
1673 1931 1785 2003 agnus

406 2048 522 2100 coram
549 2024 708 2098 tondente
734 2025 836 2117 siluit,
864 2037 897 2098 et
922 2049 991 2100 non
1025 2029 1154 2123 aperuit
1189 2050 1229 2102 os
1263 2049 1358 2100 suum
1392 2029 1425 2098 in
1451 2025 1676 2099 humiliatione
1709 2047 1780 2098 sua.

405 2145 550 2217 Firmum
585 2141 696 2214 lecisti
735 2141 852 2215 sedem
889 2151 978 2215 tuam
1013 2143 1175 2233 Domine,
1214 2145 1435 2216 sanctuarium
1471 2153 1582 2214 tuum:
1620 2141 1780 2214 confirma

405 2260 486 2334 illud
510 2257 661 2330 manibus
688 2261 771 2332 tuis:
797 2258 960 2332 Dominus
986 2259 1143 2354 regnabit
1168 2262 1201 2331 in
1228 2259 1364 2332 saecula
1391 2257 1610 2332 saeculorum.

508 2373 663 2469 Deponit
690 2375 846 2447 Oblatam
872 2379 908 2446 ia
934 2377 1041 2466 disco,
1069 2382 1104 2448 ct
1130 2378 1223 2447 dicit.

508 2492 735 2584 Primogcnite
762 2492 871 2565 Patris
899 2491 1068 2583 coelestis,
1095 2495 1228 2588 suscipe
1254 2490 1340 2564 bunc
1354 2495 1610 2588 primogenitum
1637 2514 1683 2564 ex
1700 2515 1784 2563 ma-

405 2607 502 2682 nibus
529 2611 621 2681 servi
647 2611 694 2680 tui
720 2606 870 2682 imbellis.

507 2725 633 2796 Eleoat
659 2725 801 2796 calicem
826 2727 904 2796 cino
933 2731 967 2795 ct
992 2745 1084 2818 aqaa
1108 2727 1251 2816 mistam,
1278 2730 1313 2796 ct
1339 2723 1431 2795 dicit.

508 2842 669 2913 Dominus
695 2852 812 2914 noster
838 2841 937 2914 Jesus
966 2839 1116 2914 Christus
1142 2843 1228 2913 inter
1253 2840 1401 2914 latrones
1428 2839 1607 2913 crucifixus
1626 2846 1691 2930 cst,
1712 2861 1780 2910 su·-

405 2980 465 3053 pcr
496 2955 622 3051 lignum
655 2961 690 3029 in
721 2957 928 3032 Jerusalem:
964 2959 1210 3054 transfixasque
1245 2965 1297 3030 est
1330 2957 1448 3029 lancea
1480 2959 1515 3028 in
1553 2956 1659 3028 latere
1700 2976 1775 3044 suo,

405 3071 637 3168 duxeruntque
670 3097 716 3146 ex
748 3097 791 3146 co
825 3068 962 3167 sanguis
995 3085 1028 3146 et
1063 3099 1169 3170 aqua,
1211 3073 1253 3146 ad
1288 3075 1556 3171 propitiationem
1599 3075 1780 3144 universae

406 3199 595 3262 creaturae:
623 3199 657 3261 et
676 3193 738 3292 ¹qui
764 3190 1094 3264 vidit-testimonium
1119 3188 1302 3287 perbibuit,
1338 3199 1372 3261 et
1398 3191 1521 3263 scimus
1558 3191 1634 3284 quia
1661 3209 1781 3260 verum

406 3316 458 3378 est
483 3309 705 3379 testimonium
731 3308 813 3399 ejus.
849 3306 935 3394 Quid
964 3305 1144 3379 retribuam
1161 3307 1306 3379 Domino
1332 3328 1395 3401 pro
1423 3305 1575 3378 omnibus
1603 3327 1689 3399 quac
1715 3326 1779 3374 re-

405 3419 515 3493 tribuit
541 3421 643 3494 mibi?
671 3419 819 3496 Culicem
846 3423 1000 3497 salutaris
1028 3424 1200 3517 accipiam,
1228 3431 1262 3493 et
1287 3441 1407 3493 nomen
1426 3421 1561 3493 Domini
1588 3418 1757 3493 invocabo
1769 3445 1783 3508 3.

404 3549 553 3634 votaque
578 3561 655 3610 mea
681 3538 825 3612 Domino
854 3538 1000 3611 reddam.

508 3655 636 3749 Incipit
660 3654 806 3728 Sedram
831 3655 1083 3728 Poeciteatiae.
1109 3653 1337 3725 Prooemium.

508 3771 599 3845 Laus
626 3775 682 3845 uni
708 3774 799 3845 Patri
825 3773 1051 3866 misericordi,
1087 3773 1142 3866 qui
1177 3769 1325 3861 exaudit,
1346 3779 1545 3864 peccatores
1580 3771 1780 3842 invocantes

407 3911 498 3961 eum:
534 3894 633 3962 unico
672 3887 739 3962 filio
775 3889 944 3981 clementi,
985 3893 1040 3984 qui
1078 3889 1216 3982 suscipit
1254 3888 1462 3982 poenitentes
1496 3883 1667 3982 pulsantes
1704 3887 1777 3977 ejus

407 4007 540 4078 ostium:
567 4007 623 4077 uui
649 4005 784 4102 Spiritui
817 4016 934 4079 sancto
969 4006 1024 4100 qui
1054 4005 1250 4100 propitiatur
1284 4005 1352 4076 reis
1388 4000 1644 4099 deprecantibus
1670 3999 1778 4090 illum;

407 4123 562 4216 quoniam
587 4121 684 4195 decet
709 4121 812 4211 illurn,
838 4131 902 4193 etc.

509 4236 633 4308 Sostra.
660 4239 754 4320 Deus
780 4241 879 4327 mitis,
906 4237 1061 4330 benigne,
1088 4214 1271 4324 mansuete,
1300 4245 1334 4308 et
1361 4245 1490 4308 amator
1516 4233 1695 4326 bominum,
1723 4237 1778 4330 qui

405 4354 665 4427 misericordiam
691 4358 765 4442 vis,
798 4364 832 4426 et
861 4377 930 4428 non
963 4352 1145 4426 sacrificia:
1182 4355 1237 4448 qui
1270 4375 1330 4423 cor
1365 4355 1541 4424 contritum
1573 4352 1647 4447 plus
1683 4374 1777 4424 amas

406 4493 504 4566 quam
530 4468 745 4542 holocausta:
773 4473 988 4566 spiritumque
999 4469 1200 4542 humiliatum
1226 4479 1396 4564 acceptum
1412 4466 1528 4559 babes,
1554 4471 1664 4559 magis
1681 4489 1778 4563 quam

406 4588 601 4679 sanguinem
630 4597 662 4658 et
689 4585 821 4682 adipem
848 4597 1029 4678 taurorum,
1056 4597 1090 4658 et
1115 4607 1279 4679 agnorum
1304 4587 1489 4681 pinguium:
1523 4586 1658 4679 suscipe
1690 4606 1779 4655 nunc

406 4704 603 4776 sacrificium
629 4715 778 4777 nostrum
807 4703 990 4800 spirituale,
1017 4725 1120 4799 super
1147 4701 1251 4774 altare
1278 4711 1366 4774 tuum
1384 4699 1557 4788 rationale,
1585 4711 1619 4772 et
1643 4711 1778 4796 praesta

404 4828 439 4888 ut
466 4817 685 4893 exhibeamus
717 4819 777 4892 tibi
813 4823 939 4893 animas
965 4829 1117 4904 nostras,
1145 4818 1285 4891 bostiam
1317 4820 1433 4890 vivam
1466 4827 1500 4890 et
1526 4815 1780 4913 acceptabilem,

405 4957 491 5028 quae
517 4935 651 5032 placcat
676 4936 840 5010 voluntati
867 4946 956 5026 tuae,
983 4937 1016 5006 in
1044 4938 1223 5008 ministerio
1251 4917 1413 5031 spirituali
1448 4944 1482 5007 et
1512 4935 1689 5007 oderamus
1720 4931 1781 5004 tibi

404 5053 569 5125 sacrificia
602 5053 802 5150 spiritualia,
836 5076 910 5126 cum
938 5051 1041 5126 corde
1075 5056 1216 5126 contrito
1245 5063 1278 5126 et
1304 5055 1418 5151 spiritu
1450 5051 1640 5143 humiliato,
1675 5071 1778 5145 super

1513 5171 1536 5244 5
1551 5169 1570 5205 tt
