4728 6028
678 620 753 696 wd
1049 619 1666 697 uusbuvlttubbs

675 822 755 886 quae
777 813 936 886 separatae
959 823 977 866 a
999 805 1073 867 riris
1096 803 1280 885 singularem
1306 803 1337 864 in
1359 801 1497 866 Ecclesia
1525 803 1684 866 stationem
1714 804 1840 882 babent,
1870 811 1902 866 et
1929 803 1967 866 ad
1995 821 2048 866 eas

674 904 864 998 Eucharistia
887 902 1039 982 defertur,
1062 920 1100 966 ee
1122 904 1182 964 ritu
1205 920 1295 982 quem
1316 902 1384 966 inse
1414 903 1559 966 describit
1585 903 1708 966 Gabriel
1736 903 1961 967 Alexandrinus
1989 902 2049 965 Pa-

674 1003 823 1083 triarcba,
848 1003 896 1066 cui
918 1003 1043 1065 similem
1066 1019 1135 1064 eum
1157 1019 1227 1064 esse
1251 1020 1339 1082 quem
1362 1002 1430 1083 Syri
1453 1002 1633 1080 observant,
1655 1011 1688 1065 ut
1711 1003 1934 1080 existimemus,
1957 1001 2049 1064 mulia

675 1100 818 1163 suadent:
849 1100 931 1183 quod
953 1103 984 1163 in
1006 1100 1156 1163 diversam
1180 1101 1352 1180 opinionem
1381 1101 1503 1162 inducat
1531 1101 1603 1162 nibil
1631 1103 1774 1166 occurrit.
1820 1101 1937 1174 Quanta
1968 1101 2049 1161 eninr

673 1199 823 1282 religione
846 1218 934 1262 sacra
957 1201 1098 1282 mysteria
1121 1199 1201 1280 apud
1223 1200 1317 1280 Syros
1340 1200 1462 1261 tractari
1485 1199 1618 1278 solenni,
1642 1210 1753 1282 quanta
1781 1219 1854 1266 cura
1883 1201 1922 1262 sit
1950 1199 2050 1279 parti-

674 1298 809 1362 cularum
831 1300 1032 1360 minimarum:
1064 1305 1174 1379 quanta
1197 1299 1346 1360 severitas
1370 1316 1445 1380 erga
1467 1299 1536 1360 illos
1566 1317 1693 1380 quorum
1721 1300 1909 1382 negligentia
1937 1295 2050 1379 aliquid

673 1397 799 1475 decidit,
823 1417 862 1460 ex
884 1397 1003 1460 illorum
1026 1397 1241 1459 Nomocanone
1266 1397 1351 1477 cujus
1375 1398 1458 1458 varia
1482 1397 1540 1460 boc
1569 1399 1598 1459 in
1622 1417 1737 1481 genere
1766 1397 1934 1460 testimonia
1961 1403 2050 1458 retu·

672 1496 776 1574 limus,
799 1499 873 1559 satis
896 1504 1032 1578 apparet.
1077 1495 1214 1578 llegulae
1240 1494 1358 1558 illaesi
1382 1495 1489 1558 alicubi
1513 1511 1573 1558 non
1597 1497 1813 1572 observentur,
1836 1503 1869 1558 ut
1891 1515 1932 1558 ex
1953 1494 2050 1558 ltine-

675 1597 763 1659 rariis
786 1596 917 1676 probare
942 1593 1084 1658 Claudius
1108 1601 1235 1657 conatus
1258 1601 1323 1670 esi,
1347 1594 1543 1658 Sacerdotem
1566 1605 1723 1676 peccatum
1746 1594 1815 1670 luit,
1845 1613 1907 1658 non
1930 1594 2048 1658 alienae

671 1695 710 1758 ab
733 1696 869 1759 omnibus
892 1694 959 1756 aliis
982 1693 1128 1756 Ecclesiis
1151 1693 1220 1755 idei
1243 1691 1393 1758 indicium.
1438 1692 1534 1755 Porro
1553 1693 1604 1756 ubi
1628 1693 1785 1776 disciplina
1808 1711 1869 1756 non
1885 1693 2049 1754 minutatim

672 1793 872 1870 describitur,
902 1793 938 1856 ad
970 1809 1172 1870 communem,
1203 1792 1380 1873 praesertim
1409 1791 1467 1854 illis
1490 1792 1654 1874 Ecclesiis,
1685 1812 1762 1874 quae
1793 1791 1929 1856 eamdem
1958 1791 2048 1854 fidem

670 1892 865 1972 profitentur,
894 1891 1113 1955 recurrendum
1143 1899 1198 1953 est.
1243 1890 1295 1953 Illa
1319 1899 1365 1953 est
1387 1900 1421 1954 ut
1442 1890 1543 1954 Laicis
1573 1894 1743 1955 communio
1772 1891 2049 1971 distribuatur-per

670 1991 823 2053 intinctam
845 1989 1022 2072 particulam
1045 2008 1124 2071 quae
1148 1988 1306 2052 Cocbleari
1330 1989 1471 2070 praeberi
1499 1991 1591 2052 solet:
1625 1997 1654 2052 et
1684 1988 1756 2053 illud
1785 1989 1895 2052 babent
1924 1987 1993 2068 Syri
2016 1994 2049 2049 ut

670 2109 711 2152 ex
733 2088 986 2170 praecedentibus
1010 2088 1272 2152 observationibus
1296 2088 1482 2170 intelligitur.
1528 2090 1681 2152 Diaconus
1705 2089 1829 2152 calicem
1851 2094 1968 2168 gestat:
1997 2093 2048 2148 aut

670 2190 696 2251 si
732 2187 843 2251 calices
879 2186 1089 2250 ministeriales
1128 2187 1323 2264 adhibentur,
1360 2187 1399 2250 ob
1429 2190 1707 2250 communicantium
1730 2187 1963 2263 multitudinem,
1998 2184 2048 2248 alii

669 2287 797 2350 Diaecni
820 2286 888 2349 illos
911 2292 1046 2368 gestant:
1070 2284 1298 2373 procedantque
1321 2285 1407 2348 simul
1432 2295 1519 2347 extra
1547 2288 1767 2362 sanctuarium,
1797 2304 1893 2366 usquc
1924 2285 1962 2348 ad
1992 2303 2047 2348 se-

669 2393 753 2466 ptum
776 2386 940 2449 mulierum.
984 2385 1072 2448 Plura
1095 2401 1155 2446 non
1177 2384 1288 2447 babent
1311 2383 1428 2465 Syriaci
1451 2384 1594 2448 liitueles.

379 2487 656 2543 observaoodebia-
758 2487 869 2548 Verum
892 2485 941 2546 bic
964 2483 1054 2546 ollert
1076 2501 1110 2546 se
1134 2483 1307 2546 observatio
1335 2483 1496 2564 singularis
1527 2502 1604 2565 quae
1636 2484 1731 2566 Syros
1762 2483 1885 2564 proprie
1915 2491 2046 2562 spectat,

343 2576 502 2627 ⁰⁰⁰¹⁸³⁸ffl¹¹¹
520 2571 621 2627 ⁰ff¹⁰i⁰·
670 2585 752 2645 circa
774 2583 1018 2645 Diacooissarum
1048 2581 1157 2645 obicia.
1202 2580 1429 2644 ordinationem
1457 2581 1585 2664 aliquam
1615 2584 1645 2645 in
1673 2583 1810 2646 Ecclesia
1839 2583 1957 2645 Graeca
1978 2583 2045 2646 illas

671 2682 740 2745 olim
770 2683 913 2745 babuisse
942 2701 982 2744 ex
1010 2681 1103 2744 variis
1138 2689 1276 2744 autorum
1304 2681 1479 2744 testimoniis
1509 2689 1540 2744 ct
1567 2680 1803 2759 Pontificalibus,
1834 2682 1973 2762 probavit
1996 2683 2046 2746 vir

342 2833 360 2884 3
386 2747 434 2884 g:
457 2763 534 2883 ’Ἥ
547 2745 607 2797 Μ’
626 2745 657 2800 P.
671 2780 860 2844 Clarissimus
882 2780 1017 2844 loannes
1039 2779 1191 2842 llorinus:
1214 2787 1245 2842 et
1268 2780 1347 2842 inter
1369 2779 1441 2841 alias
1469 2781 1676 2843 caeremonias
1699 2781 1890 2855 observavit,
1919 2777 2044 2842 calicem

361 2870 368 2883 ’
429 2850 479 2885 ere.
534 2869 541 2883 ⁸
667 2879 728 2942 illis
750 2880 779 2940 in
802 2898 907 2943 manus
930 2879 1010 2959 dari,
1034 2885 1067 2940 ut
1088 2879 1265 2960 sanguinem
1289 2877 1399 2941 Cbristi
1421 2879 1540 2957 bibant,
1569 2879 1623 2942 sed
1645 2879 1713 2943 illas
1735 2881 1765 2942 in
1789 2878 1875 2940 altari
1898 2895 1966 2941 eum
1989 2896 2045 2940 re-

668 2995 795 3060 ponere,
824 2977 897 3040 nulli
924 2993 999 3040 vero
1029 2976 1191 3041 bibendum
1219 2976 1300 3040 illum
1330 2976 1489 3056 praebere.
1545 2977 1628 3040 lnter
1656 2978 1867 3042 Ordinationes
1898 2977 2044 3058 Syrorum

665 3097 741 3160 quas
764 3079 843 3140 idem
866 3076 974 3157 edidit,
998 3077 1161 3160 singularis
1184 3076 1265 3139 nulla
1287 3076 1530 3139 Diacooissarum
1553 3079 1724 3159 reperitur,
1748 3086 1780 3141 ut
1803 3094 1902 3156 neque
1925 3077 1954 3138 in
1979 3075 2044 3140 Cu-

665 3179 733 3240 dice
765 3176 957 3240 Florentino:
985 3183 1084 3239 tamen
1113 3175 1248 3238 eamdem
1277 3174 1401 3237 bonoris
1428 3180 1675 3257 praerogativam
1702 3177 1767 3240 illas
1796 3175 1938 3242 habuisse
1962 3176 2042 3258 apud

666 3277 760 3357 Syros
790 3275 918 3339 dubitari
947 3292 1008 3337 non
1030 3281 1148 3356 potest,
1175 3276 1235 3336 imo
1263 3274 1394 3355 majores
1425 3274 1601 3354 nonnullas,
1631 3293 1757 3357 quarum
1790 3277 1902 3338 mentio
1933 3284 1982 3338 est
2011 3277 2043 3340 iu

664 3373 832 3455 Responsis
855 3374 1016 3438 canonicis
1038 3374 1163 3437 loannis
1186 3373 1333 3454 Episcopi
1357 3372 1539 3452 lelalerrsis,
1563 3375 1649 3455 cujus
1672 3391 1766 3455 saepe
1790 3376 1961 3436 testimonia
1987 3393 2042 3437 re-

663 3472 803 3536 feruntur
825 3474 855 3535 in
877 3473 1103 3536 Nomoeanone.
1148 3472 1291 3536 Testatur
1314 3473 1392 3534 enim
1415 3472 1608 3534 Diacooissia
1637 3473 1730 3534 licere
1751 3493 1811 3535 noo
1840 3475 1931 3536 medo
1961 3475 2042 3537 ccli-

666 3590 730 3634 eem
759 3573 901 3651 accipere
923 3573 961 3634 de
982 3591 1074 3634 manu
1095 3571 1290 3649 Smerdetim
1326 3573 1382 3634 sed
1403 3573 1494 3634 etiem
1511 3588 1606 3650 posse
1627 3572 1698 3633 illes
1718 3571 1842 3634 absente
1864 3572 2041 3651 Sacerdote,

543 3713 548 3722 ·
665 3680 719 3733 aut
739 3672 890 3746 Diacooo,
910 3671 1068 3734 eororibrra
1089 3671 1154 3732 suia
1175 3673 1207 3733 io
1228 3670 1414 3732 llouusterio
1435 3669 1662 3732 Eucharistiem
1683 3672 1908 3747 administrare,
1931 3674 1991 3734 iore
2014 3679 2044 3734 et

662 3773 778 3849 pueris,
800 3772 890 3833 oredo
908 3772 1041 3850 quietum
1054 3771 1166 3832 aetatis
1176 3787 1288 3830 aunum
1309 3787 1370 3830 ooo
1392 3771 1564 3850 attrqeriut:
1586 3787 1667 3830 casu
1689 3772 1779 3832 etium
1801 3788 1895 3831 suero
1917 3771 2042 3833 abster-

662 3876 786 3950 parcet
813 3870 950 3944 abluere,
978 3869 1055 3948 ipsr'a
1084 3869 1175 3930 licere
1204 3867 1349 3950 adjungit.
1393 3867 1443 3929 An
1466 3869 1559 3948 igitur
1581 3869 1611 3928 in
1634 3868 1843 3931 communione
1865 3869 2040 3932 mulieribus

664 3967 870 4031 distribuenda
892 3985 964 4049 pars
988 3966 1086 4047 aliqua
1110 3967 1264 4029 ministerii
1285 3966 1441 4029 Diaconici
1465 3966 1522 4028 illis
1545 3967 1688 4030 attributa
1710 3965 1818 4045 luerit,
1850 3967 1953 4031 dicere
1980 3985 2042 4030 neu

663 4083 841 4147 possumus:
865 4066 921 4130 sed
943 4065 1015 4129 nibil
1037 4066 1133 4129 simile
1156 4065 1351 4128 observatum
1373 4085 1390 4127 a
1413 4065 1500 4128 nobis
1522 4065 1581 4128 buc
1604 4083 1700 4146 usque
1722 4065 1791 4144 luit,
1823 4068 1852 4128 in
1883 4066 2042 4147 disciplina

663 4165 821 4228 Ecclesiae
842 4165 1085 4241 Alexandrinae,
1113 4166 1144 4227 in
1175 4183 1235 4246 qua
1257 4165 1501 4227 Diacooissarum
1530 4166 1582 4227 uix
1612 4165 1673 4227 ulla
1695 4165 1839 4228 memoria
1871 4173 1932 4228 est:
1964 4183 2042 4245 quae

665 4266 754 4327 etiarn
778 4266 856 4326 inter
879 4265 972 4346 Syros
996 4272 1026 4326 et
1050 4262 1185 4327 Graecos
1207 4266 1291 4345 ipsos
1315 4265 1424 4327 dudum
1447 4264 1607 4327 obliterata
1629 4272 1685 4326 est.
1714 4263 1747 4326 ln
1771 4266 1838 4346 ipso
1862 4267 1951 4326 etiam
1973 4263 2042 4326 lio·

664 4379 842 4439 mecanone,
864 4365 915 4426 ubi
938 4363 1180 4445 frequentissime
1202 4363 1376 4427 referuntur
1401 4365 1526 4427 ioannis
1550 4363 1718 4426 Telalensis
1742 4364 1929 4442 testimonia,
1959 4362 2042 4425 uulla

663 4461 749 4524 istius
772 4462 1017 4527 Diacooissarum
1041 4464 1198 4526 ministerii
1220 4466 1331 4526 mentio
1355 4473 1411 4529 est.
1450 4463 1510 4526 Sed
1532 4464 1608 4526 baec
1631 4463 1781 4544 quaestio,
1804 4465 1830 4525 si
1844 4463 1926 4525 Deus
1950 4464 2041 4525 vitam

664 4563 869 4638 concesserit,
900 4561 971 4626 alibi
997 4562 1094 4626 fusius
1118 4563 1336 4645 epreabitur,
1365 4565 1394 4626 in
1419 4565 1640 4628 Commentario
1663 4563 1701 4626 de
1723 4563 1820 4626 sacris
1843 4560 2040 4626 Orientalium

663 4657 918 4724 Ordinationibus.

748 4755 841 4819 llulta
865 4755 1087 4824 Commentario
1110 4779 1166 4826 sue
1190 4761 1317 4824 inseruit
1331 4760 1495 4844 Dionysius
1508 4761 1665 4840 Barsalibi,
1689 4777 1767 4843 quae
1789 4779 1857 4822 cum
1879 4759 1916 4821 ad
1935 4759 2040 4822 'lbeo-

661 4855 746 4934 riam,
770 4855 836 4918 sive
851 4855 1101 4937 significationem
1115 4862 1271 4941 mysticam
1294 4870 1443 4941 spectent,
1468 4862 1637 4924 omisimus:
1660 4879 1697 4923 ea
1720 4861 1798 4922 enim
1822 4860 1942 4922 aliunde
1966 4861 2039 4922 satis

660 4961 732 5016 uota
756 4961 815 5034 est,
847 4957 936 5035 eique
959 4975 1020 5019 non
1044 4958 1185 5022 absimilis
1209 4977 1296 5040 quam
1319 4959 1386 5023 lose
1409 4960 1552 5040 exposuit
1573 4960 1604 5021 in
1622 4977 1679 5022 sua
1702 4959 1847 5038 Thouria,
1872 4959 2038 5022 Germanus

661 5052 1013 5137 Constantinopolitanae
1043 5056 1228 5124 Patriarcba.
1272 5059 1352 5124 Satis
1380 5060 1479 5120 visum
1506 5066 1554 5121 est
1585 5075 1623 5121 ea
1651 5058 1835 5122 observasse
1869 5075 1947 5138 quae
1976 5065 2038 5120 tum
