4814 6060
653 573 761 658 ,512
1192 572 1551 650 LITURGIA

685 762 807 852 ejiciet,
836 771 935 856 atque
961 758 1088 852 Angeli
1114 757 1317 834 festinabunt
1333 758 1376 831 od
1394 758 1581 854 separanda
1599 761 1707 832 tritica
1721 782 1742 830 a
1758 762 1911 833 zizaniis:
1931 760 2064 855 quaudo

684 876 839 968 gehenna
873 876 1020 969 ardebit,
1058 875 1120 948 sed
1151 897 1220 947 non
1254 875 1452 947 illuminata:
1486 877 1678 970 vermisque
1711 875 1934 970 poenitudinis
1967 867 2082 948 rodet¹

685 992 914 1080 acerbissime,
943 1001 977 1064 et
1003 991 1132 1085 absque
1158 991 1239 1063 fine:
1266 1000 1302 1060 ut
1327 993 1360 1062 in
1387 989 1442 1062 illa
1469 989 1575 1080 bora,
1612 994 1645 1061 in
1673 1012 1738 1085 qua
1771 990 1880 1062 nullus
1908 995 1972 1063 erit
1996 997 2067 1066 mi-

685 1108 890 1182 sericordiae
916 1107 1025 1194 locus,
1052 1108 1197 1180 Domine
1224 1107 1323 1203 plene
1349 1105 1590 1194 misericordia,
1619 1105 1805 1198 benigniias
1833 1115 1889 1178 tua
1915 1130 1984 1180 non
1999 1107 2067 1178 de-

684 1223 774 1296 ficiat
801 1246 884 1315 erga
910 1223 1070 1320 populum
1097 1234 1187 1294 tuum
1216 1233 1249 1294 et
1275 1245 1362 1296 oves
1388 1243 1537 1317 pascuae
1564 1231 1654 1309 tuae,
1679 1244 1790 1317 neque
1816 1223 1850 1292 in
1864 1227 1914 1294 ira
1928 1233 2066 1296 avertas

683 1339 805 1411 faciem
832 1349 924 1411 tuam
950 1363 971 1411 a
998 1337 1106 1410 nobis.
1153 1337 1206 1409 Ne
1232 1341 1391 1432 projicias
1417 1359 1481 1409 uos
1510 1341 1600 1409 omni
1626 1360 1688 1433 spe
1714 1337 1903 1426 destitutos,
1929 1349 2068 1435 propter

686 1457 877 1550 iniquitates
913 1464 1063 1528 nostrus:
1095 1477 1162 1527 non
1196 1453 1415 1549 praevaleam
1450 1464 1571 1545 stagna
1607 1463 1825 1548 peccatorum
1860 1463 2064 1542 nostrorum,

686 1573 770 1643 mari
805 1593 929 1660 magno
963 1569 1216 1644 misericordiae
1250 1580 1345 1642 tuae:
1378 1591 1421 1640 ne
1457 1590 1632 1661 gemamus
1666 1571 1698 1639 in
1726 1570 1906 1665 supplicio,
1940 1581 1974 1642 et
1998 1593 2067 1642 nou

687 1690 730 1760 sit
762 1690 818 1781 qni
850 1689 1067 1773 misereatur,
1095 1709 1138 1756 ne
1174 1683 1355 1757 defleamus
1390 1707 1522 1771 amare,
1555 1695 1589 1756 et
1614 1707 1682 1757 non
1711 1687 1753 1758 sit
1780 1687 1836 1779 qui
1863 1683 2065 1757 consoletur.

686 1801 765 1874 Non
789 1803 935 1894 ligentur
961 1804 1072 1892 ignitis
1099 1800 1239 1872 vinculis
1266 1799 1401 1891 linguae
1433 1799 1636 1872 laudantium
1669 1809 1718 1873 te:
1752 1823 1862 1895 neque
1897 1799 2067 1872 tradantur

687 1921 801 1994 saevis
838 1916 1057 2004 cruciatibus,
1093 1920 1148 2011 qui
1181 1916 1393 2011 passionibus
1426 1917 1490 1987 tuis
1523 1914 1645 1988 salvati
1672 1926 1762 2006 sunt;
1797 1938 1865 1989 non
1891 1921 2066 2012 priventur

688 2033 814 2105 auxilio
842 2033 1041 2104 clementiae
1068 2041 1156 2123 tuae,
1184 2035 1239 2126 qui
1266 2035 1379 2103 vocati
1407 2042 1483 2102 sunt
1515 2054 1534 2102 a
1567 2041 1600 2103 ts
1635 2032 1678 2104 ad
1711 2035 1843 2127 nuptias
1876 2042 1960 2104 tuas.
2013 2031 2066 2104 Ne

687 2148 831 2220 devoret
863 2151 951 2241 ignis
987 2169 1049 2220 eos
1082 2151 1138 2242 qui
1170 2146 1387 2220 comedenmt
1422 2168 1545 2241 corpus
1581 2157 1671 2219 tuum
1704 2157 1869 2220 sanctum:
1903 2149 1974 2220 sitis
2000 2168 2067 2218 non

686 2268 859 2336 excruciet
886 2285 947 2336 eos
975 2266 1030 2358 qui
1056 2262 1211 2335 biberunt
1239 2265 1434 2354 sanguinem
1462 2273 1553 2334 tuum
1579 2266 1778 2358 pretiosum:
1806 2285 1870 2334 nec
1897 2256 2065 2334 llamma³

688 2389 804 2473 tangat
830 2402 977 2476 corpora
1003 2382 1134 2471 signata
1163 2376 1350 2452 Obrismate
1376 2387 1433 2450 tuo
1464 2378 1658 2450 venerando
1692 2389 1726 2450 et
1760 2389 1887 2451 sancto.
1940 2377 2066 2451 Ratio-

686 2517 764 2566 nem
790 2494 879 2568 habe
904 2495 1080 2568 nobiscum
1106 2496 1263 2585 Domine,
1291 2493 1380 2589 qnod
1413 2493 1561 2589 colaphis
1589 2496 1691 2582 caesi,
1720 2496 1877 2567 contemti
1913 2505 1947 2565 et
1980 2482 2091 2589 pcr-‘

688 2613 894 2684 secutionem
921 2612 1015 2705 passi
1041 2630 1155 2681 sumus
1190 2634 1209 2681 a
1236 2611 1369 2707 populis
1397 2609 1514 2683 alienis
1548 2620 1686 2706 propter
1712 2632 1834 2683 nomen
1861 2621 1952 2681 tunm
1979 2631 2066 2683 san-

688 2734 786 2797 ctum.
839 2724 893 2796 Ne
924 2727 938 2762 ⁴
965 2723 1116 2818 abneges
1148 2746 1211 2799 nos
1248 2729 1303 2821 qui
1337 2747 1406 2800 nou
1439 2723 1682 2817 abnegavimus
1708 2735 1760 2798 te:
1802 2725 1964 2797 confitere
1998 2745 2065 2796 nos

687 2844 722 2912 iu
749 2840 803 2913 die
825 2839 941 2934 judicii
968 2842 1031 2929 tui,
1060 2843 1136 2935 quia
1170 2840 1317 2915 confessi
1352 2862 1466 2916 sumus
1500 2853 1547 2913 te:
1579 2865 1622 2914 ne
1658 2843 1782 2939 pudeat
1815 2851 1848 2913 te
1879 2841 1921 2912 de
1955 2839 2067 2930 nobis,

690 2979 776 3052 quos
803 2977 870 3028 non
897 2956 1012 3052 puduit
1038 2959 1273 3032 exinanitionis
1300 2969 1389 3046 tuae,
1417 2981 1460 3030 ue
1487 2957 1685 3032 confusione
1711 2959 1835 3032 afficias
1862 2979 1926 3030 uos
1953 2979 2066 3028 coram

688 3071 775 3146 solio
803 3081 869 3144 tuo.
923 3071 1066 3167 Propter
1097 3072 1182 3145 hoec
1216 3084 1317 3167 atque
1350 3073 1469 3146 similia
1504 3073 1661 3148 Ecclesia
1691 3085 1767 3164 tua,
1800 3084 1834 3146 et
1866 3095 1956 3166 grex
1990 3083 2065 3146 tuus

663 3187 892 3284 ,poenitendo
920 3188 1143 3284 deprecentur
1177 3199 1210 3260 te
1236 3188 1400 3279 Domine,
1428 3200 1461 3262 et
1493 3213 1556 3286 per
1589 3203 1622 3264 te
1659 3201 1757 3285 atque
1790 3203 1899 3264 tecum
1932 3193 2065 3264 Patrem

689 3313 779 3376 tuum
806 3304 958 3376 dicendo.

794 3413 956 3512 Populus.
1008 3419 1183 3492 Miserere.

792 3534 977 3607 Sacerdos.
1030 3535 1104 3610 Nos
1132 3558 1274 3631 quoque.

793 3652 983 3724 Diaconos.
1038 3652 1146 3738 Quam
1173 3651 1316 3726 timenda
1344 3663 1396 3725 est
1421 3654 1507 3727 haec
1533 3651 1626 3726 horo.

803 3925 979 3998 Sacerdos
1010 3927 1195 4000 inclinatus
1222 3927 1307 3998 dicit
1340 3925 1352 3966 ⁵
1378 3927 1635 3999 lanceationem
1661 3927 1814 4022 Spiritus
1839 3933 1961 4000 coacti.

794 4115 960 4188 Miserere
992 4120 1058 4188 mei
1089 4114 1202 4206 Deus,
1235 4126 1269 4187 et
1302 4121 1393 4189 mitte
1424 4121 1565 4210 gratiam
1599 4115 1742 4213 Spiritus
1770 4120 1822 4191 sui
1848 4119 1974 4206 sancti,
2010 4117 2065 4210 qui

690 4233 749 4305 tibi
776 4230 1067 4305 consubstantialis
1095 4243 1148 4306 est
1174 4245 1207 4306 et
1234 4242 1447 4322 coaeternus,
1475 4237 1531 4328 qui
1557 4255 1619 4329 per
1633 4217 1818 4330 Prophetas
1843 4232 1974 4306 locutus
1992 4215 2065 4322 est,
2136 4240 2143 4246 '

691 4358 725 4418 et
750 4348 925 4442 Apostobs
954 4351 1150 4444 sapientiam
1178 4349 1301 4438 tribuit,
1328 4359 1562 4445 martyresque
1589 4353 1782 4424 coronavit:
1818 4351 1871 4444 qui
1898 4351 1931 4418 in
1958 4351 2066 4419 sinum

690 4485 806 4557 purum
838 4465 989 4558 Virginis
1023 4476 1161 4538 sanctae
1194 4464 1384 4553 descendit,
1421 4474 1455 4537 et
1486 4487 1609 4561 corpus
1644 4465 1803 4538 formavit
1836 4462 1951 4536 Verbo
1993 4472 2066 4554 tuo,

692 4583 764 4671 ejus
791 4584 895 4668 socio,
924 4582 1140 4678 aequalisque
1173 4603 1287 4654 secum
1318 4592 1457 4653 naturae
1489 4593 1523 4655 ct
1554 4583 1700 4656 virtutis:
1733 4591 1770 4652 ut
1800 4583 1873 4675 ipse
1905 4577 1962 4652 illc
1998 4579 2067 4651 de·-

691 4695 828 4766 sceodat
854 4699 955 4767 etiam
980 4720 1068 4770 nunc
1088 4719 1189 4794 super
1215 4696 1300 4770 haec
1334 4699 1513 4795 mysteria,
1547 4697 1699 4795 perficiat
1733 4707 1768 4770 ct
1799 4696 1982 4772 sanctificet
2008 4717 2067 4770 ca:

691 4830 811 4902 meque
838 4811 997 4886 infirmum
1024 4816 1203 4910 carnisque
1230 4824 1264 4886 et
1291 4816 1425 4910 spiritus
1453 4812 1608 4888 sordibus
1633 4813 1845 4903 maculatum,
1871 4811 2006 4886 mundet
2033 4822 2070 4884 et

691 4923 852 5019 purificet.

796 5041 958 5136 Populus.
1009 5044 1116 5143 Kyrie
1143 5045 1281 5119 eleison.
1334 5043 1440 5140 llyrie
1466 5043 1606 5120 eleison.
1657 5043 1764 5141 Kyrie
1792 5042 1929 5134 eleison.
