4804 6026
378 2944 408 2996 Ρ.
428 2944 471 2997 dd.

378 3165 467 3218 Vestes
487 3175 585 3218 sacrae.

670 609 721 683 54
1046 609 1665 687 ousttttttttotttts

667 785 794 879 μεγάλῃ
817 779 959 875 algida:
983 793 1021 856 de
1044 812 1103 875 qua
1126 793 1262 857 inlerius.
1285 792 1333 855 nt
1357 792 1436 855 bunc
1459 795 1552 875 igitur
1572 793 1707 856 ordinem
1730 794 1796 856 sive
1820 786 2047 874 tractaretur,

669 893 780 957 reterri
803 893 916 957 debent
938 894 1092 956 orationes
1115 901 1147 956 et
1176 893 1403 970 caeremoniae,
1432 910 1510 972 quae
1540 911 1608 954 cum
1636 893 1762 956 eaedem
1791 894 1866 972 sint,
1896 895 2047 956 excoria

670 994 883 1075 dispositione,
903 1010 991 1072 quarn
1014 992 1125 1054 babent
1147 994 1176 1054 in
1199 992 1273 1056 blss.
1297 991 1532 1072 exemplaribus,
1555 991 1711 1056 varietatis
1727 989 1796 1073 plus
1819 1011 1908 1073 quam
1923 1011 2046 1054 revera

669 1094 725 1171 sit„
741 1090 883 1154 videntur
904 1090 1079 1170 praeferre:
1103 1109 1170 1154 curn
1193 1091 1418 1154 accuratissime
1448 1091 1610 1174 loquendo,
1634 1089 1715 1154 nulla
1741 1093 1790 1154 sit.
1835 1091 1911 1152 llam
1933 1092 2047 1156 Sacer-

669 1191 771 1254 dotem
800 1193 926 1271 primam
960 1189 1122 1252 illationem
1157 1190 1305 1253 donorum
1343 1207 1498 1254 sacrorum
1525 1189 1645 1266 lacere,
1678 1198 1839 1272 antequam
1866 1192 2047 1254 vestimenta

669 1289 775 1352 Ordini
797 1308 853 1352 suo
878 1290 1087 1354 conuenientia
1111 1289 1252 1368 induerit,
1277 1309 1381 1353 verum
1411 1309 1471 1352 non
1495 1298 1557 1352 est:
1588 1309 1655 1351 cum
1680 1308 1719 1352 ne
1741 1289 1771 1351 id
1795 1290 1845 1352 liat
1867 1289 1960 1352 ranis
1983 1289 2047 1352 Ca-

669 1389 808 1467 nonibus,
833 1396 864 1450 et
887 1388 1158 1452 Constitutionibus
1188 1388 1428 1450 Patriarcbarum
1451 1387 1743 1466 Alexandrinorum,
1774 1396 1805 1450 et
1834 1388 2047 1452 Antiocheno-

667 1505 734 1548 rum
757 1487 963 1569 prohibeatur.
1009 1487 1041 1550 lu
1064 1488 1151 1550 altari
1174 1489 1242 1569 ipso
1265 1486 1409 1550 collocari
1438 1505 1547 1568 panem
1575 1495 1607 1548 el
1631 1486 1773 1563 calicem,
1808 1495 1966 1568 autequam
1996 1487 2047 1550 bat

668 1585 786 1648 illorum
810 1576 948 1660 Εἳςοδος
973 1588 1039 1649 sive
1063 1589 1169 1662 illatio,
1195 1587 1259 1649 beri
1282 1587 1379 1666 potuit
1401 1587 1431 1648 in
1455 1585 1654 1667 pauperrimis
1676 1585 1838 1648 Ecclesiis:
1861 1586 1917 1648 sed
1940 1593 2046 1648 contra

668 1703 793 1762 morem,
822 1703 889 1746 curn
922 1686 953 1747 in
980 1687 1117 1765 prothesi
1140 1687 1206 1748 sive
1241 1685 1397 1748 credentia
1426 1683 1492 1747 lieri
1519 1683 1643 1748 soleret.
1694 1683 1732 1746 Et
1759 1702 1833 1746 sane
1864 1703 1967 1746 mensa
1995 1683 2046 1745 illa

668 1777 871 1869 Προθέσεως
899 1786 965 1847 sive
984 1787 1219 1864 propositionis,
1249 1785 1410 1847 constituta
1443 1802 1565 1864 semper
1597 1783 1650 1846 luit
1679 1785 1707 1846 in
1738 1785 1928 1859 sanctuario,
1960 1783 2045 1864 cujus

669 1884 808 1964 ambitus,
832 1894 863 1946 ut
885 1903 956 1947 mox
979 1881 1171 1963 dicebamus,
1201 1884 1303 1946 altaris
1326 1883 1446 1946 nomine
1476 1883 1638 1964 aliquando
1665 1883 1853 1964 significatus
1883 1882 1956 1958 lixit,
1986 1899 2046 1962 quo

668 1985 784 2046 ratione
815 1982 972 2045 dilllcultas
1001 1984 1097 2045 omnis
1124 1985 1295 2048 evanescit.
1357 1981 1448 2043 Usum
1484 1990 1584 2045 autem
1611 1977 1813 2068 Προθέσεως
1840 1980 1919 2062 apud
1950 1980 2045 2062 Syros

669 2081 774 2160 luisse,
798 2091 882 2144 certo
906 2081 1019 2144 indicio
1044 2083 1257 2162 cognoscimus
1288 2100 1327 2143 ex
1356 2082 1474 2162 pictura
1497 2081 1608 2162 triplici
1637 2097 1724 2160 mam
1755 2079 1938 2144 Pontificalis
1968 2078 2045 2141 liber

668 2181 824 2244 blediceus
847 2180 947 2243 habet.
993 2180 1026 2241 ln
1056 2179 1114 2241 illis
1144 2181 1256 2261 quippe
1279 2180 1418 2243 Pontilex
1441 2179 1576 2263 pingitur
1598 2187 1681 2241 stans
1706 2198 1807 2242 coram
1830 2180 1933 2258 altari,
1964 2177 2045 2260 quod

667 2279 741 2342 illud
763 2280 862 2361 ipsum
886 2277 956 2342 esse'
978 2281 1008 2367 ip
1033 2297 1092 2360 quo
1116 2279 1293 2342 sacrilicium
1322 2278 1511 2358 celebretur,
1541 2279 1710 2362 significant
1734 2277 1836 2340 discus
1860 2285 1891 2340 et
1913 2278 1993 2340 calix
2014 2279 2046 2339 iu

668 2399 706 2442 eo
729 2377 879 2444 collocati.
903 2377 927 2440 E
951 2379 1077 2460 regione
1102 2378 1182 2440 aliud
1205 2378 1355 2460 pingitur;
1378 2376 1459 2460 quod
1475 2377 1634 2442 Protbesin
1658 2396 1728 2440 esse
1750 2378 1880 2442 dubitari
1901 2396 1963 2441 non
1984 2395 2044 2458 po-

661 2485 739 2554 lest,
764 2496 831 2539 curn
855 2476 980 2540 duorum
1004 2476 1139 2540 altarium
1163 2479 1287 2559 proprie
1310 2477 1457 2540 dictorum
1488 2479 1518 2540 in
1540 2479 1724 2556 sanctuario,
1749 2479 1908 2562 uestigium
1931 2477 2045 2541 nullum

669 2579 699 2639 in
721 2576 806 2638 libris
829 2575 1032 2640 Orientalibus
1055 2575 1308 2657 deprehendatur.

1018 2923 1195 2994 Sacerdos
1220 2923 1331 2994 induit
1356 2926 1557 2995 uestimento
1580 2945 1696 2994 sacrm

767 3141 858 3220 Fruar
887 3154 917 3216 id
940 3154 1024 3216 initio
1048 3153 1134 3218 officii
1157 3154 1303 3217 diximus:
1326 3174 1404 3236 quae
1427 3163 1525 3224 autem
1549 3156 1587 3219 de
1610 3156 1746 3218 restibus
1768 3159 1865 3219 sacris
1888 3157 1946 3219 dici
1969 3176 2045 3238 pos-

668 3266 748 3338 sunt,
770 3259 877 3339 partim
897 3257 958 3338 jam
983 3259 1177 3337 exposuimus
1201 3259 1231 3320 in
1254 3257 1475 3321 Commentario
1505 3258 1543 3320 ad
1565 3259 1729 3343 liturgiam
1751 3259 1854 3322 basilii
1878 3258 2043 3342 Copticam‚

667 3376 744 3438 quae
767 3364 910 3437 repetere
934 3355 1045 3418 frustra
1069 3357 1159 3420 soret.
1205 3355 1251 3418 Ex
1275 3356 1334 3419 illis
1357 3366 1455 3420 autem
1478 3358 1579 3421 lucem
1602 3359 1772 3440 accipiunt,
1803 3375 1881 3439 quae
1913 3358 1952 3421 de
1982 3359 2045 3442 Sy-

666 3475 769 3518 rorum
791 3456 887 3520 sacris
911 3457 1095 3518 omameutis
1119 3463 1189 3518 sunt
1212 3455 1412 3518 observanda.
1463 3457 1578 3519 Eadem
1606 3458 1684 3520 enim
1714 3476 1829 3539 prope,
1859 3466 1890 3520 et
1919 3458 2043 3522 Graecis

669 3575 756 3637 quam
787 3554 933 3618 simillima
963 3564 1050 3634 sunt,
1083 3554 1311 3633 benedictione,
1335 3561 1368 3616 ut
1396 3555 1454 3617 alia
1483 3574 1561 3636 quae
1592 3556 1630 3619 ad
1657 3556 1853 3619 ministerium
1882 3558 2047 3637 pertinent,

668 3663 903 3729 consecrantur;
926 3655 1037 3716 necin
1060 3653 1205 3735 prolanos
1228 3671 1301 3716 usus
1325 3663 1551 3720 convertuntur.
1958 3651 1965 3670 ⁶

756 3753 883 3815 Calceos
904 3752 1043 3834 quidem,
1071 3752 1122 3814 rel
1145 3760 1178 3814 ut
1207 3753 1238 3813 iu
1260 3752 1484 3816 Pontificattbus
1513 3743 1625 3817 nostris
1655 3753 1821 3829 sandalio,
1851 3755 1948 3835 ptimo
1978 3753 2047 3818 loco

568 3907 573 3914 .
666 3860 810 3914 recenset
833 3850 940 3914 Codex
962 3849 1167 3928 colbertinus,
1192 3868 1318 3932 quorum
1341 3853 1391 3914 alii
1414 3871 1475 3915 non
1497 3854 1707 3933 meminerunt,
1732 3870 1770 3914 ne
1794 3852 1913 3933 quidem
1932 3853 1969 3915 ad
1992 3871 2047 3915 or-

666 3956 769 4012 natum
799 3948 1023 4031 Episcopalem.
1076 3948 1188 4012 Eorum
1222 3957 1322 4013 tamen
1358 3953 1529 4016 meminisse
1559 3952 1680 4015 videtur
1713 3953 1845 4017 Severus
1875 3953 2046 4034 Episcopus

668 4048 870 4128 Ascbmouin,
900 4048 1055 4129 Opusculo
1086 4047 1125 4110 de
1153 4048 1243 4132 Agno
1270 4049 1420 4113 Pascbali:
1451 4051 1506 4114 sed
1536 4052 1665 4115 tortasse
1693 4053 1821 4133 mystice
1850 4051 2046 4136 intelligenda

668 4154 736 4212 sunt
760 4149 825 4229 ejus
847 4146 951 4209 verbu.

757 4235 928 4308 choiruor.
973 4247 1072 4310 Prima
1093 4249 1188 4310 vestis
1217 4247 1551 4317 esturnellorum
1578 4257 1610 4312 ut
1639 4247 1708 4332 Syri
1736 4257 1861 4329 vocant,
1893 4267 1971 4331 quae
2000 4259 2047 4314 cst

669 4345 855 4408 Graecorum
884 4331 1054 4409 Χιτώνιον.
1105 4346 1226 4410 Arabes
1254 4365 1331 4410 voce
1361 4355 1505 4429 corrupta
1529 4355 1614 4417 ttttttt
1640 4349 1734 4410 lbnio
1761 4357 1881 4412 vocant.
1928 4349 2045 4412 Talaris

670 4453 727 4523 est,
751 4442 831 4524 apud
854 4441 989 4507 Graecos
1012 4444 1149 4524 candida,
1172 4455 1204 4508 ut
1227 4446 1306 4528 apud
1329 4445 1500 4510 Orientales
1523 4448 1617 4529 vulgo
1641 4448 1728 4511 solet.
1772 4447 1885 4510 Tamen
1908 4447 2045 4531 picturae

380 4549 448 4606 con.
470 4550 512 4602 art
530 4549 576 4600 tu.
594 4543 763 4607 baarudes
784 4543 815 4604 iu
840 4540 953 4604 Codice
976 4543 1032 4608 ttts.
1055 4545 1242 4626 Florentino,
1260 4546 1412 4609 Diaconos
1436 4554 1465 4610 et
1480 4547 1662 4612 Sacerdotes
1686 4566 1752 4610 cum
1775 4549 1884 4611 tunicis
1906 4547 1964 4610 illis
1988 4565 2046 4609 co-

343 4653 369 4704 p·
390 4635 450 4688 100.

380 4955 505 5012 orarium.

670 4643 775 4705 loratis
798 4649 1038 4721 repraesentant.
1085 4643 1197 4708 Contra
1227 4653 1325 4709 tamen
1347 4645 1552 4724 Ebnassalus,
1581 4657 1611 4710 et
1639 4645 1798 4724 canones,
1829 4664 1905 4727 quos
1935 4653 2046 4710 vocant

668 4741 854 4823 Imperiotes.
878 4738 991 4802 Eadem
1013 4744 1108 4806 vestis
1130 4732 1295 4810 Xmm'mor
1317 4763 1438 4828 quoque
1462 4745 1633 4828 appellatur
1658 4745 1695 4809 ab
1717 4745 1870 4808 Arabibus
1895 4744 2045 4810 Christia-

668 4843 726 4920 nis,
748 4857 825 4902 voce
849 4834 976 4903 Graeca.

755 4938 896 5019 Sequitur
925 4935 1085 5019 orariam,
1115 4961 1203 5022 quam
1237 4961 1343 5005 vocem
1374 4942 1443 5025 Syri
1471 4961 1555 5006 suam
1584 4943 1723 5007 lecerunt
1747 4953 1868 5021 renutu,
1905 4943 2043 5008 Ouroro:
2117 4953 2123 4964 ·

667 5035 835 5120 respondet
858 5036 955 5101 stolae
977 5037 1149 5104 Latinorum
1173 5051 1203 5105 et
1227 5041 1411 5106 Gmecorum
1432 5030 1585 5130 Ὠραρίῳι
1609 5044 1830 5126 Aegyptiorum
1847 5030 2043 5130 Ἐπιτραχη-
