4782 6068
588 617 635 692 IN
664 613 920 694 LITURCth
954 614 1370 694 dustonlldolttttt
1593 617 1669 691 609

296 799 435 883 illapsum
449 799 546 862 sancti
561 799 691 881 Spiritus
705 802 736 865 in
759 800 836 863 dona
858 800 1026 882 proposita,
1050 818 1170 864 causam
1193 801 1309 865 scilicet
1331 801 1498 884 principem
1521 800 1668 880 miraculi,

297 917 358 982 quo
382 900 477 981 majus
500 899 598 962 animo
621 899 741 982 concipi
763 915 823 962 non
846 906 957 980 potest,
981 897 1150 982 designant,
1174 899 1306 982 illudque
1329 902 1394 965 lieri
1415 920 1477 964 non
1498 903 1528 963 in
1551 900 1669 982 fideles,

295 1007 330 1062 ut
351 1000 409 1080 ipsi
432 1017 487 1080 per
509 997 598 1061 fidem
621 999 770 1062 elementa
793 999 978 1080 accipientes
1001 1001 1166 1082 suscipiant
1184 1019 1296 1082 corpus
1312 1010 1342 1066 et
1357 1001 1536 1084 sanguinem
1547 998 1669 1081 Christi,

296 1096 412 1162 dicunt:
435 1098 489 1162 scd
513 1098 544 1160 in
565 1116 673 1179 panern
696 1105 727 1161 ct
748 1099 860 1175 vinum,
887 1099 986 1179 posita
1008 1116 1102 1181 super
1123 1118 1257 1163 mensam
1280 1098 1520 1176 sacerdotalem,
1543 1118 1600 1162 seu
1622 1099 1671 1164 al-

295 1205 376 1274 tare;
407 1200 438 1260 in
466 1197 563 1279 ipsum
593 1197 706 1277 altare,
738 1215 798 1280 quo
822 1206 959 1279 tempore
988 1198 1118 1260 nondum
1147 1198 1304 1262 distributa
1335 1207 1396 1279 est,
1427 1205 1458 1261 ct
1486 1206 1670 1288 susceptae

296 1296 584 1361 communicantibus
595 1296 794 1378 Eucharistia,
818 1298 939 1360 adeout
952 1296 989 1360 iis
1011 1296 1085 1360 solis
1107 1299 1210 1362 verbis
1234 1299 1413 1362 excludatur
1425 1314 1551 1380 prorsus
1564 1316 1671 1361 corum

297 1395 411 1479 opinio,
434 1396 484 1477 qni
508 1396 580 1462 licet
603 1395 770 1459 realitatem
793 1396 951 1478 quamdam
973 1396 1136 1473 admittant,
1160 1417 1226 1461 cam
1241 1407 1354 1480 negant
1367 1397 1536 1462 consistere
1553 1397 1669 1479 absque

296 1513 354 1558 usu
376 1491 571 1559 Sacramenti.
616 1493 720 1577 ltaque
748 1495 861 1578 Angeli
889 1495 948 1559 illis
977 1497 1008 1558 in
1037 1497 1223 1561 orationibus
1258 1497 1397 1560 dicuntur
1419 1496 1515 1559 altare
1537 1497 1671 1559 circum-

296 1602 378 1657 stare
409 1612 477 1656 cum
505 1594 612 1657 timore
642 1602 672 1656 et
702 1601 851 1672 tremore,
883 1603 914 1657 et
940 1596 1079 1676 aspicere
1108 1594 1303 1661 Sacerdotem
1338 1577 1526 1680 frangentem
1558 1613 1670 1678 corpus

298 1693 424 1757 Christi:
449 1711 527 1774 quac
548 1694 644 1756 verba
665 1692 750 1756 nihili
772 1694 882 1771 forent,
905 1696 931 1758 si
953 1693 1004 1776 qui
1026 1695 1076 1758 illa
1096 1695 1127 1758 in
1140 1695 1286 1759 Ecclesiis
1304 1695 1439 1759 canenda
1455 1696 1671 1776 praescripse-

296 1799 377 1871 runt,
401 1793 610 1869 credidissent,
633 1792 706 1855 nihil
727 1802 789 1855 turn
810 1793 904 1858 luisse
927 1794 958 1856 in
979 1812 1082 1857 mensa
1097 1793 1313 1874 Eucharistiae,
1337 1803 1461 1878 praeter
1481 1794 1562 1857 nuda
1583 1795 1671 1876 panis

297 1893 415 1954 etvini
438 1891 604 1972 elementa,
636 1910 713 1974 quae
741 1911 797 1975 per
824 1892 913 1956 fidem
939 1901 1081 1975 suscepta
1103 1892 1283 1958 exhiberent
1305 1913 1418 1976 corpus
1441 1902 1472 1958 et
1493 1895 1671 1976 sanguinem

298 1990 417 2054 Christi.
463 1989 538 2052 Cum
561 1991 651 2054 etiam
673 1993 702 2054 in
724 1991 830 2056 iisdem
853 1991 1046 2056 Orationibus
1070 1993 1180 2056 dicunt.
1207 1992 1318 2056 Omnes
1336 1995 1442 2074 fideles
1463 2013 1531 2056 cam
1553 1995 1672 2056 taetitia

296 2091 436 2170 spiritua,
458 2091 556 2152 canite
578 2098 609 2152 et
630 2091 827 2170 confiteamur
847 2091 961 2172 caepae
982 2093 1091 2173 dabie,
1121 2093 1226 2156 cidere
1246 2112 1304 2156 aas
1325 2111 1417 2172 suaper
1439 2093 1533 2154 altari
1553 2099 1671 2170 coacto,

295 2187 413 2270 Aenum
422 2187 483 2250 Dei
498 2191 550 2269 qui
568 2191 701 2270 quotidie
723 2209 795 2252 ecce
817 2193 1011 2271 aamificatur
1031 2193 1304 2271 sumammtaliter,
1328 2200 1358 2254 et
1377 2193 1456 2255 civit
1475 2193 1507 2253 ira
1529 2191 1671 2254 saecula:

296 2289 455 2368 unicuiqae
477 2287 634 2365 dividitor,
657 2297 688 2352 et
706 2309 768 2352 non
782 2291 884 2370 deficit
896 2293 1154 2366 acclamantur,
1177 2291 1266 2354 tidem
1289 2309 1373 2355 suam
1394 2292 1671 2372 perspectissimum

296 2387 419 2466 iaciunt,
442 2405 510 2449 cum
531 2389 645 2452 similes
667 2392 832 2454 sententias
844 2388 1037 2470 Reformatio,
1060 2392 1150 2454 etiam
1166 2407 1183 2451 a
1200 2391 1446 2454 sacramentariis
1460 2388 1670 2464 remotissima,

297 2487 568 2569 terrenonpossit.
603 2489 661 2562 Qui
684 2489 763 2552 enim
785 2492 826 2552 ita
849 2489 1022 2571 loquuntur,
1045 2489 1225 2572 significant,
1247 2489 1278 2552 id
1301 2489 1383 2570 quod
1404 2489 1509 2552 vident
1531 2489 1561 2550 in
1584 2487 1671 2549 altari

297 2587 437 2668 positum,
461 2605 531 2650 esse
553 2605 665 2670 corpus
689 2587 811 2667 Christi,
835 2589 936 2652 rivum
957 2589 1085 2668 scilicet,
1108 2587 1227 2670 quando
1250 2587 1324 2651 illud
1340 2596 1452 2652 vocant
1466 2587 1583 2667 Aquom
1594 2585 1672 2648 Dei.-

297 2695 467 2769 agnoscunt
497 2686 693 2766 sacrificium,
727 2689 808 2768 quod
838 2689 909 2751 dura
938 2689 1203 2753 sacramentaliter
1228 2689 1294 2752 sive
1320 2688 1447 2770 mystice
1475 2685 1541 2748 heri
1570 2684 1673 2747 dicunt

300 2794 470 2867 agnoscunt
492 2785 671 2849 sacrificium
693 2787 882 2851 incruentum
902 2789 987 2870 cujus
1010 2787 1251 2869 frequentissima
1275 2789 1387 2852 mentio
1410 2786 1508 2850 estin
1530 2784 1673 2865 precibus

295 2884 472 2968 Liturgicis‚
503 2884 632 2962 Latinis,
662 2885 787 2948 Graecis
817 2893 848 2948 et
869 2886 935 2949 aliis
958 2887 1173 2968 cujuscumque
1197 2887 1330 2970 linguae.
1374 2886 1474 2950 Dividi
1496 2900 1617 2965 quoque
1639 2885 1671 2946 in

296 2991 399 3065 partas
422 3002 533 3065 corpus
557 2983 683 3063 Christi,
712 2992 743 3047 et
764 2983 903 3048 fidelibus
926 2984 1073 3061 distribui,
1096 2987 1136 3048 ita
1159 2992 1313 3066 utaequa
1337 2985 1468 3062 deliciet,
1490 3001 1590 3063 noque
1611 2984 1671 3046 rni-

296 3091 418 3161 nuatur,
450 3084 488 3146 ad
518 3082 665 3147 elementa
693 3084 780 3164 panis
809 3085 929 3146 etvini
956 3083 1066 3147 referri
1095 3102 1156 3148 non
1184 3093 1302 3166 potest,
1331 3103 1398 3148 curn
1419 3082 1469 3145 illa
1491 3082 1671 3162 minuantur,

295 3181 488 3245 absumantur
510 3190 541 3245 et
563 3182 714 3246 deficiant:
738 3183 831 3266 igitur
853 3181 891 3244 ad
913 3183 1010 3263 ipsum
1033 3202 1146 3266 corpus
1159 3184 1270 3246 Christi
1292 3182 1455 3247 referenda
1478 3189 1562 3243 sunt:
1586 3189 1670 3245 tauto

295 3283 392 3364 magis
416 3281 497 3363 quod
520 3281 590 3344 alibi
613 3283 686 3345 satis
710 3300 795 3345 suam
817 3282 875 3362 ipsi
896 3281 986 3344 srdem
1009 3283 1175 3364 explicent:
1199 3302 1266 3346 cum
1288 3283 1370 3346 Elias
1393 3281 1510 3345 illorum
1533 3279 1672 3344 Catholi-

296 3399 350 3444 cus
373 3380 432 3444 hoc
454 3382 575 3444 nomine
598 3383 721 3461 tertius,
744 3383 774 3445 in
795 3381 995 3463 Expositionc
1016 3382 1102 3462 fidei,
1125 3402 1213 3464 quam
1236 3383 1373 3465 scripsit,
1396 3399 1463 3444 cum
1487 3387 1570 3442 esset
1592 3379 1671 3442 llic-

294 3477 526 3561 rosolymitanus
547 3479 757 3562 Metropolita,
788 3488 893 3561 aperte
915 3487 1042 3544 testatus
1065 3480 1155 3544 luerit
1176 3484 1289 3545 mutar-i
1310 3481 1509 3545 substantiam
1528 3481 1673 3559 puniret

294 3579 373 3652 cini,
402 3579 434 3639 in
461 3577 660 3641 adstantium
689 3582 830 3661 corporae
850 3587 881 3642 ct
901 3582 1059 3661 aaapaims
1081 3581 1211 3660 Chr-icti,
1240 3591 1273 3645 ut
1301 3601 1342 3644 ex
1370 3581 1466 3662 ipsius
1496 3579 1669 3644 testimonio

295 3683 424 3752 constat,
447 3675 528 3756 quod
551 3677 620 3740 alibi
643 3679 810 3742 retulimus.
849 3679 937 3752 Quod
960 3681 986 3742 si
1009 3699 1216 3762 quaecumque
1238 3681 1297 3745 illis
1320 3681 1506 3744 orationibus
1530 3679 1669 3742 contine-

294 3783 354 3855 tur,
378 3774 512 3837 oratoric
535 3777 746 3858 potiusquam
769 3777 954 3862 Theologicc
984 3780 1080 3859 dicta,
1113 3780 1248 3844 nonnulli
1279 3780 1477 3858 contendant,
1511 3778 1670 3842 fatebimur

295 3891 357 3937 non
378 3873 476 3936 omnia
498 3875 596 3956 rigide
619 3883 649 3938 et
671 3877 709 3939 ad
730 3877 847 3940 literam
870 3879 1080 3964 intelligenda,
1111 3889 1144 3944 ut
1173 3882 1224 3944 illa
1246 3881 1393 3962 Spin-iham
1415 3889 1553 3943 concham
1574 3878 1668 3941 habi-

295 3982 361 4036 tore
382 3975 415 4036 in
432 3992 516 4054 pane
538 3983 567 4036 et
589 3979 779 4040 commisceri
799 3979 831 4039 a‘n
854 3979 958 4040 colice.
1004 3980 1065 4044 Sed
1086 3979 1192 4044 saltem
1214 3979 1367 4044 latendum
1389 3987 1447 4058 est,
1469 3979 1546 4042 haec
1569 3987 1601 4042 et
1622 3978 1669 4042 si-

295 4073 373 4135 milia
395 4073 488 4136 scribi
510 4091 570 4138 non
592 4092 686 4158 posse
709 4078 746 4139 ab
770 4078 806 4140 iis
830 4078 881 4158 qui
902 4097 1008 4142 veram
1030 4087 1060 4141 et
1082 4081 1310 4144 substantialem
1325 4080 1542 4143 elementorum
1565 4087 1669 4142 trans-

295 4173 489 4236 mutationem
511 4189 572 4236 non
595 4174 773 4238 crederent:
796 4185 858 4239 tum
874 4178 1001 4260 simplici
1014 4197 1119 4258 sensu,
1134 4180 1307 4264 significare
1320 4180 1526 4261 operationem
1538 4177 1668 4242 divinam

295 4269 326 4331 in
349 4270 427 4333 dona
449 4273 622 4355 proposita,
653 4277 850 4359 perinsigne
874 4284 905 4339 ct
926 4279 1007 4342 omni
1031 4278 1157 4343 humana
1178 4282 1296 4344 ratione
1318 4281 1460 4361 superius
1482 4279 1668 4357 miraculum,

296 4387 359 4432 non
368 4389 425 4451 per
439 4375 718 4438 communicantium
729 4375 828 4454 tidem,
851 4395 939 4458 quam
960 4386 994 4440 ut
1008 4380 1214 4442 necessariam
1227 4381 1397 4461 requirunt,
1420 4378 1457 4440 ad
1472 4376 1668 4459 percipienda

297 4468 678 4552 cumlructuSacramonta,
689 4492 748 4539 non
760 4495 835 4538 vero
852 4476 888 4538 ad
898 4477 1083 4541 elllciendum
1093 4487 1125 4541 ut
1135 4479 1499 4542 bantcommunicantibus
1515 4495 1627 4558 corpus
1638 4482 1669 4538 ct

296 4569 422 4649 sangnis
433 4568 554 4643 Christi,
578 4572 608 4633 in
631 4592 708 4653 quae
731 4583 926 4639 transmutata
950 4595 1020 4640 esse
1042 4579 1129 4659 panis
1153 4586 1183 4643 et
1198 4579 1258 4642 vini
1272 4578 1430 4657 clementa,
1449 4578 1511 4660 jam
1531 4577 1668 4654 credunt,

297 4667 409 4748 alioqui
431 4667 544 4731 similes
567 4674 720 4736 orationes
743 4682 812 4738 ante
835 4677 1072 4739 communionem
1094 4696 1157 4741 non
1185 4687 1375 4760 usurparent.
1421 4677 1482 4743 Sed
1510 4678 1569 4740 alio
1598 4676 1667 4738 loco

296 4765 393 4829 lusius
416 4768 574 4848 probatum
598 4779 660 4851 est,
689 4773 886 4837 Nestorianos
913 4794 974 4839 non
997 4778 1094 4840 minus
1118 4797 1205 4860 quam
1228 4777 1361 4860 reliquos
1384 4775 1554 4840 Orientales
1578 4775 1669 4839 Chri-

296 4866 409 4928 stianos
438 4867 477 4930 de
506 4870 636 4930 meritare
665 4873 804 4952 corporis
832 4883 863 4936 ct
891 4877 1048 4958 sanguinis
1071 4876 1184 4941 Christi
1205 4879 1235 4940 in
1258 4877 1461 4956 Eucharistia,
1485 4876 1564 4940 idem
1587 4873 1668 4957 quod

296 4965 429 5029 Romana
452 4973 534 5030 tenet
555 4967 709 5051 Ecclesia,
733 4972 877 5037 credere:
900 4975 1039 5058 illamque
1064 4993 1253 5041 communem
1275 4996 1344 5041 esse
1366 4975 1495 5040 omnium
1519 4972 1668 5036 Christia-
