4782 6068
622 589 720 662 '582
919 651 923 660 .
1150 585 1507 662 LITURGIA

644 777 762 848 tiaram
789 784 997 862 nostrarum,
1025 772 1085 846 scd
1110 767 1172 870 p'er
1197 774 1339 866 gratiam
1366 781 1455 869 tuam
1480 771 1738 845 inenarrabilem
1764 769 1933 847 sanctifica
1948 795 2012 846 sa-

646 891 802 965 crificium
838 890 940 979 istud,
975 900 1010 962 et
1044 890 1086 962 da
1120 911 1183 987 per
1217 889 1298 961 illud
1328 887 1581 986 possibilitatem
1615 899 1649 962 et
1680 891 1862 974 virtutem,
1900 890 1946 960 ita
1977 897 2013 960 ut

645 1007 855 1083 obliviscaris
881 1016 1021 1103 peccatu
1047 1015 1163 1079 nostra
1189 1005 1303 1097 multa,
1330 1008 1444 1101 sisque
1469 1007 1640 1102 propitius,
1667 1026 1741 1076 cum
1768 1002 2013 1076 manifestabe-

643 1127 690 1196 ris
717 1126 749 1192 in
776 1125 842 1198 line
869 1134 1071 1220 tempomm,
1097 1126 1131 1194 in
1157 1121 1291 1196 homine
1318 1144 1415 1218 quem
1442 1145 1462 1194 a
1489 1119 1586 1194 nohis
1614 1122 1821 1206 assumsisti,
1854 1123 2013 1192 invenia-

643 1261 783 1334 musque
810 1262 925 1313 coram
951 1250 985 1311 te
1011 1242 1152 1332 gratiam
1180 1249 1213 1311 et
1239 1237 1516 1329 miscricordiam,
1546 1237 1704 1331 dignique
1731 1237 1909 1309 efficiemur
1933 1235 2013 1308 lau-

644 1355 741 1427 dandi
767 1366 801 1428 te
826 1379 902 1430 cum
928 1355 1079 1428 coetibus
1106 1353 1391 1428 intellectualibus.

928 1629 1049 1724 Serpit
1075 1637 1110 1702 et
1135 1633 1221 1702 dicit
1245 1631 1335 1702 bono
1363 1631 1560 1702 Orationem
1585 1637 1732 1703 secreto.

749 1820 954 1895 Conlitemur
979 1821 1122 1893 Domine
1149 1831 1183 1892 et
1208 1822 1300 1894 Deus
1335 1831 1451 1893 noster
1483 1819 1615 1893 divitias
1649 1818 1855 1892 abundantes
1886 1822 2015 1914 gratiae

645 1949 721 2010 tuae
755 1958 838 2030 erga
869 1958 952 2010 nos:
987 1939 1036 2009 Et
1066 1942 1295 2032 prosequitur.
1356 1935 1422 2022 Qui
1459 1959 1532 2008 cum
1570 1945 1767 2033 peccatores
1803 1946 1838 2007 ct
1873 1933 2014 2009 humiles

645 2037 815 2142 essemus,
841 2062 978 2149 propter
1004 2053 1240 2127 multitudinem
1268 2054 1465 2124 clementiae
1491 2061 1568 2124 tuae
1595 2054 1702 2125 iecisti
1722 2074 1785 2126 nos
1806 2051 1927 2145 dignos
1948 2053 2015 2126 ad-

644 2168 849 2241 ministrandi
874 2173 1035 2264 mysteria
1063 2179 1179 2242 sancta
1206 2172 1358 2266 eorporis
1385 2179 1419 2240 et
1445 2171 1617 2262 sanguinis
1638 2167 1760 2242 Christi
1778 2171 1834 2240 tui.
1867 2169 2037 2262 Petimus¹

645 2283 803 2356 auxilium
829 2307 849 2355 a
876 2293 921 2372 te,
948 2285 990 2358 ad
1018 2276 1121 2358 robur
1148 2288 1330 2358 animarum
1355 2293 1558 2374 nostrarum,
1583 2295 1619 2358 ut
1643 2288 1678 2357 in
1699 2288 1838 2357 caritate
1853 2284 2015 2382 perlecta,

645 2410 679 2471 et
703 2403 737 2473 in
763 2400 828 2472 lide
853 2424 936 2473 vera
964 2402 1227 2475 administremus
1255 2401 1376 2475 donum
1403 2411 1491 2473 tuum
1519 2424 1602 2495 erga
1628 2424 1704 2477 nos.
1738 2401 1867 2474 Conon.
1893 2401 1937 2474 m
1951 2423 2014 2474 re-

561 2521 567 2530 '
644 2516 790 2588 feremus
818 2517 875 2589 tihi
902 2516 1048 2607 laudem,
1075 2516 1235 2610 gloriam,
1263 2517 1509 2591 confessionem
1536 2528 1570 2590 et
1596 2519 1842 2610 adorationem,
1868 2539 1955 2590 nunc
1982 2527 2017 2589 et

645 2653 797 2729 semper,
825 2644 858 2705 et
884 2637 917 2704 in
945 2633 1081 2707 saecula
1108 2634 1326 2707 saeculomm.

746 2748 872 2842 Sipoot
897 2771 935 2820 re
960 2753 1057 2842 cippo
1085 2753 1199 2822 crucia
1225 2756 1260 2821 et
1284 2749 1504 2845 respondent.
1557 2749 1677 2824 Amen.

747 2866 796 2936 Et
818 2869 1048 2960 prosequitur.
1100 2866 1177 2939 Pax
1202 2864 1387 2940 vobiscum.

748 2983 978 3076 Respondent.
1032 2983 1156 3056 'lecum
1184 2993 1318 3056 etcum
1345 2985 1461 3080 spiritu
1488 2994 1554 3056 tuo.

747 3097 795 3169 Et
821 3098 905 3170 daut
927 3122 1049 3193 pacem
1070 3099 1139 3171 eibi
1164 3102 1307 3170 invicem
1333 3107 1368 3171 et
1384 3100 1509 3172 dicunt.
1535 3101 1602 3174 Pro
1621 3099 1772 3173 omnihus
1793 3093 2015 3172 ⁹Catholicis.

746 3213 927 3288 Diaconos
953 3216 1046 3287 dicit.
1100 3213 1344 3306 Conhteamur,
1370 3235 1550 3310 rogemus,
1584 3229 1618 3290 et
1651 3218 1880 3314 deprecemur.

821 3493 827 3504 “
928 3489 1104 3564 Sacerdos
1130 3493 1215 3562 dicit
1240 3491 1331 3602 bouc
1359 3491 1557 3566 Orationem
1582 3499 1727 3566 secreto.

749 3679 893 3751 Domine
919 3681 1013 3753 Deus
1039 3689 1160 3777 potens
1188 3681 1311 3775 adjuva
1337 3679 1592 3756 imbecillitatem
1620 3705 1745 3771 meam,
1776 3705 1840 3780 per
1866 3681 2022 3756 clemen-

644 3799 724 3867 tiam
751 3805 859 3885 tuam,
887 3804 920 3867 et
945 3818 1008 3893 per
1034 3796 1229 3891 adjutorium
1257 3802 1389 3890 gratiae
1415 3810 1511 3871 tuae:
1538 3821 1657 3895 meque
1684 3798 1820 3894 dignum
1846 3797 1902 3871 lac
1928 3801 2021 3872 olle-

645 3911 740 3984 rendi
756 3934 870 3984 coram
886 3923 919 3983 te
933 3910 1135 3987 oblationem
1153 3913 1250 4003 hanc,
1267 3926 1421 4018 tanquam
1439 3915 1481 3987 ad
1500 3939 1674 3989 commune
1691 3919 1835 3989 omnium
1849 3915 2023 4010 auxilium,

646 4038 679 4100 et
706 4028 750 4101 ad
773 4027 905 4100 laudem
931 4028 1099 4128 Trinitatis
1126 4039 1203 4102 tuae
1229 4022 1347 4122 Pater,
1368 4032 1431 4104 Fili
1458 4043 1492 4104 et
1517 4031 1659 4129 Spiritus
1687 4043 1811 4106 sancte.

791 4303 878 4374 Alio
905 4304 1026 4376 Οναίίο
1054 4330 1142 4401 quac
1168 4308 1295 4379 dicitur
1321 4312 1425 4379 etium
1450 4312 1486 4379 iu
1513 4308 1673 4405 Liturpio
1699 4309 1870 4382 Nestorii.

749 4492 892 4564 Domine
919 4503 953 4565 et
978 4494 1071 4568 Deus
1098 4505 1213 4569 noster
1240 4519 1364 4570 coerce
1391 4500 1609 4590 cogitationes
1636 4520 1741 4588 meas,
1769 4510 1805 4570 ut
1830 4521 1897 4572 non
1924 4522 2018 4572 eva-

644 4615 765 4697 gentur
795 4612 828 4679 in
861 4609 1061 4683 vanitatibus
1095 4613 1208 4684 mundi
1242 4613 1347 4707 hujus.
1409 4616 1552 4687 Domine
1584 4615 1677 4687 Deus
1712 4626 1829 4688 noster
1863 4614 1906 4688 da
1939 4615 2018 4687 mihi

646 4732 681 4792 ut
706 4726 802 4796 uniar
828 4724 995 4800 dilectioni
1022 4730 1169 4802 caritatis
1196 4740 1291 4822 tuae,
1318 4730 1649 4826 quamvisindignus
1683 4734 1755 4804 sim.
1810 4731 1926 4806 Gloria
1957 4729 2016 4806 tibi

648 4835 790 4912 Christe.

751 4956 908 5030 Ascende
933 4962 967 5029 in
993 4957 1166 5032 thalamum
1203 4960 1332 5035 luminis
1364 4963 1530 5059 praeclari
1562 4966 1607 5036 tui
1632 4964 1790 5038 Domine:
1822 4966 1950 5036 semina
1982 4965 2020 5036 in

647 5093 702 5143 me
729 5095 844 5145 semen
869 5071 993 5148 honum
1020 5074 1220 5151 humilitahs:
1255 5089 1289 5150 ct
1315 5079 1376 5153 sub
1406 5081 1466 5154 alis
1493 5083 1623 5174 gratiae
1650 5092 1726 5154 tuae
1752 5079 1923 5154 absconde
1949 5103 2019 5173 me,
