4730 6038
691 682 851 760 SEVERI
879 681 1174 760 llllllOGHlllil.
1538 684 1611 758 321

253 869 405 943 acoebs
432 868 475 944 ad
500 890 575 960 nos,
600 880 637 942 ut
662 891 725 943 nos
751 872 784 940 in
810 879 900 944 terra
925 871 1055 968 positos
1081 869 1115 942 in
1142 869 1282 944 sublime
1309 871 1351 943 ad
1378 878 1411 942 te
1426 870 1614 960 extolleret,

250 983 372 1059 inclina
406 989 581 1058 etiamnum
608 984 710 1058 corda
745 997 878 1078 nostra,
913 985 955 1059 ad
989 985 1208 1059 obediendum
1242 987 1404 1059 mandatis
1437 990 1519 1075 tuis,
1548 989 1615 1062 dc-

251 1108 385 1174 struens
421 1099 622 1174 altitudinem
662 1101 874 1174 tenebrosam
911 1125 997 1198 quae
1036 1101 1204 1175 extollitur
1248 1106 1282 1175 in
1318 1103 1416 1177 nobis
1449 1101 1615 1176 adversas

252 1219 423 1289 scientiam
458 1219 523 1308 tui,
556 1227 589 1289 et
616 1220 790 1312 captivans
824 1238 939 1290 omnes
979 1220 1201 1310 cogitationes
1240 1230 1393 1308 nostras,
1435 1220 1615 1293 secundum

249 1331 391 1405 formam
417 1330 647 1404 humiliationis
674 1330 749 1403 Filii
774 1335 832 1423 tui,
859 1336 913 1428 qni
946 1331 1062 1406 lubens
1098 1333 1226 1408 humilis
1258 1333 1365 1407 iactus
1401 1343 1453 1408 cst
1477 1345 1616 1432 propter

249 1471 325 1538 noe,
351 1471 412 1545 per
437 1447 678 1544 beneplacitum
705 1457 794 1521 tuum
820 1447 912 1520 Deus
937 1451 1049 1540 Pater,
1082 1458 1116 1522 et
1142 1474 1215 1523 cum
1250 1473 1316 1546 quo
1349 1461 1382 1522 te
1409 1451 1506 1523 decet
1531 1451 1615 1546 glo-

249 1569 311 1654 ria,
339 1575 401 1638 etc.

353 1681 513 1774 Populus.
566 1682 685 1754 Amen.

352 1796 535 1869 Sacerdos.
587 1798 680 1869 Deus
715 1797 952 1892 mysteriorum
983 1793 1215 1886 ineffabilium,
1258 1805 1292 1868 et
1326 1797 1614 1889 inaccessibilium,

140 2006 149 2018 .
248 1935 354 2010 penes
382 1931 479 2008 quem
505 1923 580 1986 sunt
605 1911 751 1986 thesauri
777 1908 962 1984 absconditi
988 1913 1148 1985 scientiae
1174 1923 1208 1985 et
1234 1914 1438 2009 sapientiae,
1465 1918 1520 2010 qni
1545 1919 1613 1988 mi-

249 2032 420 2102 nisterium
452 2028 546 2102 officii
572 2031 667 2101 istius
700 2027 797 2101 nobis
825 2025 999 2118 revelasti,
1026 2049 1101 2098 eum
1139 2027 1244 2100 adhuc
1278 2029 1420 2104 infantes
1451 2052 1612 2122 essemus,

250 2155 378 2218 utnon
404 2143 542 2241 amplius
569 2155 722 2240 tanquam
757 2143 961 2217 Sacerdotes
991 2142 1139 2234 ludaici,
1166 2168 1267 2240 super
1301 2154 1418 2241 pectus
1449 2144 1614 2220 ferremus

248 2261 418 2358 pectorale
443 2262 659 2336 revelationis
686 2270 720 2333 et
744 2262 893 2333 veritatis
916 2258 1048 2353 J‘udicii,
1080 2263 1114 2332 in
1144 2273 1262 2334 sancta
1296 2260 1493 2335 Sanctomm
1526 2285 1613 2359 pro-

249 2381 439 2475 spicientes,
467 2377 526 2450 sed
553 2380 726 2451 sanctitate
753 2376 855 2448 induti
869 2373 1012 2448 verbum
1035 2386 1069 2448 et
1091 2398 1230 2469 germen
1256 2401 1302 2450 ex
1329 2380 1401 2449 sinu
1426 2387 1496 2469 tuo,
1516 2380 1613 2453 Pon-

249 2494 369 2567 tificem
394 2515 570 2586 magnum;
597 2494 744 2586 dignare,
771 2501 807 2564 ut
834 2491 1097 2588 quandoquidem
1132 2495 1244 2587 ignem
1278 2493 1420 2567 alienum
1451 2516 1519 2568 non
1544 2493 1612 2565 ba-

249 2603 380 2698 b‘emus,
407 2608 604 2681 accedamus
631 2609 674 2682 ad
705 2619 753 2681 te:
788 2608 848 2681 sed
880 2631 942 2703 per
972 2607 1129 2704 Spiritum
1160 2621 1249 2682 tuum
1282 2619 1430 2684 sanctum
1465 2609 1612 2683 liberans

248 2748 323 2814 nos,
350 2724 509 2797 combure
536 2748 665 2799 omnem
693 2731 894 2797 vetustatem
925 2734 1074 2798 nostram
1108 2726 1295 2817 sordidam,
1331 2737 1364 2800 ct
1395 2725 1436 2797 ad
1471 2747 1612 2820 gregem

248 2851 338 2913 tuum
364 2839 560 2913 rationalem
587 2839 755 2913 sanctifica
782 2849 816 2912 et
841 2862 1007 2936 praepara
1038 2862 1115 2933 nos,
1150 2851 1186 2913 ut
1220 2853 1317 2914 extra
1355 2865 1490 2914 carnem
1522 2840 1612 2933 iacti,

248 2967 284 3029 ct
313 2979 444 3029 omnem
478 2958 714 3051 cogitationem
746 2955 993 3053 corruptibilem
1027 2980 1048 3029 a
1079 2957 1177 3030 nobis
1204 2956 1423 3054 depellentes,
1457 2968 1557 3054 atque
1590 2982 1612 3030 e

247 3081 337 3144 terra
365 3075 399 3144 in
425 3073 557 3146 coelum
580 3064 833 3169 pervenientes,
861 3081 969 3144 tecum
996 3076 1098 3146 simus
1112 3084 1223 3147 mente
1240 3077 1435 3170 purissima,
1468 3076 1610 3149 oPater

159 3179 170 3200 ⁸
247 3187 414 3278 Luminis,
448 3198 482 3260 et
511 3193 677 3285 possimus
711 3188 802 3282 digni
832 3187 903 3260 lieri
940 3186 1005 3261 boc
1040 3189 1203 3263 sacrificio
1231 3189 1320 3285 quod
1347 3191 1405 3264 tibi
1431 3190 1610 3282 offerimus,

249 3303 290 3376 ad
318 3305 599 3378 continuationem
626 3305 848 3394 offerentium,
876 3313 910 3376 ct
935 3303 977 3374 ad
1003 3307 1135 3376 veniam
1168 3315 1201 3378 et
1226 3307 1468 3379 recreationem
1494 3329 1611 3380 eorum

247 3424 303 3516 qui
330 3419 407 3492 olim
434 3419 660 3507 decesserunt,
686 3421 821 3492 Patrum
848 3430 881 3507 et
907 3419 1058 3492 Fratrum
1085 3431 1295 3512 nostrorum,
1319 3445 1381 3520 per
1407 3426 1547 3516 grabam
1576 3433 1613 3496 ct

247 3535 509 3609 misericordiam
535 3539 694 3629 unigeniti
719 3534 794 3607 Filii
819 3537 875 3624 tui,
903 3539 979 3632 quia
1005 3547 1040 3610 te
1066 3536 1163 3610 dccet
1187 3538 1307 3632 gloria,
1334 3549 1397 3612 otc.

351 3651 538 3724 Diaconos.
590 3652 722 3726 Stemus
749 3651 916 3725 decenter.

351 3768 534 3840 Sacerdos.
586 3771 671 3841 Pax.
901 3751 902 3756 ἵ
948 3833 951 3838 .

351 3884 511 3978 Populus.
563 3882 707 3956 Etcum
733 3884 856 3979 Spiritu
882 3895 948 3956 tuo.

351 4000 534 4075 Sacerdos.
586 4002 726 4075 Sursum
752 4001 864 4073 corda.

349 4116 511 4211 Populos.
562 4118 732 4192 Habemus
760 4115 802 4190 ad
828 4116 1013 4191 Dominum.

341 4232 533 4308 Sacerdos.
587 4234 719 4308 Gratias
747 4255 886 4328 agamus
912 4233 999 4307 Deo.

349 4347 509 4441 Populus.
562 4350 706 4442 Dignum
733 4360 767 4422 et
788 4353 912 4442 justum
938 4361 1000 4423 est.

238 4476 245 4490 ·
350 4462 525 4538 Sacerdos
549 4465 740 4538 inclinatus.
793 4465 901 4552 Quam
929 4467 1164 4559 cogitationem
1189 4462 1312 4538 babere
1337 4486 1525 4561 possumus,
1552 4477 1608 4538 aut

247 4601 345 4676 quam
367 4583 435 4652 vim
452 4583 615 4655 sermonis
634 4582 771 4678 adipisci
789 4581 832 4655 ad
844 4581 1116 4675 glorificationem
1135 4603 1222 4677 quae
1233 4581 1290 4654 tibi
1301 4581 1440 4654 debetur
1448 4582 1606 4655 referen-

247 4696 336 4786 dam,
356 4694 434 4768 Rex
447 4719 566 4790 regum
580 4707 616 4770 et
630 4697 722 4771 Deus
735 4700 894 4771 omnium:
926 4700 981 4794 qui
993 4701 1135 4771 virtutes
1150 4697 1316 4771 intellectu
1330 4697 1498 4794 praeditas
1517 4719 1607 4771 con-

247 4813 369 4906 didisti,
396 4823 429 4885 et
454 4823 639 4886 ereaturam
667 4813 856 4888 sensibilem
881 4812 1001 4902 fecisti,
1028 4814 1083 4909 qui
1109 4835 1154 4886 ex
1180 4812 1301 4887 visibili
1327 4824 1426 4910 atque
1450 4813 1607 4888 invisibili

244 4928 357 5004 fecisti
380 4929 559 5021 bominem,
584 4951 742 5026 capacem
769 4931 875 5003 omnis
901 4929 1136 5019 excellentiae,
1162 4939 1196 5002 et
1221 4927 1435 5004 similitudinis
1461 4929 1606 5021 divinae,

245 5057 282 5119 ut
307 5043 386 5118 nibil
411 5055 502 5119 esset
526 5045 657 5119 illorum
682 5067 769 5143 quae
795 5068 815 5117 a
842 5055 875 5118 te
899 5045 987 5119 facta
1014 5055 1105 5134 sunt,
1132 5043 1219 5140 quod
1253 5049 1383 5138 gratiae
1417 5055 1495 5119 tuae
1519 5068 1604 5144 par-

245 5165 352 5258 ticeps
377 5183 445 5234 non
475 5171 583 5251 essct,
614 5165 660 5235 ita
692 5173 729 5235 ut
762 5165 861 5235 etiam
893 5161 1025 5258 pulvis,
1051 5159 1328 5258 contemplatione
1360 5161 1490 5257 gloriae
1526 5171 1604 5234 triae
