4784 6040
730 514 808 591 402
1239 511 1600 591 utruuelh

835 699 999 794 Populos.
1052 697 1229 772 Miserere.

836 815 1021 888 Sacerdos.
1074 813 1148 886 Nos
1175 835 1319 910 quoque.

834 931 998 1024 Populos.
1051 927 1102 1000 'l'e
1127 929 1312 1001 laudamus.

835 1047 1026 1119 Diaconos.
1080 1043 1187 1131 Quam
1214 1043 1371 1118 terribilis
1398 1053 1450 1118 est
1475 1043 1561 1117 haee
1587 1043 1681 1119 hora.

868 1319 1046 1392 Sacerdos
1071 1319 1255 1391 inclinatos
1281 1319 1367 1389 dicit
1391 1318 1649 1392 invocationem
1674 1319 1828 1415 Spiritus
1853 1323 1976 1392 sancti.

836 1507 1000 1583 Miserere
1027 1510 1106 1595 mei,
1134 1508 1246 1597 Deus,
1272 1508 1373 1580 Pater
1399 1511 1626 1604 omnipotens;
1653 1520 1687 1582 et
1712 1511 1804 1582 mitte
1831 1529 1933 1604 super
1964 1528 2049 1598 nos,
2074 1519 2107 1582 et

733 1647 837 1721 super
864 1624 1053 1698 oblationes
1079 1626 1163 1698 istas
1190 1627 1398 1720 propositas,
1426 1624 1583 1719 Spiritum
1610 1634 1700 1698 tuum
1727 1636 1896 1714 sanctum,
1931 1625 2108 1696 Dominum

733 1751 768 1813 et
792 1741 1036 1832 vivificantem,
1063 1739 1214 1832 ejusdem
1242 1738 1351 1811 throni
1377 1749 1567 1812 consortem
1594 1749 1704 1812 tecum
1722 1742 1815 1813 Deus
1841 1740 1960 1830 Pater,
1987 1739 2106 1812 simul-

733 1877 797 1950 que
824 1866 1036 1949 regnantem:
1065 1857 1120 1949 qui
1147 1855 1224 1927 clim
1250 1854 1381 1927 locutus
1408 1863 1461 1928 est
1487 1878 1549 1952 per
1575 1877 1636 1930 eos
1664 1860 1719 1952 qui
1745 1856 1933 1928 dilexerunt
1967 1865 2017 1945 te,
2051 1855 2105 1927 di-

732 1975 848 2066 rigens
876 1992 939 2044 eos
966 1971 1009 2044 ad
1034 1973 1231 2044 veritatem:
1257 1973 1332 2067 ipse
1359 1971 1509 2044 similiter
1535 1976 1670 2065 veniat,
1697 1982 1730 2045 et
1756 1971 1940 2045 sanctificet
1958 1969 2106 2044 oblatio-

730 2109 792 2162 nes
820 2091 901 2160 istas
928 2091 1131 2184 propositas.

835 2203 987 2275 Eteonos
1017 2225 1144 2274 nocem.
1196 2201 1330 2275 Exaudi
1356 2225 1410 2275 me
1436 2203 1591 2275 Domine.

834 2318 996 2412 Populus.
1049 2317 1156 2414 llyrie
1183 2316 1324 2391 eleison.

833 2432 1020 2506 Sacerdos.
1076 2432 1122 2506 Ut
1158 2432 1298 2508 illabens
1338 2433 1442 2507 iaciat
1478 2456 1602 2531 panem
1642 2431 1774 2529 quidem
1815 2433 1929 2519 istum,
1973 2429 2104 2530 Corpus

732 2546 856 2620 Christi
881 2551 946 2622 Dei
973 2551 1089 2624 noshi.
1663 2595 1666 2602 ·

837 2665 1002 2759 Populus.
1054 2665 1176 2740 Amen.

834 2779 1020 2854 Sacerdos.
1072 2780 1119 2852 Et
1144 2782 1274 2854 mistum
1302 2781 1390 2877 quod
1418 2791 1470 2856 est
1495 2785 1530 2854 in
1554 2781 1620 2855 hoc
1647 2780 1765 2870 calice,
1793 2780 1893 2854 iaciat
1912 2783 2106 2874 sanguinem

734 2893 857 2971 Christi
882 2898 948 2970 Dei
974 2900 1090 2972 nostri.

835 3012 998 3106 Populea.
1051 3014 1174 3086 Amen.

834 3127 1020 3201 Sacerdos.
1072 3127 1181 3203 Nebis
1208 3137 1335 3216 autem,
1364 3137 1398 3200 et
1425 3126 1577 3202 omnihus
1604 3131 1660 3224 qui
1687 3149 1728 3199 ea
1741 3131 1951 3223 suscepturi,
1978 3127 2105 3222 illisque

730 3246 1002 3317 communicaturi
1029 3265 1158 3333 sumus,
1184 3243 1264 3316 liant
1290 3243 1333 3314 ad
1359 3247 1567 3317 sanctitatem
1595 3247 1727 3316 animae
1753 3247 1996 3340 puritatemque
2023 3265 2104 3316 cor-

728 3361 839 3455 peris:
866 3360 1112 3433 mundationem
1139 3363 1397 3452 cogitationum,
1424 3370 1459 3432 et
1484 3354 1746 3457 purificationem
1773 3361 1911 3447 mentis,
1940 3358 1982 3431 ad
1999 3381 2103 3455 prae-

730 3478 977 3566 servatienem,
1004 3487 1038 3549 et
1063 3476 1227 3549 cautelam
1255 3499 1275 3548 a
1302 3474 1391 3548 melo
1417 3478 1627 3571 pemiciosc;
1656 3476 1698 3547 ad
1716 3478 1969 3548 excusationem
1994 3493 2104 3548 coram

730 3600 780 3663 te:
808 3592 910 3664 etad
937 3592 1088 3665 standum
1122 3592 1164 3664 ad
1197 3593 1370 3664 dexteram
1402 3601 1512 3681 tuam;
1546 3595 1623 3686 quia
1658 3602 1693 3664 tu
1726 3591 1923 3664 benedictus
1957 3611 1996 3662 es
2029 3591 2104 3663 Do*

730 3708 835 3799 mine,
862 3730 937 3780 cunr
963 3711 1135 3801 unigenito
1162 3706 1249 3782 Filio
1276 3718 1351 3796 tuo,
1378 3717 1413 3780 et
1438 3706 1564 3803 Spiritu
1590 3718 1646 3780 tuo
1681 3716 1817 3796 sancto,
1844 3728 1950 3799 nunc,
1977 3717 2042 3778 etc.

834 3823 997 3917 Popoiue.
1049 3825 1179 3897 Amen..

832 3941 1009 4014 Sacerdos
1035 3941 1228 4014 inclinatus.
1274 3939 1406 4013 ldcirco
1434 3938 1602 4012 offerimus
1630 3937 1689 4011 tihi
1716 3938 1915 4012 sacrificium
1940 3937 2007 4011 hoc
2031 3938 2104 4032 spi-

731 4055 850 4128 rituale
876 4060 1102 4145 incruentum‚
1129 4079 1192 4153 pro
1218 4055 1373 4135 Ecclesia
1400 4065 1456 4128 trra
1483 4064 1600 4129 sancta
1627 4066 1661 4126 et
1688 4053 1901 4127 Orthodoxc:
1930 4075 1993 4150 pre
2020 4073 2105 4126 con-

731 4174 926 4245 servatione
951 4173 1128 4247 Pastercm
1155 4193 1327 4260 verorum,
1354 4174 1410 4266 qai
1436 4170 1596 4264 religiose
1623 4169 1817 4266 dispensant
1841 4169 1940 4244 nohis
1967 4166 2105 4243 verbum

731 4290 899 4361 veritahs:
932 4311 995 4385 pro
1031 4299 1119 4362 statu
1150 4291 1208 4385 pio
1243 4288 1384 4361 filiorum
1420 4289 1493 4380 ejus
1529 4298 1564 4360 et
1598 4289 1699 4360 totius
1727 4284 1819 4358 Cleri
1844 4285 2014 4379 religiosi:
2045 4303 2104 4380 pre

729 4425 817 4499 pace
842 4385 966 4493 mundi,
993 4415 1027 4477 et
1052 4403 1217 4478 bellorum
1243 4406 1450 4476 cessatione:
1476 4425 1539 4499 pro
1566 4401 1719 4495 Regibus
1745 4401 1908 4488 fidelihus,
1936 4411 2106 4474 eteorum

729 4523 786 4615 qui
812 4519 926 4594 hostili
952 4524 1063 4593 animo
1090 4531 1178 4610 sunt,
1204 4519 1453 4593 conciliatione:
1480 4540 1542 4614 pro
1569 4517 1632 4591 illis
1660 4521 1775 4612 quiin
1802 4515 1997 4589 carceribus
2022 4521 2105 4600 sunt,

728 4636 765 4705 in
791 4635 951 4709 custodiis
979 4648 1036 4710 aut
1060 4638 1095 4707 in
1123 4635 1244 4708 exilio:
1270 4657 1333 4731 pro
1355 4635 1495 4731 illisqui
1514 4637 1814 4708 invocantnomen
1836 4643 1927 4705 tuum
1947 4640 2106 4718 sanctum,

730 4760 764 4821 et
790 4750 949 4822 auxilinm
976 4774 997 4822 a
1023 4763 1058 4824 te
1084 4761 1276 4847 expectant.

833 4865 985 4937 Elaean:
1009 4888 1136 4938 nocero.
1190 4867 1244 4938 Da
1276 4875 1311 4938 et
1341 4865 1491 4939 concede
1524 4887 1586 4962 per
1613 4865 1847 4938 miserationes
1875 4873 1949 4937 tuas
1976 4860 2107 4946 multas,

728 4978 886 5072 Domine,
912 5003 1033 5078 pacem
1059 5002 1214 5054 securam
1225 4979 1403 5054 Ecclesiae
1429 4992 1507 5055 tuae
1533 4991 1672 5057 seuche
1689 4990 1723 5053 et
1740 4976 1979 5052 orthodoxae:
2002 4975 2107 5071 justi-⁶
