4712 6032
1060 932 1668 1110 tiburtin

923 1245 1809 1368 sruorrrorrrrr.

1081 1516 1232 1587 Primam
1259 1515 1380 1586 Oratio
1407 1523 1488 1588 ante
1513 1517 1650 1588 Pacem

759 1713 875 1816 Deus
901 1739 1002 1812 Pater
1029 1751 1156 1830 sancte,
1183 1743 1316 1833 genitor
1340 1742 1535 1836 propaginis
1561 1750 1737 1828 aeternae,
1763 1740 1906 1832 largitor
1930 1741 2048 1815 bono-

681 1878 754 1927 rum
781 1867 816 1928 et
842 1855 937 1927 dator
963 1855 1203 1949 tranquillitatis
1238 1866 1272 1927 et
1303 1859 1414 1951 pacis,
1447 1859 1502 1950 qni
1536 1854 1621 1927 ultra
1656 1877 1788 1929 omnem
1822 1857 2049 1953 comproben-

684 1975 813 2046 sionem
838 1973 996 2044 mentium
1022 1982 1056 2042 et
1081 1974 1261 2045 animamm
1287 1971 1507 2060 rationalium,
1534 1971 1728 2064 magnificus
1755 1991 1793 2042 es
1810 1973 1843 2041 in
1864 1973 1959 2046 donis
1986 1978 2050 2048 tuis

565 2127 568 2132 ,
685 2087 805 2159 divinis
833 2110 919 2181 quae
945 2085 1043 2158 nobis
1069 2087 1300 2182 peccatoribus
1325 2100 1360 2160 et
1385 2087 1478 2160 Filiis
1505 2091 1568 2158 tuis
1596 2091 1808 2172 concessisti,
1842 2111 1918 2160 curn
1942 2111 2050 2185 pree-

687 2205 796 2275 stitisti
828 2202 943 2290 nobis,
977 2210 1012 2273 ut
1045 2224 1086 2272 ea
1120 2202 1393 2296 quemadmodum
1425 2225 1567 2296 aequum
1599 2213 1652 2274 est
1685 2213 1720 2275 et
1748 2205 1872 2294 justum
1906 2203 2051 2275 admini-

689 2329 886 2392 straremus:
913 2326 1048 2412 praesta
1072 2317 1188 2406 nobis,
1220 2330 1256 2391 nt
1282 2341 1355 2390 oum
1382 2341 1509 2391 summa
1534 2323 1676 2414 puritate
1703 2331 1737 2392 et
1763 2320 1926 2405 castitate,
1953 2329 2051 2413 atque

686 2436 888 2505 immunitate
922 2431 964 2505 ab
1001 2437 1090 2504 omni
1122 2432 1220 2523 dolo,
1255 2433 1370 2506 demus
1400 2436 1544 2506 invicem
1570 2458 1703 2531 pacem,
1735 2457 1808 2508 cum
1841 2434 2050 2532 amplexibus

686 2549 828 2645 Spiritus
856 2552 978 2637 sancti,
1012 2558 1045 2620 et
1075 2552 1110 2621 in
1139 2547 1273 2623 vinculo
1309 2573 1415 2622 verae
1447 2554 1613 2641 caritatis,
1645 2561 1682 2623 ut
1712 2555 1745 2624 in
1778 2575 1843 2624 una
1870 2551 2050 2625 concordia

686 2663 845 2761 spirituali
871 2666 1110 2753 consistentes,
1143 2675 1177 2736 et
1202 2669 1446 2738 unanimitatem
1480 2666 1652 2763 pacificam
1685 2667 1927 2758 observantes,
1960 2668 2050 2761 digni
2155 2683 2159 2694 ’

686 2780 863 2852 efficiamur
889 2783 1048 2852 convivio
1075 2779 1175 2854 beato
1202 2793 1236 2854 et
1262 2781 1485 2855 sanctificante
1504 2787 1663 2876 unigeniti
1688 2784 1764 2858 Filii
1789 2787 1854 2858 tui:
1882 2809 1957 2857 cunr
1984 2809 2049 2882 quo

685 2906 719 2966 te
746 2896 842 2969 decet
867 2895 989 2988 gloria,
1013 2894 1131 2986 bonor,
1159 2908 1193 2969 et
1218 2908 1381 2994 potestus,
1408 2923 1481 2971 cum
1508 2899 1632 2996 Spiritu
1658 2910 1714 2974 tuo
1742 2905 1959 2975 sanctissimo.

788 3013 949 3105 Populus.
1000 3014 1120 3086 Amen.

789 3129 974 3202 Sacerdos.
1027 3129 1110 3202 Pax.

788 3246 950 3340 Populus.
1002 3246 1146 3317 Etcum
1173 3247 1288 3341 spiritu
1315 3254 1382 3317 tuo.

788 3363 975 3434 Diaconos.
1028 3365 1094 3434 Det
1119 3364 1343 3456 unusquisque
1368 3383 1496 3457 pacem.

792 3477 950 3571 Populus.
1004 3478 1138 3550 Omnes.

789 3592 975 3666 Diaconos.
1027 3593 1118 3667 Post

788 3707 950 3801 Populus.
1002 3708 1124 3782 Coram
1151 3719 1194 3783 tc.

788 3825 973 3897 Sacerdos.
1027 3826 1158 3917 Bonus,
1189 3825 1308 3898 beatus
1336 3835 1370 3896 et
1402 3823 1567 3898 demissor
1599 3823 1864 3899 benedictionum
1895 3849 1933 3900 es
1968 3849 2050 3921 erga

688 3961 747 4013 eos
774 3961 891 4012 omnes
927 3944 981 4035 qui
1007 3941 1144 4014 credunt
1176 3944 1209 4012 in
1236 3949 1280 4012 te.
1331 3940 1377 4012 Et
1409 3963 1495 4011 nunc
1528 3940 1672 4014 Domine
1704 3965 1748 4014 ne
1783 3946 1926 4039 aspicias
1962 3944 2049 4040 quod
2159 4007 2162 4018 .

686 4056 812 4149 indigni
839 4078 960 4145 sumus,
987 4080 1051 4129 nec
1078 4057 1121 4132 ob
1149 4056 1312 4130 delectum
1347 4056 1488 4128 liduciae
1522 4068 1670 4130 nostmm
1705 4079 1818 4131 coram
1833 4046 1901 4147 'te,
1936 4064 2050 4158 prives

687 4171 844 4267 populum
871 4182 959 4244 tuum
984 4174 1113 4246 fidelem
1139 4173 1293 4262 Domine,
1319 4177 1426 4264 gratia
1453 4183 1509 4245 tua
1535 4173 1660 4264 divina,
1687 4175 1748 4247 sed
1773 4175 1903 4270 placide
1930 4185 1964 4248 et
1982 4175 2049 4248 be-

687 4292 801 4380 nigne,
827 4290 917 4360 mitte
944 4287 1190 4362 benedictiones
1217 4299 1290 4361 tuos
1324 4311 1425 4384 super
1451 4295 1748 4383 congregationem
1780 4290 1865 4363 banc
1899 4291 2049 4364 adoran-

689 4406 768 4476 tium
798 4413 848 4476 te:
879 4405 979 4498 imple
1009 4428 1073 4478 nos
1100 4409 1208 4498 gratia
1244 4414 1277 4477 et
1307 4405 1428 4478 lumine
1462 4409 1621 4478 scientiae
1647 4418 1735 4496 tuae,
1763 4419 1797 4480 et
1823 4411 1957 4505 suscipe
1984 4410 2048 4481 de-

689 4523 901 4616 precationes
928 4525 1043 4614 gregis
1070 4525 1126 4611 tui,
1153 4526 1247 4595 utin
1273 4523 1681 4620 contemplationepura,
1714 4546 1788 4595 cum
1815 4527 1964 4619 primitiis
1990 4524 2049 4596 le-

688 4639 822 4711 racibus
848 4660 986 4735 operum
1002 4637 1177 4728 bonorum,
1202 4637 1323 4712 festum
1350 4660 1487 4731 agamus
1514 4641 1573 4713 tibi
1599 4641 1706 4728 simul,
1739 4650 1837 4735 teque
1864 4639 2049 4712 exaltemus

690 4763 723 4824 et
748 4757 948 4846 unigenitum
975 4754 1092 4827 Fidum
1118 4766 1208 4828 tuum
1235 4766 1268 4827 et
1293 4756 1450 4853 Spiritum
1476 4767 1566 4829 tuum
1592 4767 1751 4829 sanctum.

747 4957 752 4963 Ι
790 4869 952 4964 Populus.
1003 4872 1122 4944 Amen.

792 4985 967 5058 Sacerdos
992 4986 1130 5058 elevans
1154 5011 1279 5062 vocem.
1334 4989 1399 5075 Qui
1424 4991 1532 5086 possit
1563 4989 1679 5063 verbis
1712 4990 1884 5087 explicare
1916 4987 2049 5061 beneli·
