4728 6028
668 583 722 658 tlt
751 582 1039 732 mittetis
1072 580 1339 660 suurltit.
1630 581 1683 657 89

319 767 451 833 Severus
473 765 759 846 Ascbmoninensis,
787 766 886 829 Autor
906 765 1098 830 llomiliarum
1127 765 1166 829 de
1195 765 1315 830 Circulo
1345 766 1430 844 anni,
1462 772 1492 828 et
1521 765 1571 830 alii
1597 784 1684 830 com-

316 868 432 949 plures,
455 883 581 947 quorum
611 865 682 929 alibi
711 865 880 929 testimonia
902 864 1074 941 retulimuS,
1110 864 1148 928 de
1181 883 1308 948 quorum
1337 864 1521 948 theologica
1549 867 1684 947 mysterii

317 967 519 1050 expositione,
542 984 619 1047 quoe
642 964 751 1028 loanni
773 965 960 1028 Damascene
991 972 1133 1045 usurpata
1157 963 1223 1044 luit,
1246 966 1305 1028 erit
1327 963 1486 1046 aliquando
1517 963 1612 1028 lusius
1634 967 1684 1028 di-

318 1067 405 1130 cendi
427 1066 522 1130 locus.
557 1063 616 1128 Sed
639 1063 854 1146 significantius
877 1062 935 1125 dici
957 1062 1029 1125 nibil
1051 1081 1154 1144 posse,
1178 1065 1215 1128 ad
1237 1066 1395 1128 veritatem
1418 1065 1557 1144 corporis
1573 1063 1685 1128 Christi

318 1166 348 1228 in
374 1165 561 1228 Eucharistia
591 1163 762 1245 praesentis
792 1161 998 1225 stabiliendam
1034 1181 1150 1246 negare
1178 1182 1266 1226 nemo
1295 1165 1400 1245 possit.
1447 1162 1495 1225 lix
1523 1162 1575 1227 illa
1604 1166 1683 1228 enim

319 1265 544 1347 comparatione
580 1262 715 1344 sequitur
751 1262 926 1325 necessario
961 1260 1038 1324 dona
1067 1263 1240 1345 proposita,
1283 1281 1340 1344 per
1369 1261 1528 1324 adventum
1557 1261 1684 1342 Spiritus

318 1365 426 1443 sancti,
448 1363 513 1426 sive
538 1361 815 1424 consecrationem:
838 1367 897 1423 tam
920 1379 990 1423 esse
1007 1360 1255 1443 corpus‘Cbristi,
1278 1379 1366 1442 quam
1388 1359 1461 1422 illud
1484 1362 1580 1441 ipsum
1603 1360 1685 1441 quod

318 1463 458 1526 assumsit
480 1481 520 1525 ex
542 1461 635 1524 blaria
658 1460 799 1544 Virgine:
828 1459 1035 1522 formationem
1058 1459 1137 1522 illius
1158 1460 1190 1522 in
1212 1460 1309 1538 altari,
1333 1467 1364 1522 et
1386 1460 1466 1521 inter
1488 1458 1685 1524 Sacerdotum

302 1581 433 1638 manus,
456 1580 553 1644 aeque
574 1579 678 1622 veram
701 1577 782 1637 esse,
806 1577 842 1621 ac
864 1558 944 1622 illam
967 1577 1044 1640 quae
1066 1560 1097 1620 in
1118 1565 1207 1621 utero
1225 1558 1358 1642 Virginis
1381 1558 1460 1620 iacta
1482 1565 1545 1622 est:
1568 1566 1685 1621 utram-

319 1679 377 1742 que
408 1680 464 1742 per
491 1662 723 1742 omnipotentem
760 1659 966 1738 operationem
999 1657 1107 1721 iactam
1141 1675 1240 1720 essez·
1262 1659 1386 1740 primam
1416 1658 1526 1736 semel,
1560 1657 1685 1721 alteram

319 1761 453 1840 quotidie
475 1759 542 1823 lteri
564 1758 699 1822 credunt.
745 1757 782 1820 Ut
804 1776 879 1822 vero
902 1757 1040 1841 Angelus
1070 1759 1186 1840 Virgini
1216 1759 1428 1840 interroganti:
1456 1758 1606 1839 quomodo
1633 1759 1685 1821 tet

318 1857 424 1921 istud?
453 1862 493 1923 ita
523 1876 643 1940 quoque
676 1856 862 1937 respondent
893 1856 931 1919 de
965 1864 1046 1922 tanto
1082 1857 1225 1921 miraculo
1262 1857 1480 1936 dubitantibus,
1515 1857 1684 1921 Orientales

321 1957 479 2041 theologi,
503 1959 646 2039 Spiritum
668 1963 803 2018 sanctum
825 1957 1025 2038 supervenire
1055 1965 1086 2020 et
1109 1957 1272 2020 mirabilem
1295 1958 1374 2020 illam
1396 1959 1589 2020 mutationem
1618 1957 1685 2020 eill-

320 2075 407 2134 cere‚
431 2077 496 2120 cum
520 2059 585 2120 Deo
608 2056 679 2119 nibil
702 2055 887 2136 impossibile
909 2056 956 2118 sit.

407 2156 548 2238 Sequitur
560 2155 759 2219 invocationis
774 2153 900 2216 turmula
915 2142 1037 2240 ἁγιάσῃ
1048 2151 1101 2218 καὶ
1113 2143 1235 2240 ποιήσῃ
1245 2144 1303 2219 τὸν
1314 2151 1374 2235 μὲν
1385 2145 1482 2242 ἄρτον
1494 2151 1684 2232 coiuov,etc.

319 2255 492 2338 Sanctificet
521 2265 550 2319 et
569 2256 677 2336 facim,
700 2263 755 2318 etc.
800 2253 833 2316 ln
862 2253 987 2350 Syriaco
1016 2253 1129 2318 Codice
1157 2254 1270 2336 duplex
1292 2255 1382 2318 lectio
1406 2257 1545 2319 occurrit
1589 2254 1686 2317 Prima

320 2375 407 2436 quam
435 2356 569 2420 Romana
597 2355 687 2418 editio
715 2360 926 2433 repraesentat
952 2361 1016 2422 istit
1042 2335 1396 2435 arnsteinensem
1422 2357 1596 2437 mysterium
1616 2355 1685 2433 buc,

321 2455 436 2518 Graece
459 2455 576 2534 melius,
599 2443 754 2536 ἀναδείξῃ
776 2451 874 2517 τοῦτο
896 2441 934 2514 τὸ
961 2440 1156 2538 μυστήριον,
1188 2471 1266 2534 quae
1296 2470 1358 2516 vox
1379 2460 1543 2535 usurpatur
1570 2454 1601 2514 in
1630 2450 1685 2513 Li-

319 2555 416 2637 turgia
440 2555 557 2618 Graeca
578 2551 690 2632 Basilii,
713 2547 767 2613 καὶ
796 2539 974 2636 εὐλογῆσαι
1004 2541 1089 2615 αὐτοὶ
1112 2549 1232 2638 (δῶρα)
1266 2547 1323 2614 καὶ
1351 2539 1521 2631 ἀναδεῖξαι
1550 2541 1686 2630 τὸνμὲν

320 2641 433 2740 iprae,
455 2664 512 2718 eto.
537 2655 605 2737 Syri
627 2671 733 2716 vocem
755 2651 836 2713 illam
858 2660 891 2714 ut
912 2651 1019 2715 multas
1045 2652 1119 2715 alias
1143 2651 1275 2714 Graecas
1298 2651 1492 2734 rigidiuscule
1517 2669 1685 2735 expresse-

320 2762 405 2832 runt,
446 2773 573 2835 cumque
609 2739 832 2815 α’ναδεικνῦναι
867 2752 1040 2828 ostermere,
1074 2753 1297 2827 demortstrore,
1331 2753 1490 2833 desipuere
1526 2752 1687 2837 significet,

320 2853 455 2933 ejusdem
477 2851 634 2933 potestatis
658 2868 764 2913 vocem
785 2858 1018 2932 usurpaverunt.
1041 2849 1081 2913 m
1103 2869 1172 2913 cum
1194 2849 1343 2913 hocloco
1366 2839 1591 2917 ἄναδεικνῦναι
1607 2850 1686 2914 idem
1723 2896 1727 2902 .

321 2971 389 3016 csse
420 2971 459 3014 ex
488 2950 588 3014 Basilii
617 2951 751 3033 liturgia
783 2957 899 3013 certum
929 2949 979 3029 sit,
1009 2970 1044 3014 ac
1075 2937 1228 3035 ἁγιάσαι,
1266 2959 1296 3015 et
1322 2938 1515 3036 εὐλογῆσαι,
1546 2961 1577 3014 et
1606 2949 1687 3032 apud

320 3051 452 3116 Antores
476 3055 613 3132 antiquos
637 3050 742 3113 eadem
764 3049 992 3132 significatione,
1015 3051 1149 3114 vexilla
1180 3050 1269 3114 obvia
1291 3052 1345 3129 sit,
1375 3069 1435 3114 non
1458 3060 1505 3115 est
1527 3053 1615 3115 aliter
1636 3052 1686 3114 in-

320 3151 493 3234 telligenda.
546 3149 687 3224 Quodsi
718 3148 893 3213 dubitationi
920 3149 1006 3212 locus
1034 3158 1132 3228 esset,
1161 3151 1291 3213 dilueret
1317 3171 1383 3214 eam
1413 3153 1532 3234 penitus
1561 3149 1687 3213 aliorum

320 3253 499 3332 optimorum
522 3249 734 3330 exemplarium
746 3247 838 3311 lectio
861 3259 925 3316 rttfl
943 3231 1057 3317 &unffi
1076 3260 1155 3324 'tntu
1169 3251 1390 3330 samotpanem
1406 3254 1504 3329 utum,
1529 3259 1583 3314 ete.
1608 3268 1687 3330 quae

320 3359 402 3414 extat
424 3351 454 3412 in
477 3347 591 3411 Codice
614 3347 787 3411 Colbertino
810 3347 1051 3427 membranaceo,
1074 3351 1104 3410 in
1118 3349 1302 3426 Florentino,
1326 3356 1358 3411 et
1381 3351 1410 3411 in
1432 3349 1532 3411 multis
1555 3349 1630 3427 aliis,
1654 3355 1686 3411 et

319 3430 430 3538 qbnua
449 3455 634 3524 transmutet,
657 3447 687 3508 in
709 3445 867 3528 aliquibus,
891 3454 923 3508 ut
943 3447 1076 3510 Nestorii
1091 3455 1122 3510 et
1143 3447 1282 3509 Dioscuri
1306 3446 1467 3529 Gordyaei.
1503 3447 1563 3512 Sed
1585 3455 1685 3526 neque

318 3545 571 3627 praetereundum
600 3546 736 3626 videtur,
772 3545 972 3610 invocationis
1010 3546 1151 3624 formam,
1189 3545 1285 3628 qualis
1316 3547 1346 3609 in
1379 3546 1493 3610 blissali
1523 3546 1685 3610 Chaldaico

319 3643 430 3709 Romae
454 3646 533 3709 edita
555 3654 612 3723 est,
633 3645 859 3728 integerrimam
882 3665 963 3724 esse,
987 3665 1054 3710 cum
1069 3647 1204 3728 reliquae
1227 3665 1343 3725 omnes,
1367 3665 1405 3710 eo
1428 3663 1489 3726 quo
1511 3647 1582 3710 alibi
1604 3646 1686 3710 dixi-

319 3764 383 3809 mus
407 3746 506 3824 modo‚
530 3745 727 3825 interpolatae
749 3747 817 3810 sint.
862 3745 896 3807 ln
918 3746 996 3811 blas.
1026 3746 1187 3810 Codicibus
1211 3749 1308 3810 oratio
1330 3747 1399 3826 illa,
1430 3755 1464 3810 ut
1492 3749 1521 3810 in
1550 3748 1607 3809 ista
1629 3745 1685 3808 Ja-

320 3846 398 3924 cobi,
423 3845 557 3922 Graecis,
583 3843 726 3926 Copticis,
749 3845 950 3923 Nestorianis,
978 3851 1234 3928 repraesentatur.
1278 3847 1429 3910 lectionis
1451 3847 1631 3910 reformatae
1654 3847 1684 3907 in

318 3941 461 4029 biturgiis
491 3943 579 4006 editis
610 3963 647 4007 ea
674 3946 822 4007 sententia
851 3953 908 4023 est,
931 3953 964 4008 ut
986 3964 1108 4028 panem,
1139 3948 1189 4028 qui
1219 3955 1266 4010 est
1294 3965 1405 4028 corpus
1435 3944 1561 4023 Christi,
1596 3943 1686 4006 faciat

317 4045 467 4124 prodesse
490 4042 722 4126 suscipientibus
745 4042 782 4106 ad
804 4045 1013 4108 remissionem
1035 4053 1238 4128 peccatorum,
1262 4053 1293 4110 et
1315 4047 1406 4109 vitam
1429 4054 1591 4108 aeternam.

406 4144 491 4217 Quae
514 4142 550 4206 ad
574 4142 653 4205 illam
676 4143 881 4223 quaestionem
904 4144 1039 4223 attinent,
1062 4145 1134 4208 satis
1155 4146 1304 4226 explicata
1327 4154 1397 4209 sunt
1418 4146 1447 4206 in
1464 4143 1684 4206 Commentario
1732 4161 2009 4226 0„„„„q„„d,1,„

318 4243 355 4305 ad
378 4240 481 4305 basilii
503 4243 678 4326 Liturgiam,
701 4251 734 4304 ut
754 4241 842 4323 plura
865 4243 968 4307 dicere
997 4262 1126 4307 necesse
1148 4262 1209 4308 non
1232 4247 1289 4324 sit,
1320 4263 1385 4308 cum
1416 4242 1522 4305 eadem
1544 4244 1583 4307 sit
1605 4243 1684 4326 apud
1697 4257 1813 4310 cranone
1831 4260 1965 4314 sententia.

319 4339 489 4404 Orientales
512 4361 626 4420 omnes,
650 4349 683 4404 ut
705 4340 839 4406 Graecos
862 4345 951 4407 etiam
973 4343 1179 4424 Ortbodoxos,
1202 4344 1402 4408 invocationis
1417 4342 1522 4420 forma,
1546 4341 1685 4424 illiusque

318 4441 564 4520 pronunciandae
587 4441 753 4524 disciplina.
778 4442 810 4505 ln
832 4442 881 4506 illa
904 4444 1042 4506 haeresin
1062 4443 1169 4522 latere,
1191 4462 1312 4526 semper
1333 4445 1561 4527 ignoraverunt,
1583 4459 1684 4523 neque

319 4537 356 4601 de
380 4541 596 4604 controversiis
620 4558 697 4622 quae
720 4541 888 4605 Florentiae
911 4542 1028 4604 deboc
1058 4553 1235 4626 argumento
1258 4546 1390 4628 agitatae
1412 4549 1499 4619 sunt,
1529 4541 1579 4603 vel
1605 4539 1684 4604 lama

319 4637 356 4700 ad
378 4656 433 4701 eos
455 4639 604 4720 pervenit.
637 4639 727 4701 Nulla
749 4640 943 4704 Orientalium
966 4641 1166 4727 Liturgiarum
1189 4652 1248 4706 tam
1270 4660 1379 4706 recens
1403 4649 1459 4720 est,
1483 4657 1561 4720 quae
1583 4639 1684 4703 multis

320 4731 416 4817 annis,
440 4739 499 4803 imo
529 4737 711 4801 etsaeculis
734 4741 856 4804 nonsit
879 4739 1035 4820 Cabasila,
1064 4751 1114 4806 aut
1141 4743 1245 4805 Marco
1273 4742 1405 4824 Ephesio
1436 4741 1594 4821 antiquior.
1646 4739 1684 4803 Ut

320 4837 440 4917 Graeci,
464 4839 711 4902 turrecrematae
742 4839 925 4922 syllogismis
955 4840 1144 4904 traditionem
1173 4841 1330 4906 Ecclesiae
1360 4858 1433 4904 suae
1463 4847 1682 4922 opposuerunt,

318 4953 375 4998 nec
398 4937 456 5000 alia
478 4937 653 5001 defensione
676 4938 722 5000 usi
745 4947 825 5017 sunt,
848 4941 888 5002 ita
909 4939 947 5002 dc
962 4939 1163 5004 Orientalibus
1185 4940 1244 5003 dici
1258 4949 1369 5022 potest,
1392 4942 1443 5022 qui
1465 4941 1558 5004 verba
1572 4939 1682 5003 Christi

319 5053 389 5098 esse
410 5036 534 5116 inutilia,
557 5042 607 5099 aut
629 5037 826 5101 consecrandi
848 5040 908 5102 vim
930 5038 1039 5102 nullam
1063 5040 1186 5121 babere,
1209 5058 1359 5123 nunquam
1383 5041 1607 5126 cogitaverunt:
1629 5038 1682 5100 ln-
