4814 6060
753 557 831 634 504
1000 556 1217 636 ultonem
1242 557 1274 634 S.
1299 557 1517 636 bruscum
1540 554 1765 652 urlscort,
1792 570 1842 632 tc.

753 749 788 818 in
822 744 926 820 coelis
959 745 1150 836 elevantes,
1184 745 1381 818 sacrificium
1415 744 1611 836 indivisum,
1646 767 1694 816 ex
1727 747 1812 834 tuis,
1851 744 1911 818 tibi
1946 745 2125 818 oderimus.

755 858 966 936 Convertere
998 861 1142 934 Domine
1174 861 1217 934 ad
1250 861 1429 934 clamorem
1456 861 1663 934 adorantium
1696 871 1730 933 te
1762 869 1796 932 et
1826 859 1968 932 benedic
1999 859 2124 958 populo

750 989 812 1074 tuo
839 981 894 1073 qui
921 999 1035 1050 coram
1062 987 1096 1050 te
1126 977 1300 1051 inclinatus
1327 987 1396 1066 est,
1430 987 1463 1049 et
1496 976 1709 1071 benignitatis
1743 986 1820 1048 tuae
1852 981 2021 1074 particeps
2054 976 2126 1050 fuit

754 1091 861 1166 Simul
886 1095 985 1167 etiarn
1011 1094 1104 1166 Deus
1130 1104 1247 1168 noster
1273 1092 1451 1178 adorande,
1479 1097 1622 1189 petimus
1649 1102 1777 1164 utnon
1803 1104 1987 1166 convertus
2018 1091 2126 1165 festos

753 1219 890 1282 nostros
917 1209 989 1282 dies
1015 1213 1048 1280 iu
1074 1209 1215 1297 iuctrrm,
1240 1231 1349 1303 neque
1382 1230 1523 1305 pompas
1559 1209 1728 1283 solemnes
1762 1219 1895 1282 nostras
1929 1213 1963 1281 in
1996 1211 2127 1280 cauden

755 1325 908 1417 ejulatus.
961 1326 1135 1400 Constitue
1160 1325 1304 1398 Domine
1326 1324 1454 1422 absque
1480 1324 1558 1398 labe
1584 1348 1699 1400 coram
1715 1336 1761 1415 te,
1787 1325 1948 1398 Pastores
1975 1328 2031 1421 qni
2056 1347 2127 1397 no-

754 1439 808 1514 bis
834 1453 1012 1538 praesunt,
1038 1465 1182 1516 veraces
1216 1452 1250 1513 et
1283 1451 1395 1513 rectos
1427 1445 1462 1514 in
1499 1442 1578 1536 lege
1610 1447 1702 1514 vitae
1733 1452 1805 1514 tua:
1838 1441 2061 1531 Sacerdotes,
2092 1450 2128 1512 et

756 1560 812 1653 qui
839 1561 1022 1630 ministerio
1049 1557 1252 1631 sacerdotali
1277 1556 1458 1650 iungrmtur
1484 1580 1598 1630 coram
1623 1568 1658 1629 te
1684 1568 1808 1645 rectos,
1836 1579 1918 1629 orna
1946 1561 2036 1628 omni
2062 1578 2126 1628 re-

755 1672 878 1765 ligioso
905 1677 1035 1764 timore,
1061 1674 1103 1745 ad
1131 1673 1351 1746 sacerdotium
1379 1675 1605 1748 exercendum
1628 1695 1743 1748 coram
1770 1684 1804 1744 te
1829 1675 2008 1767 requisito:
2036 1673 2128 1744 Dia-

756 1801 861 1862 conos
887 1790 1022 1885 purifica
1051 1801 1084 1862 et
1110 1789 1292 1880 sanctifica,
1318 1801 1353 1862 ut
1379 1800 1472 1863 caste
1498 1793 1531 1860 in
1558 1793 1651 1862 atriis
1678 1795 1742 1862 tuis
1773 1791 1965 1861 ministrent
2017 1789 2128 1862 Senes

755 1915 948 1980 mansuetos
975 1906 1092 1997 redde,
1119 1916 1153 1980 et
1178 1906 1323 2000 benigne
1350 1909 1535 2002 aspiciens,
1568 1905 1662 1978 effice
1693 1916 1730 1978 ut
1761 1906 1987 2001 unusquisque
2013 1925 2127 1976 mores

756 2044 873 2096 eorum
899 2022 1084 2119 mculpatos
1111 2027 1264 2097 imitetur.
1317 2021 1597 2096 Adolescentibus
1624 2033 1779 2118 tanquam
1795 2023 2016 2121 paedagogus
2043 2031 2127 2110 esto,

756 2147 791 2210 et
815 2160 878 2234 per
903 2142 1137 2212 continentiam
1164 2140 1271 2213 adduc
1297 2162 1358 2212 eos
1385 2137 1428 2210 ad
1460 2149 1513 2228 te,
1545 2160 1607 2236 per
1634 2141 1807 2212 scientiam
1833 2140 1968 2232 dignam
1993 2143 2128 2210 nomino

756 2265 830 2345 tuo;
856 2277 983 2349 eosque
1009 2280 1030 2327 a
1057 2255 1223 2328 scandalis
1249 2255 1364 2328 libera.
1392 2254 1550 2348 Virgines
1578 2255 1707 2328 custodi
1734 2265 1767 2326 et
1786 2279 1955 2330 conserva
1983 2278 2002 2328 a
2031 2253 2128 2344 dolis,

757 2381 791 2443 et
817 2371 1001 2444 scandabs:
1035 2372 1198 2468 parvulos
1231 2393 1387 2446 crescere
1414 2368 1515 2478 jube:
1551 2371 1730 2445 infantibus
1762 2370 1922 2457 benedic,
1950 2393 2078 2467 eosque
2105 2393 2127 2444 a

747 2485 1109 2582 ‘malignoinvidoque
1145 2487 1341 2560 adversario
1370 2488 1486 2561 libera.
1539 2487 1734 2561 Mulieribus
1767 2489 1981 2580 modestiam,
2007 2487 2126 2560 Viduis

757 2601 912 2674 alimenta
939 2600 1059 2694 tribue,
1084 2607 1319 2676 necessitatem
1346 2603 1507 2677 babentes
1522 2615 1680 2692 sustenta,
1706 2627 1874 2702 pauperes
1892 2615 1927 2676 et
1948 2601 2125 2676 famelicos

756 2719 852 2792 satia.
906 2717 1048 2792 Ordines
1074 2717 1327 2793 Nazaraeorum
1353 2730 1387 2792 et
1400 2719 1638 2795 Monacborum
1656 2725 1711 2817 qui
1737 2744 1775 2794 se
1802 2722 2009 2794 voluntariae
2034 2743 2127 2817 pau-

756 2838 878 2932 pertati
903 2833 1100 2907 addixerunt
1124 2844 1263 2932 propter
1287 2857 1428 2929 regnum
1454 2847 1556 2926 tuum,
1583 2841 1758 2934 quiescere
1771 2838 1853 2931 jube
1878 2841 2032 2931 inregno
2060 2846 2127 2908 tuo.

757 2950 924 3024 Divitibus
950 2954 1006 3046 qui
1039 2962 1198 3047 separant
1231 2963 1346 3048 partes
1381 2974 1480 3048 opum
1508 2975 1659 3043 suarum,
1686 2954 1853 3046 decimas,
1880 2953 2065 3028 oblationes
2094 2961 2129 3023 et

757 3069 919 3164 primitias
945 3089 992 3138 ex
1017 3066 1169 3140 domibus
1196 3071 1277 3158 suis,
1303 3067 1347 3140 ad
1367 3090 1551 3165 paupemm
1570 3079 1604 3141 et
1630 3091 1814 3162 egenorum
1841 3074 2127 3158 sustentationem,

753 3188 888 3279 januam
915 3185 1011 3276 regni
1043 3187 1089 3255 tui
1121 3188 1233 3281 aperi,
1267 3195 1300 3257 et
1333 3207 1353 3256 a
1386 3185 1509 3260 divitiis
1542 3188 1758 3275 transitoriis,
1792 3187 1920 3261 adeas
1948 3211 2034 3283 quae
2060 3209 2130 3259 non

758 3298 932 3388 deficiunt,
967 3298 1120 3372 munster.
1173 3300 1338 3374 Lectores
1375 3308 1409 3372 et
1449 3300 1581 3374 Psaitas
1613 3301 1789 3376 Ecclesiae
1828 3313 1904 3376 tuae
1944 3303 2132 3376 Hosannae

760 3413 975 3487 indeficientis
1006 3415 1222 3490 concenthus
1254 3415 1417 3510 adjunge,
1452 3427 1486 3489 et
1518 3416 1682 3511 agloria
1717 3419 1758 3491 ad
1793 3419 1934 3513 gloriam
1973 3417 2132 3491 transfer.

759 3527 901 3606 Vinctos
928 3535 1031 3630 eripe,
1059 3535 1212 3630 captivos
1237 3531 1356 3624 bbere,
1381 3533 1529 3607 infirmos
1555 3537 1665 3623 visite,
1693 3545 1853 3628 aegrotos
1874 3559 1969 3628 sana,
1995 3533 2132 3609 invidos

761 3670 958 3744 compesce:
992 3671 1053 3722 eos
1084 3652 1140 3745 qui
1172 3648 1331 3722 invidiam
1365 3652 1527 3724 sustinent
1557 3660 1697 3749 propter
1720 3674 1842 3725 nomen
1869 3664 1979 3741 tuum,
2006 3674 2132 3725 serva:

758 3769 966 3861 poenitentes
993 3768 1145 3862 suscipe:
1173 3766 1297 3838 exaudi
1322 3765 1398 3840 illos
1425 3769 1481 3862 qui
1502 3769 1661 3840 invocant
1685 3777 1740 3857 te;
1766 3771 1943 3863 unicuique
1969 3767 2135 3840 auxilium

757 3887 986 3957 necessarium
1018 3882 1199 3958 seeundum
1233 3903 1361 3970 mores,
1395 3894 1429 3954 et
1464 3885 1555 3963 vitae
1590 3883 1812 3957 conditionem
1847 3884 1970 3957 tribue:
2010 3895 2048 3955 ut
2086 3881 2134 3955 ab

758 4020 819 4070 ore
845 4001 988 4072 omnium
1014 4009 1163 4074 nostrum
1182 4001 1245 4095 'qui
1271 3998 1473 4074 custodimus
1499 4005 1678 4072 veritatem
1698 4011 1797 4090 tuam,
1824 4002 2019 4097 gratiasque
2046 4003 2137 4093 egi-

758 4137 830 4188 mus
855 4113 993 4189 bonitati
1024 4127 1117 4206 tuae,
1150 4115 1322 4213 hymnum,
1350 4116 1432 4207 soii,
1466 4117 1572 4190 solum
1606 4120 1721 4190 unitati
1752 4126 1829 4190 tuae
1863 4115 2057 4205 offeramus,
2097 4127 2139 4190 et

756 4254 819 4327 per
845 4243 878 4304 te
904 4231 979 4305 Deo
1006 4234 1097 4305 Patri
1123 4242 1180 4306 tuo
1207 4236 1334 4326 gratias
1350 4254 1501 4326 agamus,
1528 4243 1563 4305 et
1588 4233 1746 4331 Spiritum
1773 4245 1923 4307 sanctum
1949 4232 2140 4306 adoremus

756 4369 854 4438 nunc,
882 4357 945 4420 etc.

861 4451 1023 4558 Populus.
1076 4465 1196 4538 Amen.

823 4567 825 4574 ’
860 4582 1058 4654 Diamque·
1100 4581 1247 4654 Bonedic
1273 4581 1425 4654 Domine.

862 4697 1037 4772 Socerdm
1061 4698 1244 4790 benedicit,
1271 4704 1336 4769 etc.
