4712 6032
574 585 651 660 ese
760 518 767 532 ⁸
1080 523 1441 660 urrur'crr

572 773 671 863 regni
698 773 744 842 tui
771 774 939 866 impingua
965 792 1039 842 nos.
1092 768 1137 840 Et
1162 779 1301 866 propter
1327 768 1411 840 baec
1438 772 1547 842 omniu
1573 772 1768 866 praecipue,
1793 769 1950 844 Ecclesia

572 897 629 957 tua
665 897 698 957 et
730 909 819 978 grex
853 898 929 959 tuus
964 885 1163 980 deprecatur
1198 897 1251 975 te,
1285 896 1319 957 ct
1351 907 1414 981 per
1447 895 1501 976 te,
1537 894 1636 980 atque
1671 895 1781 958 lecum
1815 887 1949 960 Patrem

571 1010 682 1090 tuum,
711 1001 835 1074 dicens.

679 1117 841 1209 Populus.
894 1115 1069 1187 Miserere.

678 1233 863 1304 Sacerdos.
915 1231 988 1304 Nos
1017 1253 1159 1326 quoque.

680 1346 841 1440 Populus.
895 1347 947 1419 'l'e
973 1346 1171 1418 laudamus'

679 1460 864 1533 Sacerdos.
918 1463 1113 1556 Praecipue.

679 1577 867 1648 Diaconos.
922 1578 1029 1663 Quam
1057 1577 1202 1649 timenda
1229 1587 1281 1649 est
1306 1576 1390 1649 haec
1416 1577 1507 1648 hora.

680 1693 856 1765 Sacerdos
882 1695 968 1765 dicit
992 1694 1249 1764 invocationem
1273 1692 1426 1786 Spiritus
1450 1697 1572 1763 eoacti.

678 1808 943 1881 Misericordiam
971 1821 1059 1880 tuam
1087 1807 1238 1881 obtestor
1265 1820 1298 1880 et
1325 1807 1506 1904 deprecor,
1533 1809 1677 1880 Domine
1702 1808 1814 1879 Deus:
1840 1809 1948 1879 misc-

574 1945 653 1995 rcre
679 1928 766 2011 mei,
792 1933 827 1995 et
854 1924 985 1996 eilande
1011 1947 1112 2019 super
1139 1947 1193 1995 me
1219 1934 1254 1994 et
1280 1945 1381 2018 super
1412 1923 1598 1996 oblationes
1632 1927 1715 1996 istus
1747 1925 1949 2019 propositas,

576 2042 716 2131 gratiam
744 2040 886 2134 Spiritus
913 2043 960 2112 tui
986 2043 1110 2113 sancti:
1138 2051 1172 2111 et
1197 2040 1317 2114 munda
1344 2061 1399 2110 rne
1414 2037 1456 2110 ab
1482 2037 1635 2111 omnibus
1656 2037 1792 2111 maculis
1806 2042 1949 2134 peccati,

578 2165 612 2226 et
639 2153 792 2227 conforta
818 2179 872 2226 me
899 2155 942 2226 ad
968 2159 1183 2228 ministerium
1210 2155 1274 2227 boc
1301 2177 1418 2250 purum
1445 2165 1479 2226 ct
1505 2164 1663 2228 sanctum.

681 2269 867 2341 Sacerdos.
920 2269 1054 2342 Exaudi
1080 2293 1152 2360 me,
1179 2272 1332 2344 Domine.

681 2385 842 2478 Populus.
896 2385 1001 2482 llyrie
1031 2385 1169 2458 cleison.

681 2500 866 2572 Sacerdos.
925 2500 969 2571 Ut
1002 2524 1062 2597 per
1094 2499 1285 2598 ³illapsum
1324 2524 1417 2575 suum
1436 2500 1630 2606 exhibeat,
1663 2521 1783 2595 panem
1818 2498 1948 2593 quidem

575 2620 690 2704 istum,
718 2624 739 2699 †
767 2639 889 2712 corpus
918 2626 1069 2688 sanctum
1095 2620 1124 2705 l
1151 2615 1272 2690 Christi
1299 2619 1363 2690 Dei
1389 2621 1496 2690 nostri
1522 2619 1560 2704 l.

680 2731 841 2825 Populus.
867 2734 987 2804 Arnen.

681 2847 866 2918 Sacerdos.
920 2848 963 2920 Et
990 2853 1120 2921 mistum
1147 2848 1235 2944 quod
1262 2851 1374 2922 estin
1400 2847 1608 2936 boccalice‚
1635 2847 1736 2920 iaciat
1754 2849 1949 2938 sanguinem

578 2962 700 3036 Christi
726 2963 791 3034 Dei
818 2968 932 3036 nostri.

681 3079 843 3172 Populus.
895 3079 1016 3152 Amen.

681 3193 866 3267 Sacerdos.
919 3194 1027 3268 Nobis
1055 3204 1165 3265 autern
1192 3216 1253 3290 per
1278 3194 1407 3266 illorum
1436 3196 1701 3287 susceptionem,
1728 3191 1785 3264 det
1816 3193 1949 3265 veniam

578 3310 793 3398 delictorum,
826 3313 1057 3384 remissionem
1092 3320 1328 3405 peccatorum,
1357 3311 1528 3382 scientium
1555 3329 1672 3380 veram
1698 3306 1792 3396 fidei,
1819 3308 1951 3379 zelum-

578 3449 643 3522 que
668 3425 868 3498 laudabilem
894 3427 1086 3518 religionis,
1113 3435 1147 3496 et
1173 3428 1456 3520 participationem
1483 3430 1575 3498 vitae
1602 3433 1769 3496 aeternae.

682 3541 843 3634 Populus.
896 3541 1015 3613 Amen.

683 3656 860 3727 Sacerdos
886 3656 1077 3727 inclinatur.
1130 3656 1183 3727 Da
1204 3655 1358 3747 Domine,
1383 3654 1561 3728 Ecclesiae
1578 3666 1654 3726 tuae
1681 3665 1715 3726 et
1740 3653 1948 3750 praesulibus

580 3776 674 3865 ejus,
700 3783 736 3843 ut
758 3776 855 3865 juxta
882 3776 1125 3867 praescriptum
1151 3771 1262 3864 legum
1290 3783 1418 3845 tuarum
1445 3795 1484 3844 se
1498 3781 1628 3862 gerant,
1656 3769 1808 3843 omnibus
1835 3769 1952 3844 diebus

579 3890 671 3959 vilae
699 3909 791 3959 suae.

685 4001 836 4073 Eleoam
860 4025 987 4073 nocem.
1039 4001 1083 4072 Et
1110 4001 1227 4076 oculos
1254 4000 1493 4074 intellectuales
1511 4003 1630 4074 mentis
1644 4011 1781 4074 nostrae
1807 3987 1952 4072 illumina

580 4117 744 4204 Domine,
779 4126 815 4188 ut
849 4117 1110 4212 contemplemur
1148 4117 1307 4190 miracula
1339 4116 1450 4210 legurn
1486 4128 1615 4188 tuarum
1647 4117 1845 4189 divinarum:
1872 4124 1906 4186 et
1932 4139 1953 4188 a

580 4231 666 4325 lupis
694 4233 918 4327 spiritualibus
945 4235 1138 4306 universum
1164 4253 1306 4325 gregem
1333 4244 1422 4305 tuum
1440 4255 1625 4308 conserva:
1653 4243 1687 4304 et
1704 4231 1801 4305 simul
1814 4215 1950 4304 relere-

580 4367 654 4419 mus
679 4347 739 4420 tibi
765 4348 906 4440 gloriam
934 4358 968 4419 et
993 4346 1146 4436 laudem,
1173 4359 1236 4421 etc.

685 4463 846 4557 Populus.
898 4465 1018 4536 Arnen.

686 4577 862 4652 Sacerdos
887 4579 1080 4651 inclinatur.
1134 4581 1303 4652 Memento
1330 4581 1475 4653 Domine
1501 4600 1617 4651 eorum
1653 4581 1708 4674 qui
1734 4581 1893 4652 invocant
1918 4589 1951 4651 te
2085 4591 2088 4599 “

582 4715 657 4764 cum
683 4691 748 4764 ilde
774 4715 877 4782 vera,
905 4705 939 4766 ct
964 4695 1053 4768 bona
1080 4706 1261 4791 operantur
1285 4705 1424 4792 propter
1449 4716 1571 4766 nomen
1597 4705 1688 4766 tuum
1714 4704 1874 4767 sanctum.

686 4807 837 4878 Elecam
861 4831 988 4880 nocem.
1042 4809 1181 4883 Omnes·
1211 4833 1345 4906 quoque
1382 4809 1532 4905 reliquos
1572 4809 1789 4883 Orthodoxos
1827 4811 1951 4883 auxilio

581 4931 639 4994 tuo
666 4921 830 5016 adjuvans
857 4924 1019 5015 Domine,
1044 4925 1187 4998 benedic
1214 4948 1276 5000 eos
1303 4929 1359 5020 qui
1381 4930 1500 5018 juvant
1525 4923 1712 4998 Ecclesiam
1746 4935 1835 4998 tuam
1867 4948 1953 5000 san-
