4712 6032
559 555 590 632 S.
634 553 968 632 blbllll'llill
1014 548 1437 629 entflottct.
1612 551 1685 625 261

422 741 583 836 Populos.
636 738 781 813 Etcum
809 739 934 835 Spiritu
961 750 1030 811 tuo.

422 857 606 930 Sacerdos.
658 854 703 926 tn
728 855 883 952 populum
916 865 1004 926 tuum
1038 855 1279 941 orthodoxum,
1315 855 1369 948 qui
1405 875 1518 926 coram
1556 865 1588 927 te
1616 879 1690 928 cum

319 975 439 1046 timore
473 972 648 1044 inclinatus
684 980 747 1060 cst,
782 970 921 1062 dignare
953 972 1098 1042 Domina
1128 970 1330 1042 benedicere
1368 969 1601 1042 benedictione
1636 983 1692 1044 tua

320 1088 546 1176 inamissibili,
579 1099 613 1160 et
647 1109 813 1183 praepara
847 1109 942 1172 eum,
984 1097 1020 1158 ut
1056 1085 1242 1182 inculpatus
1283 1085 1421 1158 accedat
1464 1085 1507 1156 ud
1543 1108 1690 1158 inensam

319 1202 405 1275 hanc
431 1203 593 1276 divinam:
620 1221 689 1299 per¹
708 1207 861 1296 gratiam,
888 1200 1150 1274 misericordiam
1184 1213 1218 1274 et
1249 1223 1397 1273 amorem
1429 1224 1511 1295 erga
1538 1201 1690 1274 homines

321 1321 480 1412 unigeniti
506 1317 581 1391 Filii
608 1323 665 1409 tui,
692 1341 766 1390 cum
794 1341 858 1414 quo
886 1329 919 1390 to
947 1317 1056 1408 decet,
1082 1327 1144 1390 eto.

298 1465 302 1472 ·
425 1435 586 1528 Populos.
639 1436 759 1507 Amen.

423 1551 608 1622 Sacerdos.
660 1549 804 1622 Domine
837 1551 930 1622 Deus
964 1551 1192 1643 omnipotens,
1227 1551 1281 1620 cui
1314 1548 1378 1621 soli
1416 1553 1554 1647 proprie
1590 1572 1690 1624 com-

321 1668 403 1761 petit
428 1668 631 1762 principatus
666 1675 700 1737 et
726 1669 901 1755 sanctitas,
932 1674 1108 1761 susceptor
1140 1665 1378 1738 sacrificiorum
1394 1667 1397 1680 '
1412 1675 1445 1738 et
1478 1665 1691 1756 oblationum,

322 1780 474 1856 conforta
510 1803 573 1854 nos
607 1780 757 1854 imbelles
791 1793 825 1853 et
859 1781 1005 1868 inutileS,
1040 1785 1094 1876 qui
1129 1792 1238 1853 tamen
1266 1781 1424 1854 atrdemus
1459 1781 1622 1854 accedere
1650 1785 1691 1855 ad

322 1897 427 1971 altare
454 1909 543 1970 tuum
577 1908 745 1986 sanctum,
773 1921 848 1970 cum
882 1921 943 1994 spe
975 1897 1225 1970 misericordiae
1252 1908 1328 1970 tuae
1361 1898 1516 1970 infinitae.
1550 1900 1691 1971 Praesta

322 2013 439 2102 notis,
472 2037 493 2086 o
522 2012 778 2106 benignissime,
812 2022 848 2085 ut
874 2037 947 2086 cum
983 2017 1071 2085 omni
1098 2017 1263 2110 puritate,
1297 2018 1472 2088 sanctitate
1507 2024 1542 2086 ct
1573 2019 1690 2088 timore

323 2127 499 2202 offeramus
527 2128 584 2201 tibi
612 2131 808 2203 sacrificium
840 2128 904 2202 boc
931 2133 1155 2218 mercantum
1187 2129 1439 2227 referemusque
1464 2131 1522 2203 tibi
1549 2129 1690 2224 gloriam

324 2256 359 2318 et
382 2244 525 2331 laudem,
552 2255 614 2317 cte.

426 2361 587 2454 Populos.
639 2361 759 2433 Amen.

426 2476 613 2548 Diaconos.
665 2475 752 2549 Date
778 2499 907 2572 pacem,
935 2486 998 2550 etc.

426 2592 610 2665 Sacerdos.
664 2591 795 2665 Caritas
821 2595 886 2665 Dei
912 2594 1033 2686 Patris,
1060 2605 1122 2667 etc.
1216 2638 1220 2646 ι

430 2708 592 2802 Populos.
645 2709 765 2781 Amen.

426 2823 609 2896 Sacerdos.
662 2825 800 2898 Sursum
829 2826 942 2899 corda.

426 2941 586 3034 Populus.
638 2939 808 3014 Habemus
836 2942 879 3014 ad
904 2944 1093 3016 Dominum.

424 3055 606 3128 Sacerdos.
659 3054 792 3130 Gratias
820 3080 959 3150 agamus
984 3057 1137 3130 Domino.

426 3173 585 3267 Populus.
637 3174 783 3265 Dignmn
810 3184 844 3245 et
865 3177 989 3266 iustum
1014 3182 1075 3245 est.

427 3288 601 3360 Sacerdos
627 3289 817 3360 inclinatos.
857 3289 964 3375 Quem
992 3290 1088 3362 decet
1112 3297 1149 3359 ut
1174 3289 1300 3379 gratim
1322 3309 1461 3379 agamus
1489 3288 1564 3366 tibi!
1592 3314 1690 3385 mam

318 3411 441 3500 justum
468 3415 520 3478 cst
546 3415 582 3476 ut
607 3403 847 3496 glorificemusl
884 3429 980 3500 quam
1008 3404 1151 3477 debitum
1177 3413 1213 3475 ut
1247 3425 1379 3498 semper
1414 3403 1564 3479 laudibus
1592 3407 1690 3480 cele·-

321 3524 455 3597 bremus
482 3522 684 3594 divinitatem
713 3530 814 3607 tuam,
839 3520 951 3608 Palen
978 3521 1053 3608 Fili,
1082 3531 1116 3591 et
1142 3519 1286 3615 Spiritus
1314 3529 1439 3591 sancte.

424 3637 575 3710 Eteonos
610 3658 733 3708 uocem.
788 3637 893 3724 Quem
929 3637 1132 3728 glorificant,
1165 3635 1319 3725 laudant,
1350 3637 1491 3709 adorant
1517 3647 1551 3708 ct
1587 3637 1688 3708 exal-

322 3765 392 3827 tant
418 3775 534 3826 omues
562 3763 736 3825 creaturae
764 3775 851 3848 quae
877 3753 1019 3840 lucrum,
1047 3763 1080 3824 et
1116 3775 1201 3848 quae
1235 3763 1327 3824 sunt:
1364 3763 1503 3848 unaque
1535 3751 1689 3827 Ecclesia

322 3875 528 3967 superiorum
556 3879 589 3942 et
613 3869 826 3956 inferiorum,
855 3874 987 3962 agmina
1013 3869 1270 3966 Prophetarum,
1297 3881 1403 3942 turma
1430 3871 1688 3965 Apostolorum:

322 3986 482 4060 theatrum
510 3986 709 4082 Murtpmm:
738 3990 1018 4080 congregationes
1045 3984 1282 4058 solitariorum:
1311 3989 1438 4056 cantica
1465 3988 1583 4058 suavia
1606 3987 1688 4058 An-

321 4104 490 4197 gelorum:
517 4103 633 4175 laudes
661 4111 820 4174 aeternae
845 4105 1070 4177 Potestatum:
1102 4101 1352 4174 benedictiones
1380 4099 1574 4173 Cherubim:
1602 4121 1688 4173 san-

322 4219 537 4292 ctificationes
564 4217 748 4314 Seraphim.
774 4217 825 4291 Illi
843 4242 975 4314 quoque
1001 4241 1062 4292 nos
1088 4217 1239 4290 imbelles
1258 4226 1292 4288 et
1317 4239 1493 4312 pauperae,
1518 4213 1689 4291 'offerimus

321 4334 549 4428 Doxologiam
576 4339 679 4407 trinae
706 4334 994 4426 sanctificationis,
1021 4335 1290 4428 divinitatemque
1323 4337 1396 4426 ejus
1428 4333 1687 4430 incompreben-

239 4543 241 4546 .
322 4449 461 4537 sibilem,
488 4452 655 4540 inlinitum,
683 4461 717 4522 et
741 4451 1041 4544 ininvestigabilem
1070 4451 1287 4548 deprecamur
1302 4460 1335 4522 et
1357 4449 1572 4524 obsecramus
1601 4471 1686 4543 sup-

321 4564 523 4664 plicabuudi
550 4578 586 4638 ut
613 4568 811 4663 suscipiatur
837 4577 872 4639 ct
898 4568 1095 4661 adjungatur
1121 4590 1194 4638 cum
1229 4563 1380 4640 leudibus
1414 4569 1557 4639 omnium
1583 4573 1691 4658 pote-

323 4691 442 4754 statum
474 4684 666 4756 coelestium
700 4683 818 4755 millies
849 4683 983 4756 millium
1024 4693 1058 4756 et
1091 4684 1204 4756 decies
1237 4681 1355 4754 millies
1394 4683 1509 4754 decern
1552 4679 1690 4751 millium.
1747 4759 1750 4765 ,

228 4852 233 4864 .
321 4801 513 4891 igneorum,
542 4801 596 4893 qui
622 4821 710 4870 voce
737 4803 833 4872 suavi
867 4822 931 4872 uec
963 4804 1211 4874 conticescente
1245 4798 1422 4871 inclamant
1448 4807 1516 4889 ter,
1551 4794 1689 4870 vocife-

321 4923 447 5004 ruutur‚
474 4925 508 4986 et
534 4914 653 4986 dicunt.

425 5031 585 5126 Populus.
638 5030 794 5122 Sanctus,
821 5029 974 5121 Sancus,
1001 5031 1151 5116 Sanctus.

1397 5145 1478 5220 36*
