4730 6038
584 519 659 593 366
1152 514 1382 594 NOTAE

581 709 751 804 mysteriis
780 709 852 799 ejus
889 703 1042 776 sanctis?
1077 701 1300 793 confitemur,
1336 702 1533 793 adoramus,
1574 714 1608 775 et
1639 703 1879 796 glorificamus,
1917 717 1952 780 et

581 846 688 896 voces
715 825 896 915 gratiarum
923 823 1062 893 actionis
1090 819 1275 907 afferimus,
1302 841 1541 915 rogamusque,
1568 845 1589 896 ο
1621 831 1749 893 amator
1771 820 1951 914 bominum,

581 952 617 1013 ut
643 943 728 1013 siout
754 940 904 1025 vacasti,
932 948 965 1009 et
993 935 1161 1009 adduxisti
1186 957 1268 1025 nos,
1296 935 1338 1008 ad
1365 938 1558 1010 convivium
1583 935 1648 1011 boc
1668 919 1802 1009 beabum
1829 949 1864 1010 et
1889 942 1949 1016 vi-.

581 1053 734 1147 vilicum,
760 1056 838 1146 des,
866 1064 900 1126 et
925 1063 1076 1146 praestes
1103 1053 1219 1140 nobis,
1246 1062 1283 1124 ut
1308 1055 1350 1124 sit
1375 1053 1474 1126 nobis
1502 1052 1544 1125 ad
1570 1056 1838 1150 propitiationem
1859 1054 1950 1128 deli-

488 1191 493 1202 ·
582 1182 725 1258 cuorum,
753 1182 787 1244 et
813 1172 1042 1243 remissionem
1070 1178 1303 1264 peccatorum,
1330 1169 1372 1240 ad
1397 1172 1555 1241 viaticum
1582 1173 1673 1241 vitae
1706 1178 1881 1260 aeternae,
1917 1180 1952 1244 et

583 1287 626 1360 ad
652 1288 793 1380 gloriam
819 1283 1016 1379 laudemque
1042 1288 1185 1357 nominis
1212 1288 1274 1374 tui,
1301 1295 1335 1356 et
1360 1287 1518 1378 unigeniti
1553 1284 1629 1356 Filii
1659 1287 1706 1356 tui
1739 1293 1773 1356 et
1807 1286 1950 1383 Spiritus

582 1407 628 1476 tui
656 1403 863 1475 sanctissimi.
1123 1400 1285 1494 Papulas.
1338 1401 1457 1473 Amen.

685 1519 870 1590 Sacerdos.
923 1519 1007 1589 Pax.
1475 1581 1478 1590 .

684 1635 872 1707 Diaconos.
924 1636 1008 1706 Post
1034 1637 1279 1731 susceptionem
1305 1636 1539 1730 mysteriorum
1573 1637 1710 1706 istorum
1747 1647 1949 1728 sanctorum,

584 1775 669 1847 quae
696 1752 792 1825 nobis
820 1751 896 1824 data
923 1761 999 1823 sunt
1024 1753 1159 1834 iterum,
1186 1772 1300 1823 coram
1327 1749 1470 1823 Domino
1485 1749 1693 1822 misericordi
1707 1754 1815 1848 capita
1834 1763 1949 1826 nostra

582 1869 785 1940 inclinemus.
1763 1874 1767 1886 '

684 1982 867 2055 Sacerdos.
922 1982 1045 2055 Caram
1072 1993 1125 2074 te,
1152 1971 1296 2055 D'omine
1312 1983 1422 2072 Deus,
1448 1981 1644 2054 inclinantur
1655 1994 1783 2055 mentes
1800 1992 1949 2073 nostrae,

582 2110 689 2173 matus
717 2101 814 2171 animi
841 2108 875 2170 et
898 2097 1083 2172 intellectus
1101 2102 1218 2188 nostri,
1246 2103 1419 2194 omnisque
1441 2120 1619 2193 corporum
1640 2107 1828 2172 nostrorum
1848 2121 1948 2172 com-

580 2239 688 2314 pages
715 2237 789 2285 curn
817 2214 988 2287 animabus
1014 2217 1157 2288 nostris:
1184 2225 1344 2308 rogantes
1371 2225 1405 2285 et.
1439 2213 1657 2287 obsecrantes
1690 2214 1949 2286 misericordiam

582 2344 689 2422 tuam,
715 2341 750 2403 ut
774 2334 965 2426 requiescat
990 2330 1130 2404 dextera
1157 2340 1212 2404 tua
1238 2330 1433 2421 invisibilis,
1469 2339 1502 2402 et
1531 2329 1630 2427 plena
1663 2329 1948 2403 benedictionibus

581 2471 683 2542 super
719 2469 783 2520 nos
818 2470 944 2520 omnes.
997 2447 1162 2537 Boreum,
1203 2447 1390 2538 sanctifica,
1430 2447 1559 2521 custodi
1595 2468 1656 2544 per
1688 2467 1820 2518 crucem
1859 2456 1948 2518 turam

580 2568 772 2654 victricem,
798 2585 863 2635 nos
890 2585 1027 2653 ornnes,
1056 2567 1111 2660 qui
1137 2569 1328 2660 accepimus
1355 2583 1478 2659 corpus
1504 2573 1594 2634 tuum
1620 2573 1790 2653 sanctum,
1823 2571 1856 2634 et
1888 2561 1947 2634 bi-

579 2679 687 2752 bimus
715 2682 911 2773 sanguinem
946 2690 1033 2752 turum
1067 2703 1204 2777 purum,
1237 2679 1279 2752 ab
1314 2679 1465 2752 omnibus
1493 2667 1620 2750 damnis
1648 2681 1783 2750 animae·
1805 2688 1838 2750 et
1865 2699 1949 2750 cor-

578 2799 683 2892 poris.
737 2792 904 2869 Coniirma
929 2799 962 2868 in
988 2791 1086 2868 nobis
1112 2796 1313 2868 voluntatem
1341 2807 1429 2868 tuam
1456 2795 1636 2881 vivificam,
1664 2797 1775 2866 insere
1790 2797 1824 2865 in
1850 2795 1947 2868 nabis

526 2962 531 2977 .
580 2912 679 2985 fidem
705 2916 738 2985 in
765 2923 798 2984 te
823 2934 955 3001 veram,
983 2921 1017 2984 et
1042 2911 1083 2984 da
1109 2912 1205 2987 nobis
1232 2915 1389 2985 virtutem
1421 2910 1463 2983 ad
1497 2909 1767 2983 observationem
1804 2910 1948 2983 manda-

580 3038 689 3101 tarum
715 3039 844 3134 tuorum
871 3037 1077 3102 sanctorum:
1103 3027 1224 3125 facque
1250 3051 1313 3102 nos
1339 3030 1520 3124 pervenire
1547 3025 1713 3099 adfinem
1739 3028 1881 3116 bonum,
1915 3038 1949 3099 et

579 3144 783 3241 voluptatem
809 3149 995 3238 regnitui,
1024 3155 1056 3218 et
1081 3145 1266 3218 referemus
1292 3143 1351 3217 tibi
1376 3143 1518 3237 gloriam
1544 3153 1578 3215 et
1607 3141 1757 3233 lauaem,
1790 3153 1825 3217 et
1857 3143 1950 3216 Patri

580 3271 656 3356 tua,
684 3270 717 3332 et
743 3260 878 3358 Spiritui
905 3271 1043 3352 sancto,
1068 3284 1173 3350 nunc,
1202 3270 1264 3334 eto.

1030 3618 1507 3665 -W

661 4007 727 4097 IN
767 4007 1149 4129 LITURG‘IAM
1187 4008 1432 4102 JAGOBI
1460 3999 1866 4101 subtantiis

1163 4217 1363 4304 burun.

1034 4499 1068 4570 1.
1106 4501 1232 4574 Jacobs⁸
1258 4501 1498 4574 Botaaaeosia.

676 4688 841 4774 Fnuauuus
870 4700 977 4765 Jacobi
1006 4702 1094 4785 hujus
1115 4706 1259 4768 memoria
1287 4713 1334 4767 est
1356 4705 1434 4787 apud
1464 4704 1558 4787 Syros
1585 4703 1753 4782 moabitas,
1782 4711 1948 4785 extantque

580 4807 645 4888 ejus
661 4805 780 4867 nornine
793 4803 938 4867 Homiiiae
961 4822 1022 4868 non
1044 4824 1160 4888 paucae
1183 4806 1337 4889 Syriacae,
1361 4817 1391 4871 et
1413 4807 1559 4890 opuscula
1571 4805 1756 4890 Theologica
1778 4808 1808 4869 in
1832 4805 1946 4870 Codice

580 4905 785 4987 antiquissimo
809 4904 994 4970 Colbertina.
1039 4903 1194 4969 Citatura
1222 4906 1307 4970 blase
1334 4907 1491 4989 Baroepba
1519 4907 1550 4969 in
1573 4904 1794 4970 Commentario
1825 4905 1864 4969 de
1885 4891 1947 4968 Pa-

578 5006 691 5086 radiso,
713 5023 771 5069 nec
793 5005 898 5068 rubum
920 5023 987 5068 curn
1009 5005 1039 5068 in
1063 5005 1168 5069 eadem
1189 5013 1317 5088 uterque
1340 5015 1423 5071 sacta
1445 5007 1564 5070 vixerit.
1608 5005 1724 5068 Batnan
1746 5013 1845 5068 autem
1867 5021 1947 5085 quae
