4814 6060
692 633 768 707 550
1204 631 1566 710 LITURGIA

693 820 842 893 cordiam
871 841 1114 916 consequamur
1140 823 1174 890 in
1201 817 1254 889 die
1284 819 1407 910 justae,
1443 827 1542 916 atque
1569 839 1697 914 aequae
1729 829 1805 890 tuae
1831 817 2071 910 retributionis,

692 959 755 1032 per
782 939 940 1028 gratiam,
967 933 1248 1022 misericordiam,
1275 957 1316 1006 ac
1343 957 1491 1007 amorem
1517 936 1678 1026 unigeniti
1704 933 1779 1006 Filii
1811 939 1858 1008 tui
1892 958 1976 1028 erga
2003 933 2070 1007 hu-

693 1075 827 1124 manum
853 1073 976 1144 genus:
1003 1073 1065 1147 per
1091 1073 1191 1145 quern
1216 1059 1250 1120 et
1277 1073 1351 1122 cum
1379 1073 1445 1144 quo
1472 1048 1532 1122 tibi
1559 1047 1697 1122 debetur
1723 1049 1814 1138 leue,
1842 1059 1876 1120 et
1901 1049 2011 1143 gloria
2038 1063 2072 1124 et

692 1177 866 1264 potestas,
901 1179 935 1240 et
968 1191 1042 1238 cum
1077 1168 1289 1240 sanctissimo
1322 1177 1378 1237 tuo
1411 1165 1555 1260 Spiritu,
1587 1163 1696 1256 bono,
1732 1164 1926 1258 adorando,
1967 1171 2071 1240 vitam

691 1283 878 1375 largiente,
906 1293 1006 1378 atque
1034 1280 1090 1354 tibi
1124 1284 1157 1353 in
1192 1282 1376 1356 substantia
1410 1282 1559 1376 aequali,
1592 1303 1680 1354 nunc
1714 1291 1748 1352 et
1781 1301 1932 1377 semper,
1973 1292 2007 1354 et
2037 1286 2070 1354 in

692 1399 827 1472 saecula
855 1397 1076 1472 saeculorum.
1441 1397 1602 1490 Populus.
1656 1398 1776 1469 Arnen.

795 1514 971 1585 Sacerdos
1002 1513 1195 1584 inclinatus.
1249 1511 1373 1584 Sancte
1401 1512 1599 1586 Sanctorum
1627 1511 1771 1584 Domine
1787 1510 1880 1583 Deus
1899 1513 2068 1601 virtutum,

693 1630 861 1704 oderimus
890 1627 948 1702 tibi
976 1629 1173 1703 sacrificium
1200 1627 1265 1700 hoc
1292 1628 1514 1700 reverendum
1542 1638 1576 1699 et
1604 1631 1828 1716 incruentum,
1855 1649 1917 1723 pro
1941 1625 2068 1698 Eccle-

693 1751 752 1822 siis
795 1749 939 1836 sanctis,
976 1767 1062 1839 quoe
1090 1768 1110 1815 a
1137 1743 1256 1816 tinibus
1296 1754 1408 1816 terrae
1451 1766 1557 1839 usque
1595 1743 1637 1814 ed
1674 1743 1759 1816 fines
1796 1745 1869 1834 ejus
1911 1747 2067 1816 existunt.

692 1864 863 1936 Memento
891 1865 990 1934 etiam
1017 1863 1109 1933 Deus
1137 1860 1235 1952 hujus
1256 1868 1393 1931 nostrae
1413 1859 1599 1947 Ecclesiae,
1627 1881 1810 1952 eorumque
1826 1860 1881 1954 qui
1894 1861 1928 1928 in
1938 1857 2067 1930 Eccle-

693 1981 750 2052 siis
778 1981 949 2066 serviunt,
976 1977 1110 2070 Patrum
1137 1973 1249 2048 bonae
1275 1977 1457 2046 memoriae
1485 1985 1519 2046 et
1531 1973 1745 2046 Patriarchae
1758 1977 1864 2046 nostri
1877 1974 2012 2046 Domini
2026 1973 2067 2047 N.

693 2103 791 2187 atque
818 2092 1020 2189 reliquorum
1048 2095 1193 2163 omnium
1219 2089 1463 2187 Episcoporum
1485 2089 1768 2194 orthodoxorum,
1795 2089 2067 2186 prudentiamque
2200 2163 2202 2173 ,

692 2219 726 2280 ct
752 2208 975 2281 tortitudinem
1003 2206 1137 2281 cuilibet
1162 2207 1292 2279 illorum
1320 2205 1471 2296 tribuit03
1499 2215 1535 2277 ut
1551 2214 1644 2278 recte
1659 2213 1800 2303 pascant
1821 2227 1963 2298 gregem
1977 2217 2068 2277 tuum

691 2347 834 2397 sacrum.
887 2324 1057 2396 Memento
1086 2325 1184 2394 etiam
1201 2319 1480 2418 Presbqterorum
1501 2321 1789 2410 Orthodoxorum,
1816 2320 2066 2393 Diaconorum-

692 2464 775 2535 que,
805 2445 860 2537 qui
886 2438 998 2512 ubivis
1032 2441 1106 2512 sive
1139 2441 1258 2510 mortui
1294 2442 1369 2512 sive
1402 2443 1600 2534 superstites
1634 2449 1729 2526 sunt,
1763 2448 1797 2509 et
1828 2436 1904 2508 dato
1935 2436 2000 2508 illis
2032 2447 2068 2508 ut

690 2557 858 2652 inculpate
885 2559 1035 2628 serviant
1062 2553 1104 2625 ad
1132 2577 1226 2626 aram
1252 2566 1412 2627 sanctam.
1464 2555 1502 2626 ln
1538 2554 1736 2647 virginitate
1770 2563 1869 2647 atque
1900 2551 2067 2625 sollicitu-

692 2671 769 2743 dine
797 2672 1003 2759 durantium,
1030 2678 1197 2741 momento
1225 2668 1336 2760 Deus,
1364 2693 1405 2742 ac
1432 2672 1588 2742 miseriae
1615 2672 1714 2741 etiam
1747 2691 1862 2758 meae,
1898 2693 2067 2766 parceque

685 2785 768 2859 ‘mihi
795 2788 968 2882 peccatori
993 2783 1162 2879 inutilique
1189 2807 1292 2858 servo
1320 2795 1393 2875 tuo,
1422 2789 1475 2857 cui
1502 2788 1643 2878 gratiam
1670 2784 1976 2880 benignitatemque
2007 2790 2067 2857 vi-

692 2926 825 2978 scerum
852 2912 980 2974 tuorum
1008 2898 1200 2974 exhibuisti:
1228 2926 1268 2973 ac
1294 2925 1348 2972 me
1376 2905 1439 2983 etsi
1472 2901 1641 2994 indignum
1678 2901 1820 2991 redime,
1853 2924 1915 2997 pro
1950 2884 2081 2975 multi-¹

691 3017 803 3091 tudine
830 3020 1079 3090 miserationum
1106 3027 1247 3106 tuarum,
1274 3028 1310 3089 ut
1336 3028 1369 3090 te
1396 3039 1531 3113 semper
1557 3017 1688 3089 laudem
1716 3039 1936 3113 peromnem
1963 3020 2065 3089 vitam

691 3157 819 3206 meam:
846 3133 952 3216 libera
978 3156 1032 3204 me
1059 3132 1101 3204 ab
1130 3133 1283 3206 omnibus
1311 3134 1366 3228 qui
1393 3133 1535 3206 oderunt
1560 3156 1634 3224 rne,
1662 3143 1696 3204 et
1729 3141 1965 3206 convertantur
1998 3135 2066 3204 ini-

692 3254 768 3322 mici
796 3252 860 3322 mei
888 3261 1081 3323 retrorsum.
1135 3250 1241 3345 Aperi
1269 3249 1387 3321 oculos
1414 3253 1533 3321 mentis
1560 3271 1675 3337 meae,
1701 3259 1737 3320 ut
1749 3247 1887 3320 irradiet
1902 3247 2066 3321 illustret-

693 3390 759 3461 que
785 3388 841 3437 me
866 3366 998 3455 lumen,
1026 3367 1068 3438 ad
1096 3364 1333 3458 cognoscenda
1361 3387 1401 3436 ea
1430 3387 1531 3438 sensa
1559 3387 1644 3460 quac
1672 3364 1729 3436 tibi
1757 3366 1849 3436 Deus
1870 3376 2067 3455 congruunt.

692 3483 863 3555 Memento
890 3479 985 3553 Deus
1013 3485 1112 3554 etiam
1139 3481 1253 3578 populi
1280 3482 1444 3576 sperantis
1471 3483 1506 3551 in
1533 3480 1769 3555 misericordiis
1785 3482 1863 3566 tuis,
1893 3503 1933 3550 ao
1949 3479 2067 3554 domos

589 3654 597 3662 .
694 3621 809 3672 eorum
836 3602 870 3670 in
897 3621 982 3692 paco
1010 3608 1223 3671 conservato.
1276 3594 1463 3670 Herbarum
1491 3621 1626 3694 quoque
1653 3608 1686 3669 et
1712 3607 1823 3669 terrae
1840 3596 1972 3688 frugum
1988 3620 2066 3669 me·
2102 3661 2105 3668 .

693 3717 829 3786 mineris
863 3713 973 3785 Deu's:
1015 3713 1158 3808 datoque
1190 3710 1289 3785 nobis
1320 3713 1451 3809 pluvias
1487 3718 1722 3809 tempestivas,
1759 3736 1799 3784 ac
1833 3711 2067 3785 benedictione

694 3841 750 3903 tua
781 3832 994 3927 persequitor
1027 3852 1188 3902 coronam
1221 3831 1297 3900 anni
1330 3828 1588 3921 benignissime:
1621 3833 1852 3925 imperatoque
1886 3838 1998 3902 terrae
2030 3840 2066 3906 ut

693 3946 749 4017 det
774 3946 901 4017 fructus
929 3967 1025 4034 suos,
1053 3949 1128 4040 quia
1157 3944 1243 4017 oculi
1271 3948 1416 4017 omnium
1443 3945 1485 4018 ab
1514 3955 1548 4017 te
1573 3945 1727 4041 pendent.
1825 4041 1828 4047 Ι

797 4061 864 4132 Hic
901 4061 1046 4133 sustollit
1079 4083 1206 4132 coeam.
1266 4062 1379 4156 Atque
1420 4084 1501 4134 erue
1535 4082 1598 4134 nos
1633 4060 1815 4134 fortissime
1848 4060 2010 4148 Domine,
2044 4086 2065 4133 a

691 4177 800 4265 lanne,
827 4177 902 4266 lue,
930 4186 1042 4248 terrae
1069 4185 1175 4264 motu,
1203 4176 1374 4268 incendio,
1401 4176 1645 4271 submersione,
1673 4188 1772 4273 atque
1798 4186 2063 4273 apersecutorc,

691 4292 1007 4388 insurgentibusque
1035 4292 1198 4365 adversus
1224 4314 1288 4365 nos
1315 4293 1454 4366 inimicis
1482 4292 1739 4389 aspectabilibus
1762 4305 1795 4366 et
1813 4315 1881 4365 non
1901 4305 2062 4390 aspecta-

691 4408 831 4496 bilibus,
859 4411 913 4502 qui
946 4410 1078 4481 ratione
1111 4419 1307 4498 cernuntur,
1342 4420 1377 4480 ct
1409 4413 1465 4504 qui
1498 4432 1599 4482 sensu
1634 4413 1877 4507 percipiuntur:
1905 4433 1924 4480 a
1951 4410 2064 4503 gladio

690 4523 799 4611 malo,
827 4533 861 4594 ct
887 4521 929 4594 ab
959 4526 1047 4596 omni
1074 4545 1173 4596 manu
1202 4523 1401 4620 populorum
1428 4524 1707 4619 alienigenarum:
1735 4525 1776 4597 ab
1793 4524 1979 4600 hominibus
1995 4531 2063 4598 im-

689 4637 803 4736 probis
824 4647 857 4709 et
874 4637 1103 4728 fraudulentis,
1127 4649 1225 4734 atque
1250 4663 1269 4710 a
1294 4641 1504 4736 loquentibus
1526 4665 1703 4739 perversa.
1755 4642 1799 4714 Et
1818 4665 1937 4738 pacem
1964 4653 2063 4732 tuam,

565 4763 566 4768 ’
690 4777 776 4849 quae
811 4776 942 4826 ornnem
976 4754 1163 4826 intellectus
1197 4766 1329 4852 captum
1370 4757 1519 4846 excedit,
1553 4757 1675 4830 donato
1708 4759 1825 4846 nobis,
1862 4756 2064 4853 imbuitoquc

691 4870 794 4943 corda
821 4881 936 4942 nostra
963 4868 1168 4962 benignitate
1197 4881 1230 4942 et
1255 4870 1438 4966 probitate:
1466 4897 1506 4945 ac
1534 4873 1671 4966 dignare
1698 4897 1761 4948 nos
1783 4876 1970 4946 consistere
1997 4896 2063 4946 oo-

678 5007 762 5057 ram
791 4997 841 5073 te,
869 4985 928 5057 tibi
954 4989 1097 5075 vivere,
1125 4989 1181 5059 tibi
1208 4987 1345 5082 placere
1371 4987 1524 5061 omuibus
1551 4989 1668 5062 dicbus
1696 4993 1787 5060 vitae
1819 4997 1970 5088 nostrae:
2003 5011 2065 5086 per

691 5104 855 5192 gratiam,
882 5101 1164 5195 misericordiam,
1191 5103 1298 5201 atque
1317 5127 1465 5178 amorem
1499 5107 1660 5198 unigeniti
1693 5103 1769 5177 Filii
1800 5107 1847 5176 tui
1880 5126 1963 5196 erga
1996 5103 2091 5177 hu-·
