4728 6028
679 537 728 614 76
1052 540 1665 622 OBSERVATIONES

677 733 784 790 statam
805 723 926 790 iaciunt.
970 727 1154 808 Praeparant
1176 719 1285 808 nehrpe
1306 745 1430 790 suorum
1451 734 1567 790 mentes
1588 727 1627 792 ad
1648 746 1791 794 summam
1812 731 1958 812 mysterii,
1982 747 2042 794 cu-

673 825 725 907 jus
745 841 833 888 sacra
860 823 947 888 Actio
965 825 1085 908 jamjam
1107 825 1273 889 inchoanda
1295 833 1353 904 est,
1375 828 1586 904 reverentiam,
1608 826 1816 893 denunciando
1839 847 1896 910 per
1915 829 2042 892 Diaconi

678 941 799 1001 vocem,
822 920 953 986 futurum
974 943 1045 988 mox
1066 925 1097 987 in
1119 923 1205 988 altari
1228 941 1338 1006 corpus
1361 932 1392 987 et
1413 926 1588 1008 sanguinem
1612 925 1732 991 Christi.
1776 928 1870 992 l‘orro
1892 945 1962 990 oum
1983 928 2040 991 ad-

647 1089 649 1094 ,
677 1023 801 1086 hibeant
822 1023 946 1103 propria
969 1023 1175 1106 chrysostomi
1197 1022 1382 1105 aliorumque
1395 1023 1552 1088 Ecclesiae
1574 1025 1727 1104 luminum,
1748 1027 1897 1090 inculcata
1918 1029 2041 1108 saepius

675 1123 714 1184 ad
736 1119 879 1202 populum
901 1122 1003 1200 verba,
1025 1123 1094 1186 dum
1116 1122 1166 1184 illa
1188 1121 1219 1184 in
1241 1123 1422 1196 contrariam
1444 1123 1532 1202 plane
1552 1124 1741 1202 sententiam,
1762 1125 1920 1188 Albertino
1943 1127 2041 1188 inter-

674 1227 763 1302 prete
785 1220 988 1284 l'rotestantes
1011 1228 1159 1299 avertunt,
1182 1219 1326 1302 plaudunt
1348 1221 1459 1284 frustra
1482 1221 1540 1303 ipsi
1561 1223 1628 1284 sibi.
1664 1223 1738 1286 Nam
1753 1225 1780 1286 si
1796 1232 1933 1287 veterum
1946 1224 2040 1287 verba

675 1319 748 1383 satis
772 1337 867 1382 exse
889 1320 1067 1400 perspicua,
1098 1321 1318 1384 commentariis
1341 1321 1403 1382 suis
1426 1320 1555 1383 obscura
1578 1319 1703 1395 iaciunt;
1731 1331 1762 1384 at
1791 1340 1827 1384 ea
1855 1340 1933 1404 quae
1962 1323 2041 1384 inter

676 1417 778 1481 0lllcie
801 1435 889 1481 saera
910 1420 1148 1499 pronunciantur
1171 1418 1208 1482 ad
1230 1419 1361 1500 plebem,
1384 1420 1490 1482 ritihus
1511 1421 1551 1482 ita
1575 1419 1822 1500 detenninantur‚
1845 1430 1878 1484 ut
1899 1422 1930 1484 in
1953 1421 2041 1483 aliam

676 1518 807 1595 ommno,
831 1517 980 1580 diversam
1003 1518 1039 1580 ab
1063 1536 1099 1580 eu
1123 1535 1210 1599 quam
1232 1520 1298 1600 ipsa
1318 1518 1412 1582 verba
1435 1518 1565 1582 ollemnt
1587 1519 1845 1602 significationem,
1868 1520 2042 1600 detorqueri

674 1624 835 1698 nequeant.
868 1616 955 1689 Quod
972 1617 1052 1679 enim
1074 1617 1157 1680 initio
1179 1635 1285 1681 sacrae
1298 1616 1433 1680 Actionis
1456 1619 1636 1681 annunciant
1647 1618 1782 1695 Diaconi,
1805 1619 1890 1699 quasi
1911 1617 2041 1682 sumnum

675 1715 765 1797 paulo
795 1723 880 1796 post;
910 1716 988 1778 idem
1016 1734 1075 1797 qua
1102 1715 1178 1778 hora
1207 1715 1377 1798 perficitur,
1405 1717 1436 1779 in
1466 1717 1637 1780 memoriam
1660 1724 1823 1796 revocant,
1851 1716 2040 1799 persimiles

674 1814 937 1896 proclamationes,
959 1819 1095 1894 tempore
1118 1815 1352 1878 consecrationis
1373 1815 1559 1878 inchoandae
1582 1823 1612 1878 et
1634 1823 1856 1879 consummatae
1878 1834 1933 1896 per
1945 1815 2041 1878 verba

676 1913 788 1977 Christi
811 1922 841 1977 et
863 1913 1086 1976 invocationem
1109 1914 1237 1996 Spiritus
1259 1915 1370 1978 sancti:
1398 1913 1509 1977 lactum
1538 1933 1609 1978 esse
1636 1923 1784 1978 testantur
1813 1914 1948 1978 similiter
1970 1922 2039 1976 ante

676 2014 923 2090 communionem,
946 2011 1138 2094 populusque
1160 2013 1308 2094 approbat
1330 2012 1457 2077 dicendo
1479 2013 1583 2078 Amen.
1614 2013 1677 2078 Nec
1690 2014 1721 2075 in
1734 2032 1771 2076 eo
1785 2012 2041 2077 consistitOrien-

675 2112 777 2175 talium
805 2112 931 2194 religio,
961 2129 1028 2174 cum
1055 2119 1218 2192 praeterea
1244 2111 1313 2174 fidei
1336 2109 1495 2175 Confessio
1517 2121 1586 2175 ante
1608 2113 1792 2176 sacramenti
1813 2113 2041 2194 perceptionem

675 2211 795 2293 publice
819 2211 880 2288 bat,
902 2217 935 2272 ut
957 2211 988 2272 in
1010 2209 1231 2274 Commentario
1254 2211 1291 2274 ad
1314 2212 1439 2292 primam
1459 2211 1626 2293 Liturgiam
1648 2213 1818 2292 expositum
1840 2219 1897 2276 est.

761 2309 889 2373 Brevior
910 2309 1002 2372 multo
1026 2317 1072 2374 est
1093 2309 1268 2393 inLiturgia
1292 2309 1408 2374 Graeca
1431 2310 1507 2374 haec
1520 2311 1647 2374 Diaconi
1658 2310 1773 2390 Oratio,
1795 2311 1821 2372 si
1844 2318 1942 2372 tamen
1958 2315 2042 2371 extat

675 2410 793 2491 integra
806 2410 836 2471 in
845 2409 976 2494 vulgatis
990 2406 1167 2472 Codicssrus:
1190 2410 1383 2491 manuscripti
1406 2410 1484 2472 enim
1505 2410 1650 2472 rarissimi
1671 2417 1750 2488 sunt,
1773 2411 1872 2490 quiae
1887 2407 2042 2472 sexcentis

677 2509 762 2570 annis
791 2508 841 2570 ille
871 2507 1012 2589 usurpari
1045 2509 1124 2589 apud
1153 2508 1346 2572 Orthodoxos
1380 2506 1667 2590 Hierosolymitanos
1697 2507 1794 2570 desiit.
1838 2509 1918 2570 Fieri
1941 2513 2042 2569 autem

676 2608 785 2689 potuit,
807 2614 840 2668 ut
862 2607 974 2668 initium
998 2608 1199 2670 tantummodo
1222 2609 1439 2690 assignaretur,
1462 2607 1492 2670 id
1506 2608 1617 2689 qqupe
1631 2605 1728 2669 multis
1745 2607 1810 2670 aliis
1832 2609 1862 2669 in
1885 2607 1960 2670 locis
1984 2623 2042 2667 usu

676 2706 771 2769 venit.
794 2705 916 2769 Addere
929 2723 1049 2786 quoque
1063 2707 1205 2769 nonnulla
1213 2707 1282 2788 Syri
1292 2715 1435 2789 potuere:
1458 2706 1536 2788 quod
1559 2723 1652 2787 saepe
1675 2701 1864 2769 factumest:
1887 2703 2042 2768 sedaddi·

675 2811 806 2868 tamenta
824 2803 874 2868 illa
887 2805 1014 2885 plurium
1028 2804 1218 2868 saeculorum
1234 2813 1361 2869 aetatem
1374 2804 1489 2868 lerunt:
1512 2823 1569 2868 nec
1584 2805 1754 2886 quidquem,
1769 2805 1849 2886 quod
1865 2803 1933 2865 alibi
1947 2820 2041 2884 saepe

675 2904 836 2985 repetitum
865 2921 925 2967 non
955 2914 1111 2981 occurrat,
1140 2907 1311 2985 continent,
1341 2905 1479 2986 omnique
1502 2903 1579 2968 adeo
1601 2905 1742 2967 novitatis
1765 2903 1938 2986 suspicione
1960 2901 2040 2966 libc-

675 3008 789 3064 rantur.

763 3100 850 3174 Quod
872 3100 984 3184 legitur
1005 3103 1035 3164 in
1056 3101 1115 3164 bne
1137 3120 1217 3164 cosa
1237 3121 1330 3164 sacro
1353 3100 1527 3183 offeruntur,
1551 3110 1605 3164 etc.
1628 3120 1684 3166 nos
1705 3104 1854 3166 nonsatis
1871 3100 2042 3182 intelligere

676 3201 807 3285 ingenue
829 3199 967 3279 latemur,
990 3201 1128 3264 sednon
1151 3201 1276 3284 alicujus
1299 3220 1368 3265 esse
1390 3201 1532 3263 momenti
1553 3203 1751 3266 certissimum
1774 3210 1830 3265 est.

763 3299 873 3364 Omnes
896 3317 989 3382 porro
1012 3300 1165 3364 orationes
1188 3301 1258 3363 illae
1280 3301 1434 3382 praeviae,
1457 3300 1631 3382 desumptae
1653 3309 1723 3365 sunt
1744 3321 1785 3364 ex
1804 3301 1911 3364 iacobi
1923 3298 2041 3362 Graeca

675 3399 829 3483 Litargon,
859 3401 993 3480 quamuis
1020 3401 1051 3462 in
1066 3459 1067 3462 ,
1080 3419 1116 3463 ea
1146 3419 1207 3464 non
1235 3401 1342 3465 eodem
1368 3416 1494 3482 prorsus
1523 3399 1629 3463 ordinm
1651 3400 1832 3482 dispositae:
1861 3408 1891 3462 et
1916 3398 2041 3463 totidem

675 3515 773 3580 prope
802 3498 905 3562 verbis
934 3498 1076 3583 leguntur
1101 3500 1133 3561 in
1162 3498 1303 3581 Coptica,
1333 3499 1457 3562 Graecis
1479 3497 1710 3576 Alexandrinis,
1732 3507 1763 3564 et
1785 3499 1921 3563 omnibus
1943 3515 2040 3579 prope

677 3597 758 3677 aliis,
789 3598 858 3679 quia
890 3597 1006 3662 scilicet
1034 3599 1157 3680 spiritus
1184 3599 1341 3662 Ecclesiae
1370 3597 1501 3680 loquitur
1537 3599 1566 3660 in
1598 3597 1673 3678 illis,
1706 3608 1737 3664 et
1769 3599 1880 3683 linguis
1910 3597 2040 3661 omnium

676 3699 818 3781 gentium.

1138 3957 1232 4029 Date
1253 3981 1386 4051 pacem,
1414 3964 1476 4029 otc.

768 4165 914 4245 Oscum
936 4179 1020 4260 pacis
1043 4176 1122 4260 apud
1145 4178 1256 4259 Syros,
1284 4175 1356 4240 Pas
1378 4185 1505 4241 vocatur
1527 4176 1718 4258 simpliciter,
1748 4177 1800 4259 qui
1821 4193 1895 4240 usus
1918 4193 2040 4258 qunque

675 4282 809 4366 vulgaris
833 4280 912 4363 apud
935 4299 1001 4361 nos,
1024 4289 1056 4344 ut
1079 4282 1167 4345 etiam
1191 4299 1259 4344 curn
1280 4279 1411 4345 Arabico
1433 4281 1578 4346 scribunt.
1601 4279 1790 4344 Observatur
1811 4278 1917 4342 eadem
1937 4279 2042 4344 Osculi

674 4381 771 4446 sancti
794 4379 948 4462 disciplina
971 4380 1050 4462 apud
1072 4380 1228 4444 Ecclesiae
1251 4398 1355 4446 omnes
1373 4381 1554 4459 OrientuleS,
1576 4380 1791 4461 cujuscumque
1812 4378 1945 4462 linguae,
1968 4379 2041 4442 abs-

676 4499 735 4563 que
757 4479 819 4544 ullo
836 4479 1014 4545 discrimine.
1049 4479 1188 4544 Canones
1208 4480 1259 4562 qui
1273 4478 1311 4542 de
1323 4479 1488 4543 illaextant
1500 4499 1540 4542 ex
1552 4479 1706 4543 veteribus
1722 4477 1876 4557 conciliis,
1900 4473 2042 4560 leguntur

675 4581 810 4646 similiter
831 4579 862 4642 in
885 4579 1021 4644 omnihus
1044 4577 1295 4659 collectionibus,
1325 4588 1356 4642 et
1380 4580 1411 4641 in
1434 4578 1558 4662 Syriaca
1580 4597 1654 4661 prae
1676 4577 1799 4658 reliquis
1822 4577 2040 4658 antiquissima:

676 4673 915 4762 observaturque
938 4679 1126 4761 praesertim,
1148 4687 1181 4742 ut
1203 4680 1259 4742 viri
1281 4681 1365 4742 viros
1380 4679 1571 4755 osculentur;
1594 4678 1747 4757 mulieres,
1770 4679 1816 4740 sui
1838 4695 1930 4740 sexus
1953 4677 2039 4742 alias.

675 4778 825 4844 Sacerdos
847 4797 934 4842 sacra
957 4778 1132 4858 celebrans,
1155 4797 1222 4842 eum
1244 4797 1306 4858 pax
1327 4777 1423 4842 danda
1446 4788 1503 4858 est,
1527 4777 1678 4842 osculetur
1700 4778 1797 4858 primo
1819 4776 1930 4856 altare,
1954 4785 1985 4841 et
2006 4786 2039 4842 ut

675 4876 870 4941 Orientalium
886 4876 1073 4942 consuetudo
1090 4884 1146 4956 est,
1170 4878 1264 4941 tribus
1287 4877 1318 4938 in
1339 4877 1426 4958 locis,
1450 4878 1493 4940 od
1514 4877 1706 4956 captandum,
1729 4884 1762 4939 ut
1784 4877 1876 4955 aiunt,
1899 4895 2040 4940 emeram

674 4979 757 5040 citae
778 4977 1021 5054 benedictionem.
1053 4978 1127 5041 Tum
1149 4975 1200 5040 dat
1221 4975 1356 5040 osculum
1379 4977 1536 5042 Sacerdoti
1557 4977 1744 5057 ministranti,
1767 4976 1793 5038 si
1816 4977 1883 5056 quis
1906 4985 1964 5056 est,
1988 4984 2041 5040 aut
