4782 6068
816 585 1178 665 utstottt.
1605 587 1680 663 625

307 772 382 846 bter
414 771 604 846 Ecclesiam
640 783 727 846 tuam
761 784 911 848 sanctam
940 774 1104 847 illustrant
1139 771 1296 870 operibus
1331 777 1490 868 justitiae.
1542 775 1587 848 Et
1619 799 1681 873 pro

309 888 471 977 omnibus,
499 892 555 984 qui
580 889 781 986 profundunt
806 890 1042 986 eleemosynas
1069 912 1148 964 suas
1183 912 1286 986 super
1319 913 1497 988 pauperes.
1549 891 1594 964 Et
1617 917 1681 989 pro

308 1004 460 1078 omnihus
486 1005 639 1099 Regibus
661 1006 824 1098 fidelihus,
851 1017 886 1078 et
912 1005 1090 1082 stabilitate
1104 1009 1202 1098 regni
1220 1005 1361 1078 illorum.
1413 1006 1457 1079 Ει
1482 1030 1545 1102 pro
1567 1013 1681 1082 omui·-

306 1119 369 1192 bus
396 1120 600 1218 principibus
628 1132 662 1194 et
686 1121 909 1220 potentatibus
935 1121 1032 1216 hujus
1060 1122 1203 1195 saeculi:
1232 1120 1449 1196 obsecramus
1475 1133 1510 1195 te
1536 1125 1681 1197 Domine

308 1245 342 1308 et
368 1236 587 1334 deprecamur
614 1247 658 1328 te,
685 1243 780 1311 utin
806 1237 871 1310 illis
898 1237 1073 1310 confirmes
1101 1241 1252 1310 timorem
1280 1249 1388 1324 tuum,
1422 1250 1457 1311 et
1489 1241 1619 1336 plantes
1647 1243 1681 1311 in

178 1379 183 1388 ·
307 1351 371 1424 illis
398 1357 574 1428 veritatem
602 1366 701 1441 tuam,
729 1367 763 1427 et
790 1353 947 1447 subjicias
974 1354 1037 1427 illis
1065 1377 1181 1428 omnes
1208 1353 1371 1429 barbaras
1397 1359 1560 1428 nationes.
1600 1355 1680 1428 Ro-

307 1494 427 1566 gamus
455 1471 658 1544 divinitatem
684 1481 771 1544 tuam
799 1473 951 1560 Domine,
979 1482 1014 1544 ut
1040 1474 1239 1568 comprimas
1255 1468 1343 1543 bebo
1365 1495 1385 1544 a
1411 1471 1529 1545 tinibus
1556 1480 1680 1563 terrae,

309 1599 343 1662 et
374 1589 517 1686 dissipes
550 1588 627 1659 inde
662 1597 782 1680 gentes
815 1609 901 1682 quae
933 1586 1055 1660 bellum
1081 1586 1215 1676 volunt,
1246 1598 1282 1658 ut
1313 1586 1549 1661 habitationem
1582 1599 1680 1660 tran-

309 1705 441 1800 quillam
474 1715 508 1777 et
542 1708 684 1799 quietam
718 1701 920 1794 habeamus,
954 1707 989 1776 iu
1021 1707 1109 1777 omni
1141 1707 1358 1801 temperantia
1395 1715 1429 1777 et
1459 1709 1578 1778 timore
1604 1704 1681 1775 Dei.

307 1820 352 1893 m
384 1845 446 1919 pro
479 1819 641 1893 fructibus
676 1831 802 1907 terrae,
835 1823 990 1916 aerisque
1022 1822 1201 1915 temperie,
1240 1831 1276 1892 ut
1308 1819 1524 1894 benedicatur
1554 1841 1680 1893 corona

309 1942 386 2011 anni
419 1961 482 2035 per
516 1941 655 2030 gratiam
691 1945 789 2009 tuanr.
844 1933 888 2007 Et
919 1959 982 2033 pro
1017 1934 1082 2006 hoc
1120 1936 1198 2008 loco
1239 1945 1273 2007 et
1313 1935 1553 2042 habitatoribus
1593 1940 1679 2030 ejus,

259 2035 263 2045 ⁴
309 2053 528 2149 omnibusque
553 2051 748 2146 regionibus
775 2061 809 2124 et
835 2050 1074 2131 habitatoribus
1102 2073 1228 2141 earum,
1255 2059 1291 2122 ut
1315 2052 1444 2126 illorum
1476 2057 1680 2142 misereariS,

308 2172 373 2244 illis
399 2169 593 2259 benedicas,
619 2167 761 2263 illosque
788 2169 956 2242 custodias
983 2178 1017 2240 et
1041 2179 1223 2264 protegas,
1254 2190 1317 2263 per
1348 2168 1553 2243 clementiam
1582 2181 1680 2242 tuam.

308 2286 353 2360 Et
377 2309 439 2383 pro
467 2283 618 2358 omnibus
646 2289 701 2380 qui
728 2288 761 2355 iu
791 2287 910 2356 itinere
936 2293 1011 2358 sunt
1037 2286 1070 2354 in
1097 2282 1243 2356 maribus
1277 2296 1333 2357 out
1364 2289 1497 2360 inviis.
1549 2285 1593 2358 Et
1618 2309 1680 2382 pro

287 2403 462 2478 'omuibus
490 2404 544 2496 qui
571 2411 647 2473 sunt
672 2403 705 2471 in
719 2399 873 2488 viucuhs,
899 2403 932 2471 in
953 2403 1127 2492 angustiis,
1156 2409 1189 2471 ot
1205 2401 1503 2495 persecutionibus,
1531 2425 1681 2499 oppres-

310 2519 459 2593 sionibus
488 2529 522 2590 et
547 2515 736 2590 tumultibus
762 2526 901 2613 propter
925 2538 1048 2587 nomen
1076 2525 1174 2587 tuom.
1226 2514 1271 2587 Et
1295 2538 1358 2611 pro
1387 2517 1538 2591 omnihus
1566 2523 1682 2614 quiin

309 2636 444 2708 exilium
472 2636 584 2726 ejecti,
611 2643 645 2706 et
672 2636 726 2729 qui
753 2637 786 2704 in
813 2630 1077 2706 tribulationibus
1104 2640 1139 2702 et
1165 2631 1358 2706 carceribus
1392 2638 1427 2706 in
1460 2634 1585 2707 insulas
1618 2657 1682 2706 re-

309 2764 418 2826 motas
454 2749 495 2822 od
531 2759 725 2847 perpetuum
757 2749 951 2846 supplicium
983 2752 1125 2844 projecti
1159 2758 1251 2821 sunt:
1288 2760 1344 2822 out
1386 2750 1489 2823 durae
1530 2754 1683 2826 servituti

310 2869 441 2942 addicti.
494 2867 538 2940 m
568 2889 630 2963 pro
666 2863 817 2938 omnihus
848 2864 1008 2938 fratribus
1041 2868 1164 2938 nostris
1200 2869 1255 2960 qui
1291 2876 1367 2939 sunt
1405 2871 1438 2939 in
1472 2872 1682 2964 captivitate:

310 2989 517 3082 petimusque
545 3006 565 3054 a
591 2994 625 3053 te
651 2981 816 3068 Domine,
843 2989 878 3051 ut
903 2979 1044 3072 adjuves
1080 2982 1179 3052 etiam
1213 3003 1330 3054 omnes
1363 2986 1419 3076 qui
1451 2980 1621 3056 doloribus
1650 2994 1683 3056 et

312 3100 402 3173 duris
424 3096 663 3170 infirmitatibus
686 3105 865 3169 vexantur.
892 3098 1122 3192 Deprecamur
1144 3118 1275 3190 quoque
1298 3097 1560 3172 misericordiam
1579 3109 1681 3186 mam,

310 3217 466 3304 Domine,
493 3216 721 3310 pergratiam
749 3222 848 3298 tuanr,
875 3236 938 3308 pro
966 3209 1117 3284 omnihus
1144 3213 1284 3283 inimicis
1310 3217 1446 3301 nostris,
1475 3225 1508 3287 et
1534 3214 1598 3288 illis
1626 3219 1681 3310 qui

311 3333 453 3404 oderunt
477 3351 559 3418 nosp
588 3341 622 3401 ot
646 3352 709 3426 pro
745 3326 897 3400 omuibus
931 3331 987 3422 qui
1021 3331 1170 3419 cogitant
1201 3326 1365 3401 adversus
1391 3353 1455 3402 nos
1482 3331 1587 3402 mala:
1614 3323 1682 3402 non

311 3453 345 3521 in
369 3448 523 3541 judicium
551 3470 660 3542 neque
686 3445 945 3537 invindictam,
977 3446 1121 3520 Domine
1146 3444 1239 3515 Deus
1265 3443 1380 3533 sortis,
1415 3445 1476 3519 sed
1504 3447 1546 3518 ad
1572 3450 1681 3519 mise-

311 3569 459 3636 rationes
487 3574 521 3636 et
548 3563 698 3651 salutem,
727 3571 826 3658 atque
852 3562 894 3633 ad
927 3563 1155 3664 remissionem
1182 3571 1416 3657 peccatorum,
1449 3566 1526 3658 quia
1559 3567 1613 3635 vis
1647 3573 1684 3636 ut

312 3703 429 3757 omnes
455 3678 605 3752 homines
631 3683 748 3751 vivant
775 3689 809 3751 et
834 3687 1071 3751 convertantur
1103 3677 1145 3748 ad
1181 3669 1384 3769 agnitionem
1417 3683 1578 3752 veritatis.
1631 3681 1683 3753 Τιι

312 3801 400 3870 enim
426 3799 627 3894 praecepisti
659 3793 756 3869 nobis
789 3818 851 3891 per
876 3793 993 3866 Filium
1027 3803 1115 3865 tuum
1150 3793 1302 3866 dilechrm
1329 3794 1504 3867 Dominum
1531 3803 1682 3869 nostrum

311 3914 427 3987 Jesum
456 3912 641 4002 Christum,
668 3923 704 3986 ut
730 3934 903 3986 oraremus
936 3932 998 4006 pro
1025 3911 1164 3981 inimicis
1192 3913 1334 3998 nostris,
1369 3920 1402 3982 et
1433 3934 1495 4007 pro
1527 3912 1590 3985 illis
1628 3914 1683 4006 qui

313 4029 454 4102 oderunt
478 4051 551 4117 nos,
580 4040 615 4100 et
641 4051 703 4125 pro
730 4028 794 4100 illis
822 4031 877 4123 qui
902 4025 1001 4100 nobis
1027 4029 1190 4120 imperant
1216 4025 1380 4097 violenter
1407 4037 1440 4099 et
1465 4030 1594 4119 injuste.

418 4145 546 4216 Conon.
598 4145 703 4237 lgitur
738 4144 899 4231 Domine,
938 4140 1106 4238 quidquid
1136 4152 1292 4236 tanquam
1333 4141 1482 4214 homines
1523 4141 1682 4215 mortales

313 4265 549 4354 commisimus,
577 4271 611 4333 et
635 4261 863 4356 peccavimus,
891 4258 999 4346 solve,
1026 4257 1171 4344 dimitte,
1199 4257 1294 4329 aufer
1321 4267 1354 4328 et
1385 4281 1488 4355 parce
1521 4269 1556 4328 tu
1582 4257 1681 4346 hone,

314 4382 368 4473 qui
394 4402 456 4475 per
481 4377 742 4450 misericordiam
774 4385 862 4448 tuarn
895 4373 1062 4469 gubernas
1091 4377 1219 4460 omnia,
1255 4383 1291 4444 ut
1323 4396 1397 4444 eum
1434 4375 1613 4447 concordia
1641 4375 1684 4446 ad

313 4517 376 4568 nos
403 4498 559 4582 invicem,
587 4493 772 4566 referamus
798 4493 857 4566 tihi
884 4492 1027 4581 laudem,
1052 4490 1226 4577 honorem,
1252 4492 1432 4582 gratiarum
1461 4494 1626 4563 actionem
1650 4501 1685 4563 et

315 4612 554 4700 adorationem,
580 4632 668 4682 nunc
694 4622 729 4683 et
754 4632 901 4706 semper,
927 4619 961 4681 et
985 4612 1020 4680 in
1045 4605 1181 4680 saecula
1203 4606 1423 4679 saeculorum.

417 4726 593 4797 Sacerdos
618 4730 731 4819 aipact
756 4749 794 4798 se
819 4730 936 4819 ipsam
968 4725 1048 4796 Tum
1071 4723 1250 4794 Diaconos
1276 4722 1369 4793 dicit.
1408 4721 1539 4794 Levate
1566 4723 1683 4797 oculos

313 4853 449 4916 vestros
476 4846 508 4912 in
537 4843 676 4917 excelsa
704 4841 866 4932 sublimia,
895 4853 928 4914 et
954 4841 1090 4937 aspicite
1116 4836 1280 4910 mentibus
1307 4839 1456 4911 cordium
1474 4849 1683 4911 vestrorum:

315 4972 433 5054 rogate
461 4962 561 5032 etiarn
587 4971 621 5033 et
648 4960 870 5057 deprecamini
904 4957 1066 5032 Christum
1099 4955 1303 5030 salvatorem
1323 4967 1494 5044 nostrum,
1529 4964 1565 5027 ut
1596 4976 1684 5050 per-
