4730 6038
642 662 688 738 tu
713 619 976 740 uruuncmu
1007 657 1233 738 muscum.
1538 655 1616 731 aar

256 866 329 911 core
355 847 526 923 uobiscum,
554 846 593 910 de
623 847 688 928 ipso
719 845 839 909 Christo
865 843 1058 936 intelligenda
1085 863 1172 920 esse,
1201 861 1262 908 non
1291 843 1329 908 de
1356 844 1446 928 Agna
1472 843 1617 908 Paschali.

252 947 440 1023 Passionem,
463 947 568 1028 inquit,
591 965 678 1008 mam
699 945 886 1026 desipoohat,
910 946 953 1008 ad
973 947 1058 1024 cujus
1078 944 1300 1006 similitudinem
1322 946 1441 1024 accepit
1457 963 1567 1023 partem
1589 951 1619 1006 ct

250 1045 346 1126 [repit
363 1047 464 1126 pridie
485 1065 574 1128 qaam
592 1053 760 1126 parram,
783 1046 895 1108 doceres
917 1063 979 1121 eoa,
1001 1065 1039 1106 ne
1061 1042 1267 1106 erthudaeis
1288 1062 1397 1124 aquam
1419 1043 1617 1121 immolarent,

253 1151 283 1205 et
304 1147 502 1208 cmuederent.
524 1145 593 1226 lpse
616 1146 694 1208 enim
716 1151 785 1206 erat
805 1146 857 1224 qui
880 1152 1023 1224 tauquam
1045 1161 1141 1224 maus
1159 1161 1218 1221 pro
1240 1144 1316 1222 ipsia
1337 1143 1517 1204 mactandae
1539 1151 1616 1224 erat,

253 1261 292 1304 ea
314 1243 363 1304 die
384 1263 473 1324 prom
493 1244 664 1324 Prophetae
685 1243 723 1305 de
745 1262 781 1305 eo
806 1245 1037 1322 praedixerant.
1082 1241 1164 1304 ilaec
1194 1249 1293 1303 tamen
1319 1241 1469 1304 sententia
1491 1242 1617 1305 illinon

253 1341 409 1424 probatur,
434 1343 568 1424 duasque
590 1342 704 1406 idcirco
729 1360 841 1405 coenas
870 1342 1012 1423 distingui
1030 1341 1132 1422 jubet:
1168 1339 1291 1422 primam
1322 1359 1400 1420 quae
1429 1341 1616 1404 astantibus

252 1448 376 1524 peracta
400 1449 457 1520 est,
479 1461 567 1524 quam
586 1439 732 1524 ,Legalem
755 1439 848 1505 tuisse
872 1441 978 1516 credit,
1000 1440 1080 1522 quod
1092 1441 1132 1503 ita
1151 1439 1293 1523 exLegis
1308 1439 1497 1522 praescripto
1520 1459 1616 1524 agnus

256 1547 322 1602 erat
345 1541 566 1604 comedendus:
595 1540 719 1602 alteram
741 1540 772 1602 in
799 1559 857 1622 qua
885 1557 995 1603 novum
1016 1539 1129 1602 Pascha
1150 1539 1284 1602 instituit
1327 1538 1380 1602 Usi
1409 1546 1480 1602 sunt
1509 1539 1618 1603 eodem

253 1649 432 1719 argumento
454 1639 583 1721 plurimi,
605 1657 666 1702 non
688 1641 875 1702 recentiores
903 1637 992 1702 modo
1020 1639 1177 1721 Theologi‚
1200 1638 1255 1701 sed
1284 1638 1374 1700 etiarn
1401 1647 1534 1716 veteres,
1557 1657 1617 1720 quo

252 1745 352 1802 tamen
374 1739 446 1801 nihil
469 1739 607 1802 efficitur:
631 1746 662 1800 et
685 1738 722 1801 ab
745 1738 811 1801 aliis
836 1748 991 1819 peccatum
1014 1746 1061 1800 est
1082 1739 1251 1822 ignorantia
1273 1736 1392 1800 Rituum
1413 1737 1616 1802 Judaicorum.

254 1835 377 1900 Certum
400 1840 479 1902 enim
501 1846 549 1902 est
571 1858 612 1902 ex
633 1839 761 1920 antiquis
782 1837 900 1901 illorum
918 1838 1124 1917 monumentis,
1148 1837 1293 1920 quaedam
1308 1837 1445 1916 inprime
1461 1838 1617 1917 Paschate,

253 1938 336 2018 quod
357 1941 387 2000 in
410 1939 492 2000 exitu
515 1938 554 2001 de
575 1938 718 2022 Aegypto
742 1938 926 2000 celebratum
938 1945 995 2015 est,
1018 1937 1178 2001 observata
1200 1935 1304 2015 fuisse,
1328 1955 1405 2018 quae
1427 1939 1618 2017 postmodum

254 2036 365 2100 ombsa
387 2046 468 2118 sunt,
490 2046 580 2120 atque
602 2038 681 2110 inter
701 2037 769 2118 alia,
792 2045 906 2100 stantes
929 2044 960 2098 et
981 2037 1103 2100 renibus
1123 2037 1274 2100 accinctos
1298 2036 1470 2116 comedere,
1492 2036 1617 2102 baculos

253 2135 402 2201 habentes
425 2138 455 2199 in
477 2138 625 2214 manibus,
648 2145 679 2200 et
700 2137 847 2219 quaedam
862 2136 948 2216 hujus
965 2137 1098 2220 generis,
1121 2134 1281 2219 diligenter
1302 2143 1405 2198 nanta
1427 2135 1464 2197 ab
1488 2138 1618 2218 antiquis

254 2237 426 2300 autoribus:
459 2238 490 2299 in
512 2237 658 2318 lloqadot
677 2237 872 2318 Poppaeam,
902 2237 933 2298 in
963 2236 1104 2298 Tractatu
1131 2234 1301 2310 Pesaehim,
1332 2241 1363 2297 et
1390 2237 1502 2316 passim
1537 2236 1617 2302 alibi.

252 2333 361 2417 Neque
381 2336 480 2400 locum
503 2336 551 2399 hic
572 2335 684 2399 habere
707 2343 808 2418 potest
828 2334 1024 2418 uulgarisilla
1051 2334 1192 2416 exceptio
1215 2332 1253 2395 de
1275 2332 1411 2396 futilitate
1426 2333 1619 2400 Judaicarum

255 2435 477 2511 traditionum,
506 2442 537 2499 et
565 2434 675 2516 ineptis
704 2433 827 2514 tabulis,
863 2435 970 2514 quibus
999 2441 1117 2496 scatere
1148 2433 1314 2496 Pandectas
1342 2432 1529 2498 Talmudicos
1557 2454 1619 2500 non

253 2534 430 2614 inficiamur,
453 2533 511 2598 illis
534 2535 713 2615 praesertbn
736 2551 809 2615 quas
833 2553 874 2597 ex
896 2533 966 2597 odio
983 2532 1171 2596 Christianae
1193 2531 1359 2616 Religionis
1382 2539 1466 2596 natas
1490 2542 1520 2598 et
1542 2553 1619 2617 pro-

253 2642 381 2719 pagatas
404 2635 604 2716 agnoscimus.
627 2632 669 2695 At
690 2651 767 2715 quae
790 2632 1024 2696 eonsuetudines
1046 2638 1178 2711 veteres,
1203 2631 1448 2714 disciplinamque
1471 2641 1619 2714 spectant,

255 2753 335 2816 quae
363 2733 483 2816 vigeret
512 2739 610 2796 stante
636 2733 764 2814 templo,
791 2751 827 2795 ea
858 2751 957 2814 neque
991 2731 1113 2794 ludaeis
1143 2739 1287 2813 prosunt,
1315 2749 1414 2812 neque
1442 2732 1619 2797 Christianis

254 2841 378 2914 nocent,
402 2833 461 2897 imo
483 2850 587 2915 saepe,
600 2832 637 2895 ad
660 2834 829 2913 scripturae
851 2849 968 2910 sacrae,
991 2832 1081 2894 etiam
1094 2829 1172 2894 Novi
1190 2831 1372 2894 Testamenti
1393 2832 1619 2915 intelligentiam

253 2932 414 3015 plurimum
436 2932 512 2994 lucis
535 2930 673 2997 atterunt.
718 2932 883 3013 Plerosque
907 2938 1029 2994 autores
1052 2948 1112 2993 non
1134 2931 1230 2992 minus
1251 2939 1374 2993 veteres
1397 2949 1485 3012 quam
1506 2949 1620 2996 recen-

255 3032 361 3109 tiores,
384 3049 445 3095 non
466 3032 539 3094 satis
561 3039 739 3112 perspectas
757 3031 898 3094 habuisse
916 3030 1131 3110 caeremonias,
1154 3046 1233 3110 quae
1255 3037 1352 3092 stante
1374 3031 1486 3112 templo
1509 3033 1539 3094 in
1562 3051 1619 3096 usu

256 3137 354 3208 erant,
378 3129 478 3192 multis
500 3132 685 3214 argumentis
701 3129 933 3208 demonstratur,
955 3137 986 3192 et
999 3129 1108 3192 Graeci
1129 3127 1369 3209 illaspraecipue
1391 3131 1619 3211 ignoraverunt.

255 3229 362 3310 Neque
385 3229 415 3291 id
438 3231 554 3310 mirum,
577 3248 644 3292 cum
667 3231 745 3293 inter
772 3229 906 3293 ludaeos
933 3228 1112 3291 Hellenistas
1143 3226 1331 3291 doctissimus
1353 3229 1455 3306 Philo,
1478 3249 1531 3294 eas
1562 3250 1620 3295 ne-

255 3332 368 3408 sciens,
391 3329 553 3411 plerosque
581 3331 612 3392 in
644 3347 779 3393 errorem
808 3328 969 3392 induxerit.
1019 3328 1123 3408 ltaque
1157 3325 1264 3390 Graeci
1298 3326 1367 3390 dum
1394 3328 1507 3392 Latinis
1538 3331 1620 3394 cirea
1679 3385 1687 3398 .

255 3427 370 3510 Azyma
394 3427 474 3491 litem
502 3447 541 3491 ex
568 3428 722 3492 Paschatis
752 3427 925 3491 celebrandi
955 3427 1073 3491 ratione
1107 3434 1283 3504 moverunt,
1311 3428 1343 3489 in
1370 3427 1499 3491 absurda
1528 3431 1619 3494 multa

254 3528 419 3590 incurrisse
441 3528 590 3606 nolentes,
614 3527 890 3609 deprehenduntur,
914 3542 991 3608 quae
1020 3526 1088 3607 Syri
1111 3522 1230 3608 quidam
1252 3543 1312 3588 non
1335 3525 1521 3612 elingenrnt,
1551 3530 1620 3593 dum

255 3633 289 3688 ut
310 3627 493 3690 Fermentati
515 3629 562 3690 sui
584 3646 670 3690 usum
693 3627 871 3706 stabilirent,
895 3625 1072 3708 adjecerunt
1099 3627 1263 3688 narrationi
1285 3625 1487 3711 Evangeticae
1513 3631 1544 3692 in
1566 3630 1621 3692 Li·

256 3727 366 3810 turgia,
392 3725 543 3790 Christum
564 3729 719 3808 accepisse
741 3746 853 3807 paoem
878 3727 1098 3806 temeratam,
1121 3724 1202 3807 quod
1225 3743 1265 3788 en
1286 3725 1454 3810 Evangelio
1478 3727 1620 3791 nonha-

255 3825 354 3892 betur.
399 3824 462 3888 Hac
492 3827 570 3888 enim
598 3827 628 3888 in
652 3832 738 3907 parte
760 3826 910 3889 Romanae
932 3824 1089 3889 Ecclesiae
1112 3825 1248 3903 traditio,
1282 3826 1378 3908 magis
1407 3835 1525 3891 constat
1554 3829 1620 3909 ipsa

256 3925 329 3990 sibi:
351 3941 419 3988 nam
441 3943 508 3987 cum
530 3924 669 4007 exemplo
693 3922 804 3988 Christi
825 3943 860 3988 se
882 3933 993 4001 tuetur,
1016 3933 1046 3987 et
1067 3925 1148 3987 illum
1172 3925 1345 3988 celebrasse
1368 3926 1482 3990 Pascha
1504 3927 1620 3992 htosai-

256 4045 324 4089 cum
353 4024 446 4106 rugo
476 4023 575 4104 docet,
604 4031 689 4087 recte
716 4023 834 4106 heymo
863 4043 941 4107 pane
975 4024 1081 4104 utitur,
1117 4041 1178 4106 quo
1206 4024 1273 4089 solo
1301 4042 1386 4088 usum
1415 4025 1496 4089 illum
1526 4025 1620 4090 luisse

257 4131 384 4203 constat,
407 4123 496 4186 modo
518 4124 632 4207 Legem
654 4142 741 4206 quam
765 4123 979 4204 adimpleturus
1007 4133 1144 4203 venerat,
1172 4124 1389 4189 observaverit.
1428 4109 1620 4190 'Permentati

256 4225 346 4302 enirn,
370 4243 386 4286 a
409 4224 504 4304 prima
527 4224 577 4287 itta
599 4241 729 4305 vespera
752 4223 790 4286 ad
818 4230 955 4287 octavam
983 4241 1080 4304 usque
1103 4223 1182 4286 diem
1203 4241 1286 4302 usus,
1310 4222 1365 4286 sub
1389 4224 1498 4288 excidii
1520 4245 1619 4309 poena
1663 4233 1668 4240 “

257 4330 324 4386 erat
344 4322 524 4404 prohibitus,
548 4342 636 4404 quam
651 4322 751 4406 legem
774 4323 800 4385 si
822 4341 935 4386 summo
953 4323 1023 4404 jure
1046 4321 1183 4387 Christus
1206 4323 1366 4402 omisisset,
1389 4323 1507 4405 plenam
1530 4326 1619 4390 dabat

255 4419 391 4502 ludaeis,
413 4423 531 4504 ipsique
552 4421 712 4504 proditori,
736 4423 787 4503 qui
810 4421 930 4485 Coeuae
960 4421 1096 4485 Paschali
1125 4422 1311 4502 interfuerat,
1335 4423 1530 4489 calumniandi
1553 4445 1619 4488 ma-

256 4523 370 4585 teriam.
415 4521 473 4595 Oui
495 4523 573 4585 enim
596 4521 746 4599 dicebant,
770 4539 837 4584 cum
858 4540 915 4603 par
944 4538 1088 4584 summum
1110 4522 1283 4585 miraculum
1310 4521 1459 4586 hominem
1489 4525 1618 4590 Sabbata

257 4627 391 4682 curatum
414 4621 570 4701 vidissent,
598 4623 656 4686 iate
683 4622 771 4684 hemo
799 4641 859 4684 non
888 4629 936 4683 est
961 4639 982 4682 a
1007 4621 1090 4697 Deo,
1119 4625 1171 4704 qai
1198 4621 1364 4684 Sabbatum
1390 4643 1451 4686 non
1478 4629 1618 4704 aestodit,

257 4717 327 4800 quid
356 4719 395 4784 de
421 4720 545 4802 legitimi
573 4719 725 4784 Paschatis
754 4719 917 4784 violatione
945 4721 1053 4785 dicturi
1083 4738 1143 4784 non
1171 4720 1321 4784 tuissent?
1351 4723 1462 4786 Verum
1490 4724 1528 4787 de
1559 4724 1618 4787 hoc

256 4826 435 4901 argumento
457 4819 509 4881 vix
531 4819 700 4884 Orientales
722 4819 832 4902 aliquid
854 4821 1050 4902 scripserunt,
1072 4821 1130 4884 nisi
1152 4821 1182 4883 in
1205 4821 1431 4885 Commentariis
1453 4823 1492 4886 ad
1513 4823 1617 4887 Evan-

256 4916 349 4999 gelia,
372 4926 423 4981 aut
445 4938 511 4982 cum
534 4919 680 4983 adversus
701 4919 851 4983 Armenes
881 4919 1081 5002 disputarent:
1112 4921 1163 5002 qui
1184 4919 1307 5000 haymis
1331 4928 1470 5002 utuntur,
1500 4924 1618 4988 sedita

257 5022 290 5077 ut
312 5015 391 5078 illam
414 5017 751 5100 disciplinamabatinis
765 5009 834 5082 'non
856 5021 1030 5101 acceperint
1051 5020 1158 5105 magis,
1181 5037 1269 5101 quam
1289 5037 1414 5102 pravam
1436 5030 1467 5086 et
1489 5024 1618 5087 omnium

258 5111 464 5180 Ecclesiarum
493 5119 644 5183 traditioni
674 5119 852 5183 contrariam
881 5119 1142 5200 consuetudinem,
1179 5136 1286 5201 aquam
1312 5120 1384 5186 rino
1411 5124 1618 5187 consecrando

257 5230 318 5278 non
340 5214 533 5282 admiscendi.
1025 5221 1028 5227 “
