4814 6060
596 545 637 620 lll
662 546 870 624 LllUllGlhll
895 547 1041 625 IGNATII
1066 549 1331 628 PthllhllCthl
1357 550 1602 631 Antiochum.
1715 555 1789 632 541

416 731 481 795 aliis
504 731 590 814 panis
614 737 644 792 et
666 729 767 794 vinum
790 731 861 794 liant
884 749 996 814 eorpus
1026 740 1057 796 et
1079 735 1202 818 sanguis
1234 734 1363 815 Christi,
1399 749 1488 817 quam
1516 737 1574 801 illis
1603 757 1680 820 quos
1708 741 1793 822 prius

413 838 536 894 sanctus
570 829 699 910 Spiritus
732 830 974 894 sanctificaverit.
1029 833 1143 895 Petitur
1172 835 1273 914 itaque
1303 833 1422 897 aillatus
1452 843 1484 897 et
1510 837 1634 918 illapsus
1663 838 1792 922 Spiritus

414 930 521 1020 saneti,
543 930 575 992 in
597 929 676 992 dona
698 930 865 1010 proposita,
889 937 922 992 ut
945 949 981 993 ea
1004 930 1112 993 alliciat
1135 949 1246 1012 eorpus
1270 940 1302 995 et
1323 934 1502 1017 sanguinem
1526 935 1655 1002 Christi:
1679 938 1710 1000 in
1733 937 1792 1002 Sa-

416 1028 582 1108 cerdotem,
606 1036 637 1090 et
658 1027 802 1109 populum
814 1029 1067 1109 circumstantem,
1091 1037 1123 1090 ut
1134 1029 1311 1094 sanctificati
1324 1032 1536 1113 mysteriorum
1551 1037 1791 1100 communionem

418 1147 485 1190 cum
508 1127 608 1190 iruetu
631 1128 810 1209 percipiant,
835 1126 915 1208 quod
938 1144 999 1188 non
1021 1128 1116 1190 semel
1138 1129 1238 1209 modo,
1262 1129 1316 1192 sed
1339 1130 1448 1193 iterata
1470 1133 1673 1212 postulatione
1694 1154 1793 1216 repe-

418 1227 499 1290 titur.
542 1225 596 1288 llla
618 1242 693 1286 vero
717 1231 749 1286 ut
768 1245 826 1305 per
846 1226 987 1305 illapsum
1009 1233 1165 1306 secretum,
1186 1247 1297 1307 punem
1318 1229 1397 1291 hune
1415 1229 1561 1309 perficiat
1581 1251 1692 1312 eorpus
1714 1252 1792 1296 son-

417 1333 497 1386 etum
524 1331 556 1386 et
575 1325 742 1386 animatum
770 1322 846 1386 Jesn
869 1324 998 1388 Christi:
1023 1326 1054 1387 in
1082 1344 1139 1406 qua
1169 1327 1256 1406 panis
1285 1335 1431 1406 vocatur,
1463 1328 1560 1392 hostia
1582 1347 1679 1412 super
1701 1347 1791 1414 quatu

416 1423 511 1486 verha
535 1421 649 1486 Christi
671 1423 870 1503 pronunciata
892 1430 972 1502 sunt,
995 1441 1095 1507 neque
1117 1424 1197 1487 illam
1226 1443 1288 1487 nou
1316 1443 1386 1490 esso
1407 1444 1514 1488 verum
1543 1445 1655 1510 corpus
1679 1427 1791 1492 Christi

415 1522 535 1602 prohat,
559 1539 659 1603 neque
683 1522 943 1585 consecrationem
965 1521 1097 1585 nondum
1110 1541 1181 1585 esse
1196 1523 1315 1588 laetam.
1351 1523 1426 1586 Nam
1440 1535 1581 1606 quantum
1604 1526 1642 1590 ad
1664 1529 1790 1608 primam

416 1628 533 1702 partem
556 1619 671 1694 attinet,
695 1618 725 1680 in
748 1619 884 1682 omnibus
907 1620 1063 1704 Liturgiis,
1087 1628 1118 1683 et
1140 1622 1170 1684 in
1192 1622 1260 1702 ipso
1282 1622 1388 1686 Latino
1413 1621 1546 1704 Conone,
1569 1627 1657 1706 panis
1680 1625 1789 1707 appel-

415 1720 495 1782 latur
517 1719 615 1782 hostia
638 1726 827 1794 consecrata,
851 1720 919 1800 quia
942 1719 1029 1800 panis
1052 1727 1099 1782 est
1123 1720 1219 1783 oculis
1242 1728 1273 1782 et
1307 1721 1424 1803 palato,
1447 1725 1585 1802 quamvis
1608 1741 1717 1788 revera
1746 1725 1788 1786 sit

415 1836 528 1901 eorpus
551 1817 673 1880 Christi.
720 1817 807 1890 Quod
837 1817 1000 1880 secundam
1028 1825 1162 1900 spectat,
1194 1821 1329 1901 quamvis
1358 1821 1417 1882 viri
1446 1821 1544 1900 docti,
1574 1842 1615 1884 ex
1643 1822 1789 1885 similibus

414 1917 491 1982 locis
514 1917 638 2000 probari
662 1916 915 1996 existimaverint,
946 1924 1037 1979 totam
1059 1917 1120 1979 vim
1142 1919 1382 1982 consecrationis
1410 1921 1441 1982 in
1468 1920 1663 1984 lnvocatione
1693 1923 1790 1984 sancti

417 2017 545 2100 Spiritus
568 2015 733 2091 contineri;
756 2016 786 2077 in
809 2017 912 2078 verbis
937 2015 1048 2080 Christi
1069 2035 1167 2098 prope
1190 2017 1317 2080 nullam:
1339 2018 1413 2081 nihil
1435 2027 1535 2083 tamen
1557 2021 1697 2099 elileiunt,
1721 2037 1789 2103 eum

414 2125 448 2180 ut
478 2116 548 2180 alihi
572 2114 753 2196 explicatum
781 2122 843 2194 est,
877 2132 988 2195 preces
1017 2115 1151 2199 ejusdem
1179 2117 1348 2180 sententiae
1378 2135 1473 2198 super
1501 2118 1580 2182 dona
1609 2125 1789 2182 consecrata

415 2217 549 2300 legitime
573 2222 604 2277 ot
626 2213 741 2294 absque
764 2213 825 2276 ulla
848 2215 962 2276 erroris
984 2214 1159 2296 suspicione
1186 2215 1264 2294 heri,
1287 2233 1348 2277 non
1372 2215 1557 2280 Graecorum
1578 2216 1668 2280 modo
1697 2224 1789 2280 vete-
1898 2243 1907 2252 ·

414 2333 480 2377 rum
509 2313 611 2376 Olilcia
633 2311 849 2390 Eucharistiea,
873 2312 928 2375 sed
951 2312 1145 2376 Orientalium
1169 2316 1310 2390 omnium,
1339 2314 1394 2377 sed
1417 2314 1559 2395 Gothico,
1589 2315 1787 2396 Mosarahicu,

415 2412 567 2477 Gallicana
591 2419 622 2473 et
644 2411 701 2473 alia
723 2411 875 2484 nonnulla,
900 2411 996 2492 palam
1020 2411 1140 2475 iaciant.

502 2511 645 2592 Sequitur
666 2529 729 2573 vox
748 2509 914 2589 perficiat:
938 2493 1026 2592 quam
1050 2529 1167 2588 vocem,
1191 2511 1216 2573 si
1240 2513 1307 2592 quis
1329 2513 1371 2573 ita
1393 2511 1521 2594 intelligi
1543 2510 1617 2573 velit
1640 2510 1788 2592 simpliei-

414 2603 479 2688 ter,
493 2617 527 2673 ut
549 2609 835 2672 consummationem
857 2610 1097 2674 consecrationis
1117 2610 1178 2692 jam
1193 2608 1292 2672 factae
1310 2628 1367 2691 per
1389 2610 1483 2672 verbu
1506 2607 1665 2690 dominica,
1688 2611 1788 2695 signi-

414 2711 494 2785 lieet,
516 2725 578 2771 nou
600 2706 692 2788 lneile
711 2706 885 2770 refelletur:
916 2709 972 2770 etsi
993 2707 1195 2790 liturgiarum
1217 2716 1356 2787 autores,
1391 2708 1429 2771 ad
1458 2726 1536 2789 quos
1558 2712 1788 2774 controversiae

300 2813 306 2822 '
414 2815 484 2871 ante
513 2815 666 2869 trecentos
696 2814 747 2869 aut
775 2805 866 2886 paulo
896 2807 1024 2887 amplius
1055 2825 1152 2870 annos
1186 2814 1275 2871 natae
1303 2806 1381 2870 lama
1408 2824 1471 2869 non
1497 2808 1653 2886 pervenit,
1681 2808 1719 2870 de
1752 2827 1791 2872 ea

413 2907 592 2988 quaestione
622 2923 683 2968 non
710 2904 852 2968 videntur
881 2905 1045 2988 cogitasse.
1102 2905 1191 2978 Quod
1225 2905 1318 2989 igitur
1352 2905 1544 2969 verisimilius
1574 2905 1790 2986 existimamus,

333 3025 344 3044 ⁸
412 3005 485 3068 illud
509 3011 573 3068 estc
596 3005 690 3085 Syros
712 3022 770 3084 par
791 3021 899 3065 vocem
908 3003 1065 3082 perficiet,
1089 3001 1235 3065 Graecam
1250 2999 1397 3066 τελειοῦν
1413 3004 1618 3084 expressisse,
1641 3007 1689 3067 cui
1712 3023 1789 3086 pro-

412 3102 510 3183 prium
531 3103 563 3164 in
585 3101 780 3185 significanda
804 3101 1035 3164 consecratione
1058 3099 1239 3164 domicihum
1261 3107 1320 3180 est,
1342 3119 1404 3164 non
1426 3103 1457 3164 in
1479 3102 1575 3164 sacris
1598 3103 1703 3179 modo,
1731 3106 1787 3169 sed

412 3201 442 3262 in
465 3199 601 3282 prolenis
630 3199 841 3282 scriptoribus.
896 3199 1079 3280 Saepissime
1102 3200 1181 3262 enim
1205 3197 1338 3262 Graecas
1361 3216 1456 3262 voees
1479 3201 1651 3280 exprimunt
1674 3201 1788 3266 Orien-

412 3298 498 3377 talas,
520 3317 582 3363 non
605 3307 665 3362 tam
687 3298 852 3363 secundum
874 3299 1057 3382 singularem
1086 3315 1174 3378 quam
1196 3298 1309 3360 hahent
1331 3297 1599 3381 significationem,
1628 3315 1718 3379 quum
1747 3319 1788 3363 ex

411 3398 551 3478 primaria
574 3399 704 3481 origine,
727 3399 810 3478 quod
832 3399 862 3460 in
884 3416 963 3463 voce
987 3384 1249 3460 ἅναδείκνυσθαι·
1272 3403 1302 3458 et
1324 3397 1355 3458 iu
1378 3397 1493 3479 aliquot
1515 3398 1581 3460 aliis
1604 3397 1787 3462 observavi-

411 3515 486 3559 mus.
530 3497 617 3561 Unde
637 3515 745 3562 vocem
766 3479 852 3566 ’ΒΜ
875 3495 981 3560 eadem
1003 3496 1224 3579 significatione
1248 3494 1453 3576 accipiendam
1476 3497 1698 3578 existimamuS,
1727 3517 1787 3580 qua

412 3603 589 3676 sequentem
604 3595 732 3677 efficiat:
754 3605 787 3659 ut
810 3596 848 3660 ad
860 3616 965 3660 veram
980 3596 1198 3658 elementorum
1214 3596 1502 3670 transmutationem,
1525 3597 1591 3658 sive
1608 3594 1785 3678 laciendum,

411 3695 475 3756 sive
497 3693 711 3775 perficiendam
734 3703 764 3757 et
788 3695 1060 3774 consummandam,
1083 3693 1243 3757 referatur.

499 3791 586 3864 Quod
609 3794 745 3873 sequitur
767 3811 879 3875 eorpus
902 3797 1082 3869 animatum,
1110 3793 1301 3874 perspicuam
1325 3789 1520 3854 Orthodoxae
1551 3791 1633 3855 eirca
1661 3791 1786 3856 Eucha-

410 3890 526 3951 ristiam
556 3891 711 3953 doctrinae
741 3891 982 3955 testificationem
1009 3891 1116 3971 hahet,
1155 3910 1262 3973 nempe
1291 3893 1322 3953 in
1354 3890 1544 3970 Eucharistia
1572 3909 1643 3955 esse
1672 3909 1785 3976 eorpus

411 3988 522 4051 Christi
543 4007 610 4052 cum
633 3991 729 4052 anima
753 3999 783 4053 et
806 3992 972 4070 divinitate,
995 3993 1080 4070 utin
1103 3990 1276 4054 Canonihus
1293 3989 1473 4053 Tridentinis
1498 3991 1699 4072 perscriptum
1722 4003 1784 4058 est:

411 4085 490 4167 quod
513 4089 629 4169 pariter
651 4089 689 4151 de
711 4091 859 4174 sanguine
882 4089 1110 4173 intelligendum
1138 4098 1195 4154 est.
1246 4089 1322 4152 Nam
1351 4107 1418 4152 eum
1445 4088 1563 4171 lgnatio
1594 4089 1785 4156 Patriarehae

410 4187 509 4248 autori
529 4186 617 4270 hujus
641 4185 819 4252 Olheii'non
842 4196 1020 4252 occurreret
1049 4207 1112 4251 vox
1134 4205 1321 4271 synonyma,
1351 4205 1429 4268 quae
1451 4187 1547 4268 priori
1571 4190 1784 4272 responderet,

411 4300 498 4363 quam
520 4295 663 4368 repetere
686 4305 746 4349 non
769 4286 887 4350 sinebat
909 4287 1068 4350 character
1089 4287 1139 4350 ille
1162 4285 1315 4350 scrihendi
1336 4303 1427 4366 quem
1449 4292 1572 4348 secutus
1596 4277 1652 4364 est,
1675 4292 1786 4370 proxi-

409 4401 487 4444 mam
510 4384 680 4464 significatu
702 4385 826 4469 delegit.
871 4385 974 4466 ltaque
996 4395 1105 4458 mahir)
1134 4404 1211 4467 quae
1239 4403 1301 4448 vox
1328 4385 1452 4465 proprie
1480 4383 1708 4464 intelligentem,
1734 4384 1786 4439 aut

410 4480 607 4561 intelligentia
625 4485 798 4563 praeditum
821 4482 970 4566 designat,
993 4485 1134 4566 sanguini
1150 4483 1315 4565 conjunxit,
1339 4500 1399 4563 quo
1421 4479 1643 4563 intelligeretur
1658 4476 1787 4559 sangui-

409 4595 478 4639 nem
503 4577 614 4642 Christi
636 4583 666 4643 in
689 4581 877 4645 Eucharistia
899 4584 1130 4663 praestantioris
1156 4601 1225 4646 esse
1247 4581 1382 4666 generis,
1405 4597 1493 4661 quam
1516 4579 1568 4659 qui
1591 4592 1785 4657 excerpere

409 4675 537 4741 humano
561 4679 733 4761 affunditur,
757 4680 813 4744 sed
835 4681 939 4744 eadem
964 4699 1033 4744 esse
1057 4680 1230 4745 conditione
1260 4687 1291 4742 et
1313 4677 1469 4762 dignitate,
1493 4694 1529 4738 ae
1551 4676 1650 4756 ipsum
1672 4689 1784 4753 eorpus

410 4771 538 4837 Domini.
580 4776 657 4840 Nam
690 4778 717 4842 si
745 4779 866 4844 diversa
894 4799 972 4844 voce
1002 4797 1076 4844 usus
1107 4779 1214 4842 luisset
1243 4779 1397 4862 ignatius,
1423 4784 1456 4838 ut
1486 4774 1528 4838 illi
1556 4791 1634 4855 quae
1665 4767 1786 4853 λογικῷ

411 4870 596 4937 Graecorum
626 4878 807 4959 respondet,
840 4897 917 4961 quae
945 4879 1038 4961 vulgo
1067 4878 1255 4959 spirinmlem
1283 4876 1451 4960 significat,
1482 4880 1513 4936 et
1541 4890 1630 4953 quam
1660 4869 1784 4950 vulgata

408 4973 512 5035 versio
535 4992 593 5055 per
614 4978 765 5039 rationale
794 4978 906 5042 ellarre
929 4977 1026 5055 solet,
1049 4977 1228 5042 sententiam
1257 4977 1354 5039 minus
1377 4971 1564 5038 commodam
1593 4971 1676 5033 circa
1698 4966 1785 5030 reri-

1472 5074 1583 5148 tl*
