4814 6060
662 638 737 711 526
1170 632 1530 710 titulata

659 835 750 912 tuae,
777 819 996 894 mediantibus
1024 820 1166 892 Thronis
1193 818 1421 905 incenduntur,
1448 827 1482 891 te
1509 817 1691 891 celebrant
1724 817 1852 892 Throni
1879 825 1934 916 qui
1960 823 2041 914 igne
2159 916 2162 921 ³

661 939 841 1012 divinitatis
868 948 946 1009 tuae
973 935 1192 1008 mediantibus
1219 933 1507 1007 Dominationibus
1534 931 1787 1024 inflammantur,
1815 945 1848 1006 te
1882 936 2040 1009 exulem.

658 1056 913 1127 Dominationes
941 1076 1029 1148 quae
1056 1052 1177 1125 ardore
1204 1052 1380 1146 potestatis
1403 1061 1494 1139 tuae,
1520 1049 1741 1124 mediantibus
1768 1049 1954 1124 Virtutibus
1982 1055 2040 1124 in-

660 1171 854 1260 cenduntur,
881 1179 916 1240 te
941 1167 1086 1240 laudant.
1133 1167 1282 1239 Virtutes
1312 1187 1399 1259 quae
1426 1170 1545 1238 timore
1573 1170 1618 1238 tui
1645 1166 1791 1254 timendi,
1818 1166 2039 1240 mediantibus

661 1284 839 1358 Cherubim
872 1284 1063 1380 implentur,
1099 1294 1132 1355 te
1161 1282 1294 1378 hymnis
1330 1291 1544 1353 venerantur.
1600 1280 1781 1354 Cherubim
1814 1287 1870 1376 qui
1905 1281 2039 1377 fulgure

658 1403 844 1494 majestatis
872 1410 959 1490 tuae,
987 1397 1207 1471 mediantibus
1234 1395 1408 1491 Seraphim
1437 1397 1597 1485 afflantur,
1623 1395 1824 1470 benedicunt
1849 1397 1919 1471 tibi.
1965 1400 2038 1472 Se-

658 1516 786 1613 raphim
821 1519 877 1611 qui
909 1514 999 1587 nullo
1033 1514 1229 1586 intermedio
1259 1511 1299 1583 ab
1336 1516 1411 1608 ipso
1446 1516 1634 1585 sanctuario
1671 1512 1762 1586 sedis
1795 1512 1927 1604 gloriae
1961 1526 2038 1588 tuae

658 1632 892 1720 illuminantur,
928 1642 961 1702 te
996 1631 1219 1702 sanctificant:
1253 1651 1320 1702 nna
1354 1650 1444 1701 voce
1471 1628 1676 1724 triumphali,
1710 1628 1795 1702 alter
1828 1629 1871 1700 ad
1898 1629 2037 1703 alterum

658 1746 836 1836 volantes,
870 1745 911 1819 ab
945 1769 1011 1818 uno
1047 1745 1163 1817 ordine
1200 1743 1241 1816 ad
1276 1744 1375 1816 aliurn
1409 1747 1617 1839 superiorem
1651 1743 1808 1840 hymnum
1841 1744 2038 1837 dirigentes,

659 1863 780 1956 linguis
807 1860 1017 1957 politioribus
1045 1885 1144 1956 quarn
1170 1859 1273 1953 gladii
1300 1863 1399 1948 acuti,
1426 1858 1542 1932 oribus
1568 1864 1681 1952 ignem
1701 1859 1872 1932 ardentem
1900 1866 2039 1957 spiran-

658 1978 927 2066 rocameltim
955 1977 1115 2068 tremulis,
1143 1975 1203 2050 sed
1230 1975 1485 2064 resonantibus,
1519 1975 1603 2047 ultra
1640 1998 1740 2071 quam
1766 1985 1895 2048 mentes
1922 1987 2037 2049 terre-

659 2116 778 2167 norum
812 2092 1099 2188 comprehendere
1135 2092 1290 2182 valeant,
1327 2093 1535 2182 majestatem
1570 2100 1658 2162 tuarn
1694 2114 1780 2185 quae
1814 2091 1967 2164 omuibus
2003 2105 2039 2166 ut

661 2221 776 2285 essent
804 2208 905 2300 dedit,
932 2208 1131 2301 glorificant,
1158 2208 1313 2297 clamant,
1340 2205 1569 2279 vociterantur
1596 2215 1631 2278 et
1657 2205 1776 2278 dicunt.

764 2325 926 2418 Populus.
982 2323 1136 2412 Sanctus
1165 2331 1227 2395 etc.

762 2441 940 2513 Sacerdos
965 2441 1158 2511 inclinatur.
1212 2437 1354 2512 Sanctus
1389 2447 1423 2508 et
1455 2435 1718 2509 sanctificatione
1752 2436 1967 2510 venerandus
1998 2463 2036 2513 es

657 2559 751 2630 Deus
777 2555 890 2644 Pater,
918 2578 993 2627 curn
1019 2554 1104 2627 Filio
1133 2565 1189 2626 tuo
1217 2551 1437 2642 misericordi,
1465 2562 1498 2623 et
1524 2550 1649 2647 Spiritu
1674 2563 1732 2624 tuo
1761 2551 1966 2644 vivificante,
1993 2554 2036 2627 ah

660 2673 807 2744 excelsis
835 2681 869 2742 et
893 2669 1122 2759 interioribus,
1147 2673 1270 2762 igneis,
1297 2678 1330 2741 et
1356 2670 1548 2764 corporeis,
1575 2670 1617 2740 iis
1644 2671 1700 2762 qui
1725 2667 1896 2742 intellectu
1922 2681 1955 2744 et
1982 2677 2038 2766 qui

659 2784 735 2858 solo
764 2808 866 2860 sensu
900 2786 1042 2882 praediti
1075 2796 1169 2876 sunt,
1202 2787 1296 2878 cujus
1331 2784 1473 2858 bonitati
1505 2783 1724 2858 absconditae
1755 2769 1865 2858 visum
1900 2797 1969 2878 est,
2002 2799 2038 2861 ut

658 2923 727 2972 nou
755 2900 847 2976 solus
874 2900 1041 2993 gauderes
1067 2900 1349 2997 contemplatione
1376 2903 1474 2993 regni
1509 2903 1556 2974 tui
1592 2903 1731 2989 aeterni,
1764 2899 1824 2973 sed
1851 2921 1913 2996 per
1940 2904 2036 2974 cari-

658 3025 761 3089 tatem
802 3027 836 3089 et
873 3015 1055 3090 bonitatem
1092 3016 1254 3092 revelasti
1287 3013 1485 3090 abscondita
1520 3027 1659 3089 naturae
1690 3027 1770 3088 tuae
1811 3024 1969 3106 sanctae,
2003 3029 2037 3089 et

660 3143 801 3205 exortus
829 3143 881 3206 est
912 3132 1072 3228 splendor
1096 3134 1303 3208 substantiae
1330 3142 1417 3221 tuae,
1445 3144 1479 3204 et
1494 3131 1606 3205 radius
1623 3132 1802 3206 divinitatis
1829 3141 1916 3216 tuae,
1939 3130 2036 3203 Ver-

658 3247 738 3320 bum
770 3260 942 3320 aeternnm
976 3271 1044 3322 non
1077 3247 1281 3344 temporale,
1318 3247 1588 3343 resplenduitque
1627 3251 1736 3340 igneis
1777 3246 1967 3344 spiritibus,
2001 3258 2036 3319 et

659 3367 778 3456 igneus
806 3351 900 3438 visus
927 3375 980 3438 cst
1006 3364 1049 3436 ad
1062 3387 1177 3436 eorum
1197 3363 1456 3436 similitudinem:
1483 3387 1592 3460 neque
1607 3374 1741 3437 secutus
1762 3363 1901 3458 amplius
1919 3385 2036 3436 eorum

657 3482 816 3572 vestigia,
843 3480 885 3551 ad
911 3490 1067 3553 terrenos
1094 3479 1223 3552 delatus
1251 3489 1316 3570 est,
1342 3477 1451 3552 lactus
1480 3489 1532 3552 est
1557 3490 1711 3552 terrenus
1728 3478 1769 3551 ad
1791 3477 2036 3551 similitudinem

658 3617 788 3684 eorum,
815 3594 857 3666 ad
885 3618 947 3669 eos
975 3595 1176 3688 dirigendos,
1205 3594 1438 3668 demonstrans
1467 3598 1518 3667 eis
1544 3598 1633 3666 viam
1661 3617 1848 3691 perquam
1876 3591 1918 3664 ad
1946 3614 2034 3689 pro-

657 3713 761 3783 missa
788 3721 844 3782 tua
870 3714 1103 3807 pervenirent,
1130 3715 1300 3806 vitamque
1326 3710 1459 3783 beatam
1487 3721 1792 3806 consequerentur3
1824 3713 1901 3805 quia
1928 3712 2035 3781 omnia

657 3825 815 3922 impedita
843 3837 876 3897 et
903 3848 1036 3922 aspera,
1062 3825 1174 3898 facilia
1201 3835 1277 3898 sunt
1303 3849 1418 3899 coram
1444 3837 1487 3898 te.

718 4032 726 4042 ‚
763 3941 913 4012 Elecoaa
932 3964 1057 4013 vocem.
1113 3943 1178 4028 Qui
1204 3964 1278 4015 cum
1299 3941 1410 4020 ,vellet
1436 3953 1573 4035 gustare
1599 3941 1738 4014 calicem
1754 3945 1883 4030 mertia,
1908 3951 1945 4014 ut
1970 3961 2034 4014 nos

658 4055 819 4129 mortales
846 4058 1052 4130 confortaret
1084 4067 1118 4129 et
1149 4057 1360 4131 confirmaret
1392 4057 1557 4132 adversus
1590 4068 1730 4131 mortem
1763 4057 1905 4130 naturah
1936 4056 2034 4132 nobis

657 4171 737 4264 lege
764 4175 985 4263 constitutam,
1013 4172 1286 4269 descendereque
1313 4173 1356 4246 ad
1383 4173 1587 4270 sepultorum
1614 4172 1791 4270 abyssum,
1825 4196 1870 4246 ne
1900 4172 1948 4244 illi
1973 4175 2034 4246 vi-

655 4287 756 4359 vifica
782 4290 976 4362 visitatione
1002 4291 1226 4385 privarentur,
1254 4293 1287 4362 in
1310 4312 1351 4361 ea
1373 4299 1474 4362 nocte
1492 4313 1579 4384 quae
1601 4290 1675 4362 huis
1693 4291 1822 4362 etinitii
1841 4289 1914 4376 luit,
1936 4287 2033 4359 ²ao-

656 4405 746 4499 cepit
785 4427 908 4500 panem
946 4405 1132 4501 perfectum
1163 4409 1197 4477 in
1230 4427 1348 4478 manus
1383 4427 1462 4479 suas
1495 4405 1612 4502 plenas
1644 4404 1953 4492 benedictionibus,
1986 4427 2033 4476 ex

658 4540 724 4612 quo
753 4523 970 4615 compositum
998 4519 1059 4592 luit
1086 4543 1210 4616 corpus
1238 4523 1311 4613 ejus
1339 4531 1507 4609 sanctum,
1534 4525 1568 4593 in
1594 4520 1736 4613 Virgine
1761 4520 1849 4595 thori
1874 4519 2033 4593 maritalis

659 4643 810 4727 experte,
840 4657 956 4707 coram
982 4635 1199 4709 familiaribus
1227 4639 1316 4709 suis:
1342 4641 1470 4730 gratias
1498 4659 1617 4730 agens,
1643 4643 1664 4720 †
1690 4635 1873 4724 benedixit,
1898 4626 2033 4718 isari·-

659 4747 827 4840 otilicavit,
854 4756 875 4833 †
902 4750 1062 4842 etfregit
1089 4751 1189 4840 illurn,
1216 4750 1394 4846 divisitque
1419 4753 1508 4825 illum
1544 4757 1579 4824 in
1609 4762 1739 4848 partes,
1775 4763 1810 4824 et
1844 4751 1933 4824 dedit
1957 4771 2034 4822 eum

659 4861 833 4937 duodecim
859 4867 928 4939 suis
955 4870 1076 4958 sociis,
1110 4877 1144 4938 et
1176 4866 1275 4939 dixit:
1301 4868 1477 4964 Accipite,
1510 4867 1724 4941 manducate:
1751 4867 1847 4939 Haeo
1874 4876 1927 4940 est
1952 4887 2034 4938 caro

658 4999 733 5048 mea
761 5001 847 5074 quae
873 5003 936 5076 pro
969 4982 1089 5070 vobis,
1122 4993 1156 5054 et
1181 5005 1243 5079 pro
1277 4983 1385 5056 multis
1412 4987 1518 5057 vestri
1545 4984 1705 5058 similibus
1731 4983 1912 5075 frangitur,
1945 5005 2033 5056 san-

657 5091 830 5185 ctilicatur,
858 5105 891 5168 et
918 5095 1025 5186 datur,
1053 5097 1095 5170 ad
1123 5097 1336 5171 abolitionem
1364 5101 1548 5190 criminum,
1576 5109 1610 5171 et
1636 5101 1738 5172 vitam
1765 5109 1945 5172 aeternam.
