4728 6028
686 580 718 657 S.
743 577 853 655 XYSTl
878 577 999 656 PAPAE
1025 575 1180 655 uculbi.
1545 573 1617 649 135

362 767 540 840 Diaconos
564 768 757 862 respondet.
808 767 882 839 Pax
907 765 977 855 tibi,
1004 763 1171 839 Sacerdos
1197 764 1399 838 venerande.
1642 861 1645 868 .

363 887 549 960 Sacerdos.
602 886 654 960 Tu
687 907 724 960 cs
757 869 852 982 patra
887 882 966 954 dura
1005 905 1090 976 quae
1134 883 1269 956 emisisti
1312 880 1483 954 duodecim
1525 881 1619 952 rivos

263 1025 419 1100 aquarum
447 1001 491 1074 ad
516 1001 688 1076 duodecim
715 1002 835 1075 Tribus
860 998 975 1074 Israel.

243 1205 245 1210 ¹
362 1119 459 1191 Doat
480 1140 604 1212 pacoro
629 1122 665 1188 r'a
690 1117 859 1190 Ecclesia.
912 1114 1090 1186 Diaconos
1115 1115 1208 1185 dicit.

364 1233 497 1307 Stemus
524 1233 682 1306 decenter
708 1243 859 1307 orantes:
887 1240 1010 1303 stemus
1037 1251 1110 1301 cum
1136 1231 1266 1319 timore,
1293 1239 1356 1300 cto.
1436 1230 1460 1273 ⁰

364 1349 538 1422 Sacerdos
562 1351 684 1422 teotter
710 1354 893 1421 commonet
917 1346 1034 1433 velcon,
1061 1352 1095 1416 et
1123 1344 1215 1416 dicit.

347 1465 496 1558 ,Caritas
522 1466 587 1538 Dei
612 1465 738 1538 Patris:
774 1474 808 1538 et
832 1465 940 1557 gratia
965 1464 1124 1554 unigeniti
1149 1459 1224 1534 Filii
1249 1473 1284 1534 ct
1309 1460 1558 1533 communicatio
1586 1469 1620 1530 et

260 1579 453 1656 inhabitatio
485 1580 626 1677 Spiritus
654 1585 760 1656 sancti
794 1583 859 1654 sint
893 1603 967 1654 cum
993 1577 1091 1654 vobis
1124 1577 1294 1668 omnibus,
1327 1580 1448 1651 iratres
1474 1577 1559 1666 mei,
1585 1577 1620 1646 in

263 1709 443 1771 aeternnm.
867 1735 869 1742 s

366 1813 538 1909 Stamtcpae
563 1797 676 1910 signat
702 1821 756 1886 ter
777 1813 938 1908 populum
962 1815 1058 1904 signo
1074 1815 1195 1884 crocis.
1226 1812 1464 1904 Reaermtspae
1490 1807 1536 1878 od
1562 1806 1620 1876 ol-

263 1937 340 2001 tore
367 1936 420 1999 ter
445 1933 573 2026 signum
599 1935 712 2002 crocis
734 1934 835 2025 facit,
861 1929 1069 2022 resolvitque
1094 1928 1181 2017 aeta,
1208 1925 1326 2020 quibus
1340 1927 1452 1997 dacos
1466 1930 1501 1996 et
1527 1915 1629 1995 colia

263 2043 518 2140 operiebantur,
545 2052 580 2117 et
603 2047 687 2118 dicit
712 2053 775 2120 ter.

367 2159 482 2234 Gloria
509 2163 599 2235 Patri
626 2173 660 2234 et
684 2162 782 2251 Filio,
809 2171 843 2234 ct
872 2161 1005 2258 Spiritui
1031 2167 1165 2233 sancto:
1197 2161 1356 2254 mysterio
1394 2156 1562 2231 adorando
1589 2167 1623 2228 et

265 2276 429 2370 glorioso,
456 2280 489 2348 iu
516 2299 581 2372 quo
607 2301 673 2352 non
700 2288 753 2352 est
778 2277 914 2352 divisio:
941 2299 1028 2350 nunc
1054 2285 1088 2348 et
1113 2298 1246 2373 semper
1271 2280 1305 2348 in
1331 2274 1474 2348 saccula.

368 2393 529 2486 Populos.
579 2395 699 2468 Amen.

368 2507 552 2582 Sacerdos.
606 2510 744 2584 Sursum
777 2514 842 2584 sint
874 2519 1020 2597 mentes,
1061 2507 1243 2582 intellectus
1276 2518 1324 2580 et.
1347 2505 1449 2580 corda
1481 2506 1624 2578 omnium

265 2635 423 2699 nostrum.

368 2740 529 2834 Populos.
582 2739 751 2814 Habemus
778 2741 819 2813 ad
845 2753 889 2829 te,
916 2741 1068 2814 Domine.
1372 2811 1375 2822 ,

371 2855 552 2928 Sacerdos.
606 2856 739 2930 Gratias
766 2879 903 2950 agamus
939 2858 1081 2930 Domino
1116 2879 1189 2928 cum
1216 2857 1354 2944 timore,
1390 2864 1422 2927 et
1449 2853 1624 2927 adoremus

269 2995 343 3044 cum
370 2981 524 3047 tremore.

371 3088 530 3190 Populos.
583 3081 727 3182 Dignum
753 3100 787 3161 ct
808 3093 933 3184 justum
959 3100 1019 3164 ast.

371 3204 546 3277 Sacerdos
572 3206 761 3278 inclinatas.
815 3205 947 3296 Corde,
977 3210 1085 3279 animo
1121 3213 1155 3276 et
1193 3203 1305 3296 lingua
1338 3207 1463 3296 gratias
1497 3209 1625 3298 agimus

270 3321 339 3409 tibi,
366 3321 478 3410 Pater,
503 3319 577 3410 Fili,
604 3330 638 3394 et
663 3322 803 3417 Spiritus
830 3332 957 3412 sancte,
985 3326 1039 3416 qui
1066 3341 1103 3393 cs
1129 3342 1212 3392 unus
1239 3319 1332 3392 Deus
1359 3341 1471 3394 verus.

370 3436 521 3508 Elcoons
545 3461 668 3510 nocem.
722 3436 805 3511 Cum
832 3440 944 3510 turmis
971 3434 1200 3524 invisibilibus,
1228 3446 1261 3507 et
1276 3434 1443 3508 ordinibus
1470 3439 1626 3508 innume-

271 3550 448 3638 rabilibus,
481 3554 690 3648 spiritualiter
721 3564 755 3626 et
786 3551 959 3649 seraphiae
986 3551 1134 3645 adjungit
1165 3573 1203 3624 ss
1240 3550 1381 3648 populus
1409 3555 1515 3624 omnis
1552 3562 1658 3642 tuus,

270 3667 386 3754 tidelis,
412 3666 566 3757 Domine,
593 3672 647 3764 qui
672 3681 724 3742 ter
749 3680 783 3742 te
808 3668 1004 3763 glorificant,
1030 3668 1183 3758 clamant,
1200 3667 1424 3750 vociferantur
1450 3677 1484 3740 et
1509 3668 1628 3741 diormt.

371 3782 539 3876 Populus,
584 3784 735 3859 Sanctus.

372 3897 546 3971 Sacerdos
572 3901 763 3973 inclinatos.
816 3899 956 3974 Sanctus
989 3923 1027 3974 cs
1053 3902 1145 3974 Deus
1177 3902 1295 3974 Pater:
1330 3900 1470 3976 Sanctus
1498 3924 1628 3997 quoque

272 4011 373 4084 Filius
414 4025 488 4087 tuus
524 4019 724 4108 unigenitus:
766 4015 908 4090 Sanctus
949 4019 1048 4090 etiam
1086 4016 1227 4112 Spiritus
1272 4027 1345 4093 tuus
1385 4019 1628 4090 sanctissimus:

273 4130 347 4224 quia
373 4151 434 4223 per
461 4131 738 4228 dispensationem
764 4133 820 4205 filii
846 4137 904 4222 tui,
930 4133 1077 4206 liberasti
1103 4131 1256 4206 mundum
1283 4133 1324 4207 ab
1347 4155 1464 4206 errore
1490 4139 1628 4230 peccati.

375 4245 523 4320 Eleaaos
547 4271 671 4320 rocon.
725 4250 805 4336 Quri·
822 4273 895 4322 cum
927 4261 1062 4345 paratus
1095 4259 1186 4322 esset
1211 4249 1253 4322 ad
1283 4253 1472 4346 passionem
1499 4247 1628 4322 saluta-⁶

273 4382 355 4450 rom,
382 4363 528 4457 inpane
554 4368 609 4458 qui
635 4363 678 4436 ab
705 4386 747 4437 co
774 4363 983 4454 benedictus,
1011 4363 1249 4453 sanctificatus,
1275 4365 1419 4456 fractus,
1452 4377 1486 4438 et
1511 4365 1629 4440 distri-

273 4473 368 4550 butus
394 4475 512 4566 iuerat,
538 4478 711 4576 Apostolis
738 4484 870 4569 sanctis,
897 4503 1019 4576 corpus
1052 4503 1147 4553 suum
1179 4482 1387 4556 sanctificans
1420 4480 1509 4553 dedit
1533 4479 1629 4554 nobis

275 4590 404 4666 dicens:
431 4595 570 4689 accipite
597 4605 630 4667 et
655 4596 851 4669 manducate
877 4619 923 4668 ex
949 4618 1007 4670 eo:
1040 4597 1114 4670 Hoc
1140 4608 1192 4670 est
1216 4620 1335 4693 nempe
1361 4620 1483 4696 corpus
1509 4621 1629 4689 meum,

276 4708 364 4802 quod
389 4730 451 4803 pro
477 4709 576 4784 vobis
610 4723 644 4784 et
675 4733 737 4808 pro
770 4713 879 4786 multis
905 4711 1067 4805 frangitur
1099 4724 1133 4786 ct
1158 4712 1313 4786 dividitur
1338 4713 1380 4786 ad
1406 4719 1630 4814 expiationem

276 4821 469 4898 delictorum
495 4835 529 4898 et
554 4831 783 4904 remissionem
808 4839 1032 4925 peccatorum,
1060 4830 1103 4902 ad
1130 4831 1230 4904 vitam
1257 4839 1435 4905 aeternam.

375 4941 535 5036 Populos.
585 4944 704 5018 Amen.
