4814 6060
616 607 691 682 518
1120 602 1550 681 trutinata-

612 794 724 886 gaudii
752 794 836 865 illius
864 791 1032 886 generalis
1059 791 1159 880 lecit,
1192 812 1368 886 genusque
1399 791 1563 864 rationale
1590 796 1797 864 terrestrium
1824 817 1844 864 a
1872 799 1990 868 servi-

613 921 681 981 tnte
708 914 825 983 mortis
859 919 893 980 et
925 920 1083 996 satanae,
1119 905 1256 980 brachio
1292 929 1353 980 suo
1388 906 1466 979 lorti
1497 908 1623 981 liberos
1658 910 1831 1004 praestitit.
1884 909 1988 985 Filios

612 1035 689 1099 tuos
726 1036 759 1098 et
794 1025 913 1097 iratres
950 1047 1031 1096 suos
1065 1026 1205 1096 vocavit
1240 1043 1303 1095 nos
1339 1045 1456 1095 omnes
1490 1035 1523 1096 et
1559 1023 1719 1096 adscivit:
1755 1028 1894 1120 ipseque
1928 1049 1990 1121 per

613 1146 772 1237 seipsum,
800 1141 934 1213 calcans
960 1139 1058 1212 nobis
1085 1143 1175 1211 mam
1202 1138 1244 1209 ad
1271 1141 1374 1209 vitam
1401 1161 1525 1212 novam
1552 1148 1586 1210 et
1612 1140 1850 1230 immortalem,
1877 1140 1989 1215 docuit

612 1279 676 1330 nos
702 1267 739 1328 ut
763 1278 884 1352 preces
912 1267 946 1327 et
973 1239 1243 1351 deprecationes
1268 1252 1464 1328 ollerremus
1497 1257 1663 1348 majestati
1696 1266 1772 1328 tuae
1805 1256 1987 1348 gloriosae,

612 1396 674 1469 pro
701 1371 808 1446 salute
834 1381 961 1445 nostra.
1010 1373 1242 1482 Deprecamur
1267 1373 1369 1463 igitur
1395 1381 1428 1442 te
1448 1369 1592 1444 Domine
1620 1374 1826 1461 misericors,
1852 1383 1987 1477 praesta

613 1487 710 1562 nobis
738 1487 890 1560 omnibus
918 1491 1026 1561 servis
1054 1499 1089 1561 et
1115 1486 1348 1560 adoratoribus
1376 1489 1456 1574 tuis,
1489 1495 1525 1558 ut
1558 1509 1631 1560 cum
1661 1491 1867 1560 conscientia
1893 1482 1988 1584 pura,

614 1604 718 1677 corde
745 1609 887 1677 contrito
915 1616 949 1676 et
973 1602 1154 1693 humiliato,
1181 1601 1344 1696 labiisque
1371 1601 1559 1698 impollutis,
1586 1612 1620 1674 et
1643 1626 1716 1676 cum
1739 1602 1858 1674 liducia
1881 1603 1988 1698 qualis

563 1775 567 1792 .
614 1721 700 1794 lilios
729 1720 836 1808 decet,
864 1743 997 1793 oremus
1026 1730 1059 1792 et
1085 1719 1251 1791 dicamus:
1279 1717 1381 1788 Pater
1407 1728 1524 1790 noster
1550 1721 1606 1812 qui
1633 1741 1671 1791 es
1699 1722 1732 1789 in
1759 1718 1874 1792 coelis.

718 1837 879 1930 Populos.
933 1835 1173 1908 Sanctificetur.

719 1951 903 2024 Sacerdos.
959 1937 1236 2045 Quandoquidem
1264 1949 1385 2041 dignos
1412 1948 1519 2020 iecisti
1547 1971 1610 2022 nos
1637 1972 1759 2023 servos
1786 1959 1882 2040 tuos,
1908 1972 1987 2024 reos
2063 1953 2075 1972 “

614 2064 724 2164 neque
751 2073 907 2155 meritos,
939 2077 975 2141 ut
1001 2068 1057 2140 lilii
1084 2070 1129 2138 tui
1156 2087 1326 2154 essemus,
1355 2075 1388 2136 et
1413 2087 1535 2138 nomen
1562 2065 1746 2158 gloriosum
1781 2069 1988 2162 paternitatis

615 2197 694 2258 tuae
721 2185 882 2259 excelsae
910 2207 1011 2280 super
1037 2205 1099 2256 nos
1126 2187 1366 2268 invocaretur,
1380 2183 1472 2253 mitte
1493 2203 1632 2273 regnum
1656 2191 1743 2255 tuum
1763 2182 1806 2254 ad
1830 2181 1988 2254 auxilium

613 2311 762 2374 nostrum
790 2311 824 2374 et
848 2298 891 2372 ab
920 2299 1072 2374 omnibus
1099 2298 1226 2373 insidiis
1253 2299 1392 2386 inimici,
1427 2308 1461 2370 et
1493 2297 1789 2372 machinationibus
1823 2297 1987 2370 hominum

616 2418 878 2506 sceleratorum,
906 2428 940 2488 et
966 2413 1221 2512 implacabilium
1248 2435 1415 2490 conserva
1442 2435 1521 2487 nos:
1548 2417 1830 2509 impugnationem
1859 2436 1990 2509 quoque

613 2536 831 2605 tentationum
859 2530 1113 2604 intolerabilium
1140 2530 1280 2626 prohibe
1308 2541 1341 2602 et
1369 2529 1499 2626 depelle
1527 2554 1546 2601 a
1573 2530 1688 2602 nobis:
1715 2553 1825 2625 neque
1844 2532 1987 2625 permit-

613 2659 666 2722 tas
693 2658 844 2720 naturam
872 2656 1020 2719 nostram
1049 2645 1213 2718 imbellem
1242 2645 1474 2720 afflictionibus
1502 2644 1750 2719 contumeliosis
1777 2669 1850 2718 cum
1878 2645 1988 2717 insul-
2062 2663 2070 2672 ·

616 2766 742 2835 tatione
769 2764 861 2835 affici.
910 2765 1018 2836 Parce
1046 2773 1079 2834 et
1106 2763 1228 2846 dimitte
1255 2773 1317 2858 per
1339 2763 1546 2835 clementiam
1574 2773 1662 2833 tuam
1690 2784 1807 2834 omnes
1835 2785 1988 2857 praeva-

614 2883 794 2953 ricationes
822 2887 967 2964 nostras
983 2878 1160 2976 humanas,
1194 2882 1269 2973 quia
1301 2881 1407 2951 virtus
1444 2888 1499 2950 tua
1532 2888 1642 2973 potest
1670 2881 1800 2965 omnia,
1834 2889 1867 2950 et
1899 2888 1988 2950 tuum

616 3005 667 3066 est
693 2998 877 3090 imperium,
905 3003 939 3065 et
966 2992 1184 3082 excellentia3
1214 2994 1339 3089 tibique
1365 2994 1506 3086 gloriam
1535 3004 1568 3065 et
1582 2993 1723 3096 ‘laudem
1750 2992 1935 3066 referimus.

720 3109 881 3203 Populea.
933 3112 1055 3184 Amen.

718 3227 907 3298 Diaconos.
959 3227 1059 3297 Ante.

719 3341 903 3413 Sacerdos.
958 3342 1082 3414 Coram
1111 3352 1143 3412 te
1170 3339 1270 3415 'Deus
1297 3343 1462 3428 Deomm,
1498 3353 1532 3413 et
1558 3340 1702 3413 Domine
1735 3339 1990 3414 dominantium:

616 3481 713 3553 quem
742 3457 889 3528 exaltant
917 3457 1051 3528 ordines
1078 3456 1264 3546 coelestes,
1298 3457 1539 3528 inclinaverunt
1574 3479 1662 3527 nunc
1698 3461 1792 3530 servi
1825 3461 1871 3531 tui
1902 3456 1991 3530 colla

616 3576 795 3643 animarum
824 3595 1067 3669 corporumque
1098 3595 1252 3662 suorum,
1286 3596 1359 3645 cum
1394 3576 1513 3644 mentis
1538 3571 1737 3661 humilitate,
1771 3571 1991 3644 obsecrantes

616 3711 729 3762 coram
756 3689 867 3761 limine
894 3691 1193 3764 commiserationis
1221 3701 1308 3763 tuae.
1354 3688 1509 3760 Extende
1536 3688 1712 3760 dexteram
1737 3700 1825 3760 tuam
1857 3687 1989 3782 plenam

616 3805 885 3878 miserationibus
912 3807 1076 3893 Domine,
1114 3817 1149 3878 et
1181 3805 1323 3878 benedic
1359 3803 1678 3898 congregationibus
1711 3801 1917 3876 adorantium
1944 3813 1990 3886 te,

614 3943 724 4014 neque
752 3924 886 4014 rejicias
912 3923 1090 4016 petitiones
1118 3921 1365 4017 deprecantium
1393 3931 1435 3992 te.
1489 3919 1630 3992 Ellunde
1662 3937 1764 4014 snper
1790 3937 1852 3990 eos
1878 3918 1990 3990 bene-

616 4036 777 4108 dictiones
805 4049 897 4109 tuas:
924 4035 1210 4112 abundantestac
1236 4055 1299 4119 eos
1327 4038 1422 4109 donis
1449 4039 1528 4110 tuis:
1557 4035 1677 4108 divites
1704 4056 1765 4107 eos
1791 4032 1848 4106 fac
1867 4056 1989 4106 mune-

614 4151 706 4223 ribus
736 4155 813 4224 tuis:
847 4151 1026 4247 multiplica
1054 4175 1136 4246 erga
1164 4175 1227 4228 eos
1255 4151 1379 4224 auxilia
1407 4163 1483 4242 tua;
1517 4151 1676 4224 conlirma
1710 4173 1772 4224 eos
1798 4153 1921 4222 virtute
1947 4149 1988 4222 ad

616 4266 888 4340 observationem
916 4267 1145 4340 mandatomm
1178 4280 1324 4342 tuorum:
1361 4266 1485 4363 perfice
1517 4267 1593 4341 illos
1627 4289 1689 4363 per
1724 4269 1991 4338 communionem

615 4383 759 4454 divinam
789 4396 1071 4457 sacramentorum
1099 4394 1248 4474 tuorum,
1281 4383 1424 4456 laetifica
1452 4406 1513 4456 eos
1540 4385 1714 4479 promissis
1741 4384 1823 4470 tuis,
1856 4392 1892 4454 ut
1926 4403 1988 4455 nos

585 4520 733 4570 ·omnes
762 4496 952 4572 abstersio
980 4498 1309 4595 sordibuspeccati,
1342 4501 1415 4594 puri
1450 4510 1484 4571 et
1518 4503 1581 4573 rite
1613 4502 1807 4594 praeparati
1831 4499 1989 4571 invenia-

614 4636 688 4686 mur
724 4612 766 4684 ad
801 4618 1047 4711 susceptionem
1087 4619 1241 4711 corporis
1283 4618 1504 4712 propitiatorii
1546 4626 1581 4687 et
1622 4616 1794 4706 sanguinis
1835 4613 1990 4687 salutaris

616 4729 739 4804 Christi
766 4733 824 4817 toi,
851 4731 982 4825 sintque
1010 4730 1106 4806 nobis
1134 4731 1175 4803 ad
1204 4731 1482 4822 emundationem,
1509 4741 1544 4804 et
1569 4753 1636 4804 non
1664 4729 1706 4802 ad
1733 4733 1991 4817 accusationem,

617 4846 657 4918 ad
685 4846 976 4944 propitiationem,
1002 4869 1068 4918 non
1097 4847 1138 4919 ad
1166 4848 1494 4921 condemnationem:
1532 4847 1575 4920 ad
1610 4846 1761 4919 fiduciam
1794 4844 1992 4918 familiarem

617 4984 731 5033 eoram
762 4961 849 5034 solio
876 4969 932 5032 tuo
961 4963 1444 5052 timendo,nullieonb1sioni
1472 4962 1671 5053 obnoxiam,
1699 4971 1762 5035 ete.

717 5075 878 5168 Populea.
912 5076 1050 5164 Amen.
1088 5145 1090 5154 Α
