4782 6068
606 657 653 734 tlt
687 655 935 734 trinacris
968 654 1375 734 nustoatnttoattn.
1594 655 1668 728 601

299 842 489 905 consecratio
506 841 688 906 admittenda
704 839 794 920 toret,
817 859 884 904 cum
901 839 1102 905 invocationis
1124 840 1243 906 solenni
1272 840 1322 904 ills
1351 841 1479 906 formula
1500 847 1619 917 eareat;
1642 840 1675 904 iu

301 960 360 1023 qua
383 947 510 1024 rogatur
532 941 626 1016 Deus,
649 948 683 1004 ut
697 941 825 1022 Spiritus
847 948 970 1004 sanctus
993 941 1158 1006 adveniens
1180 941 1259 1004 dona
1280 941 1448 1023 proposita,
1469 959 1579 1022 partem
1601 935 1697 1020 qui-'

300 1039 369 1102 dem
391 1040 482 1104 iaciat
504 1057 626 1121 corpus,
648 1041 767 1104 mistum
789 1037 870 1120 quod
893 1047 940 1103 est
961 1041 992 1102 in
1015 1040 1111 1104 calice
1134 1041 1312 1124 sanguinem
1336 1039 1448 1104 Christi
1468 1040 1597 1104 Domini.
1641 1039 1673 1102 Si

272 1161 274 1166 ·
298 1140 393 1224 igitur
414 1140 543 1223 perillo
565 1139 660 1203 verbo
682 1138 848 1220 perficitur,
872 1157 939 1202 cum
966 1138 1131 1219 abfuerint,
1158 1138 1233 1202 nihil
1255 1138 1304 1202 ht:
1330 1157 1431 1221 neque
1460 1139 1555 1202 altera
1583 1154 1672 1221 quam

299 1257 392 1320 snpra
413 1238 615 1304 Invocationis
638 1238 750 1318 torma,
779 1237 935 1301 retulimus
958 1238 1092 1302 eamdem
1115 1238 1313 1318 sententiam,
1334 1246 1385 1300 aut
1406 1256 1510 1319 parem
1532 1237 1592 1299 vim
1614 1234 1672 1299 ba-

299 1339 375 1402 bere
398 1337 551 1402 censenda
578 1346 635 1402 est.
687 1336 729 1400 Αι
756 1356 824 1400 eum
852 1338 882 1399 in
915 1336 1067 1400 Theodori
1097 1345 1128 1400 et
1153 1336 1287 1401 Nestorii
1314 1336 1457 1418 Liturgiis
1486 1334 1673 1417 Euangeliou

298 1437 394 1501 verba
417 1436 540 1516 Christi,
562 1444 596 1500 ut
618 1439 646 1500 in
671 1437 808 1500 omnibus
831 1436 898 1500 aliis
921 1435 1078 1520 legantur,
1109 1438 1205 1518 prima
1227 1436 1392 1502 secundum
1415 1435 1482 1499 illas
1511 1433 1672 1499 reformari

298 1536 465 1600 indubitate
488 1533 589 1598 debet.

385 1636 419 1699 ln
442 1635 534 1698 Missa
557 1633 738 1698 hlalabarica
768 1633 862 1698 forma
890 1633 1053 1697 verborum
1076 1632 1187 1696 Christi
1209 1633 1389 1716 interpolata
1412 1639 1476 1710 cst,
1504 1641 1537 1698 ut
1565 1631 1673 1694 Latina

190 1807 191 1814 χ
300 1735 535 1800 substitueretur
553 1735 640 1814 juxta
662 1733 833 1816 exemplum
862 1732 992 1797 blissalis
1015 1732 1168 1797 Chaldaici
1198 1733 1311 1797 Romae
1335 1733 1417 1798 editi.
1467 1731 1556 1796 Ratio
1585 1731 1672 1812 hujus

299 1835 472 1898 mutationis
496 1835 526 1896 in
549 1834 690 1897 Decretis
713 1833 829 1916 Synodi
851 1832 1076 1914 Diamperensis
1099 1832 1176 1896 hoec
1199 1834 1387 1917 assignatum
1410 1833 1491 1915 quod
1512 1831 1673 1896 Nestoriu-

300 1917 621 1997 norum'Patriarebae
644 1933 779 1996 nonnulli
801 1949 867 1996 eam
890 1933 1092 2013 corruperint,
1115 1930 1344 2014 addiderintque
1368 1948 1403 1993 eo
1427 1948 1505 2012 quae
1528 1930 1566 1993 ad
1588 1947 1672 1992 suam
1774 1939 1777 1945 ’

299 2031 440 2096 haeresin
464 2033 670 2097 insinuandam
691 2031 845 2111 lacerent,
876 2031 905 2094 id
935 2049 1010 2094 vero
1039 2031 1189 2112 quomodo
1218 2032 1247 2094 in
1270 2029 1372 2094 verbis
1396 2028 1507 2093 Christi
1529 2027 1673 2093 releren-

301 2131 348 2194 dis
371 2131 437 2195 heri
458 2140 575 2215 posset,
598 2150 658 2195 non
682 2131 771 2194 iacilc
795 2129 981 2212 intelligitur.
1034 2132 1114 2195 Sane
1136 2130 1287 2194 Theodori
1311 2139 1341 2194 et
1362 2129 1496 2194 Nestorii
1518 2129 1673 2212 Liturgiae

301 2248 380 2312 quae
403 2231 700 2314 germanissimorum
721 2230 972 2294 Nestorianorum
995 2237 1082 2309 sunt,
1116 2230 1156 2292 ita
1179 2229 1255 2293 haec
1276 2231 1371 2294 verba
1393 2228 1547 2305 referunt,
1573 2235 1607 2290 ut
1634 2227 1672 2290 ab

301 2329 485 2394 Orthodoxis
508 2328 644 2409 Graecis,
667 2330 753 2412 Syris
776 2338 807 2392 et
829 2329 896 2392 aliis
917 2329 1062 2392 Jacobitis
1086 2329 1300 2411 cujuscumque
1323 2329 1444 2410 linguae
1467 2329 1674 2411 pronuncian-

298 2437 356 2492 tur.
399 2428 465 2491 1100
487 2437 534 2491 est
554 2449 666 2510 colpos
686 2430 897 2510 meam,·pnod
915 2447 975 2508 pro
997 2426 1085 2491 cobis
1102 2427 1258 2508 [concitur
1277 2430 1310 2490 in
1330 2428 1539 2492 remissionem
1556 2446 1674 2509 pecco-

298 2537 407 2593 ternm.
452 2528 511 2590 Hic
533 2536 580 2590 est
599 2531 725 2610 sompnis
752 2548 838 2592 mens
858 2527 939 2591 Noni
960 2521 1153 2604 Testamenti,
1186 2530 1238 2609 qui
1261 2546 1323 2607 pro
1350 2526 1438 2589 cobis
1458 2526 1620 2609 effunditur
1640 2527 1673 2588 ic

183 2679 191 2684 .
297 2629 505 2691 recessionem
523 2636 727 2708 peccatorum.
757 2626 834 2690 istas
856 2645 931 2690 vero
955 2625 1066 2690 iormas
1090 2626 1208 2689 abillis
1231 2643 1308 2708 quos
1331 2626 1566 2706 Diamperenses
1588 2623 1673 2688 Ceu-

299 2745 387 2791 sores
411 2734 554 2789 accusant
584 2726 764 2806 haereticis,
795 2727 944 2790 institutas
971 2725 1067 2790 fuisse
1096 2726 1288 2805 existimare,
1318 2743 1451 2788 summae
1479 2722 1673 2791 absurditatis

299 2827 390 2905 foret,
414 2845 480 2889 eum
504 2827 627 2889 totidem
650 2826 774 2908 syllabis
797 2826 938 2908 legantur
966 2825 997 2888 in
1021 2826 1144 2890 Graecis
1167 2826 1328 2910 liturgiis,
1359 2827 1446 2888 utin
1468 2821 1672 2890 Orientalibus

301 2925 452 3018 omuibus:
475 2935 506 2989 et
528 2926 608 3008 qnod
631 2927 725 3006 majus
749 2933 796 2989 est
818 2925 1047 2990 communicavit
1075 2943 1132 3006 per
1154 2943 1250 2988 annos
1273 2924 1354 2987 mille
1376 2932 1531 2989 trecentos
1553 2931 1584 2987 et
1606 2939 1673 2985 am-

301 3025 380 3107 plius
404 3023 514 3087 Oriens
538 3023 706 3101 occidenti,
730 3043 798 3087 cum
820 3024 928 3087 eadem
950 3021 1114 3085 verborum
1137 3023 1248 3087 Christi
1270 3022 1381 3103 forma,
1411 3025 1546 3105 momnis
1569 3042 1586 3085 a
1608 3020 1674 3083 Ro-

300 3141 388 3186 mana
411 3123 566 3203 differens,
589 3125 667 3187 inter
689 3124 797 3188 blissas
820 3122 954 3204 quotidie
976 3128 1188 3204 usurparetur.
1242 3123 1271 3184 ls
1294 3121 1362 3204 ipse
1384 3123 1435 3205 qui
1465 3131 1524 3186 tarn
1553 3128 1673 3185 acutum

301 3223 446 3287 cernebat
469 3225 499 3286 in
522 3223 707 3286 Graecorum
730 3222 895 3304 disciplinis
926 3221 1169 3300 Turrccremata‚
1192 3220 1303 3283 nullam
1326 3220 1497 3285 Florentiae
1525 3221 1673 3284 adversus

63 3333 70 3345 '
190 3357 219 3401 .‘
300 3323 369 3386 illos
393 3323 431 3386 de
454 3323 512 3386 boc
537 3324 660 3386 crimine
683 3323 764 3386 litem
786 3323 890 3386 movit.
924 3319 1136 3384 Postulandum
1155 3322 1244 3383 etiam
1267 3319 1358 3398 soret,
1377 3323 1464 3404 juxta
1487 3329 1575 3383 vetus
1598 3316 1673 3380 illud

300 3423 485 3486 severissimi
503 3420 613 3504 judicis
628 3423 809 3504 exemplum,
832 3422 883 3484 cui
902 3421 981 3484 bono
1002 3419 1121 3483 tandem
1144 3419 1219 3484 haec
1234 3420 1407 3502 eonuptela
1429 3419 1552 3483 inducta
1574 3425 1668 3482 esset.

301 3521 381 3596 Quid
402 3539 495 3604 porro
513 3522 601 3604 juvat
623 3540 744 3586 eausam
766 3520 1028 3596 Nestorianorum,
1056 3520 1082 3582 si
1103 3519 1235 3582 dixerint
1256 3521 1286 3582 in
1308 3521 1461 3601 mysteriis
1484 3533 1672 3583 consecran-

301 3622 357 3688 dis.
399 3620 465 3684 Hoc
486 3630 533 3684 est
553 3642 665 3702 conpos
685 3641 792 3698 meum
814 3621 895 3702 peod
911 3639 973 3701 pro
994 3619 1082 3684 cobis
1100 3618 1256 3700 [recepitur
1274 3621 1308 3682 in
1328 3621 1536 3682 remmnmem
1555 3636 1672 3698 pecce-

301 3729 411 3796 tercm,
432 3721 533 3801 potius
557 3739 644 3802 quam
667 3720 843 3802 simpliciter
870 3718 937 3782 Hoc
964 3726 1010 3781 est
1036 3737 1148 3798 empus
1168 3737 1275 3784 mnsam
1326 3719 1357 3784 Si
1386 3720 1426 3782 ita
1455 3719 1612 3801 legeretur
1641 3719 1674 3780 in

302 3838 408 3882 eorum
430 3818 608 3899 Codicibus,
640 3821 774 3883 occusoti
796 3818 922 3883 forsitan
945 3837 972 3880 a,
986 3818 1134 3881 Melchitis
1163 3827 1214 3880 aut
1243 3818 1388 3883 tacebitis
1417 3818 1561 3896 luissent,
1592 3817 1674 3898 qnod

300 3919 342 3982 ita
364 3919 507 3999 simplicis
529 3919 656 3982 hominis
680 3936 802 4000 corpus,
824 3936 885 3980 non
903 3903 1009 4004 σάρκα
1026 3909 1243 4000 uticensem,
1267 3937 1389 3982 comen
1403 3917 1675 3998 diuinemscctam,

303 4022 336 4078 ιιι
359 4016 468 4080 Graeci
490 4025 612 4082 veteres
636 4027 667 4080 et
689 4019 878 4081 recentiores
902 4015 1075 4098 loquuntur,
1098 4019 1128 4080 in
1150 4017 1339 4082 Eucharistia
1362 4025 1575 4101 agnoscerent.
1608 4017 1674 4080 Hoc

302 4117 381 4184 euim
402 4117 521 4204 nomine
545 4117 678 4190 accusati
699 4117 820 4180 buerunt
842 4117 913 4180 clim
928 4132 945 4178 a
963 4115 1077 4180 Latinis
1100 4115 1259 4198 aliquibus,
1282 4118 1373 4180 etiarn
1395 4115 1573 4198 nDionysio
1596 4113 1692 4177 Bar-·
1749 4133 1771 4152 Δ

302 4214 399 4292 sebbi,
422 4217 558 4296 quamvis
588 4216 758 4281 orientales
788 4213 956 4281 Orthodoxi
984 4223 1016 4278 et
1042 4215 1199 4280 loeobitoe
1233 4234 1384 4298 nunquam
1421 4235 1477 4280 eos
1511 4232 1673 4279 accusasse

300 4315 502 4395 reperiantur,
525 4317 605 4397 quod
627 4317 844 4380 Eucharistiam
866 4334 935 4379 esse
966 4331 1078 4396 corpus
1102 4313 1213 4378 Christi
1243 4335 1305 4380 non
1328 4316 1498 4380 crederent.
1543 4317 1672 4378 Veteres

301 4431 422 4495 quoque
444 4431 549 4477 omncs
572 4417 708 4480 Graecae
730 4423 761 4480 et
782 4415 951 4480 orientales
979 4416 1144 4498 Liturgiae‚
1167 4433 1205 4479 ne
1229 4434 1288 4479 uno
1310 4417 1429 4498 quidem
1452 4423 1582 4496 excepta
1603 4414 1673 4478 for-

301 4529 378 4574 mam
402 4510 513 4576 Christi
535 4515 698 4580 verborum
721 4517 759 4580 ad
782 4514 907 4579 calicem
940 4515 1047 4578 eodem
1069 4523 1177 4579 tenore
1200 4523 1445 4596 repraesentant:
1474 4532 1534 4578 nec
1562 4515 1674 4578 babent

300 4612 368 4674 illas
385 4630 484 4675 -voces
508 4616 635 4691 aeter-rei,
657 4623 709 4679 aut
729 4616 903 4700 mysterium
921 4615 1004 4695 fidei,
1027 4620 1057 4676 et
1080 4622 1180 4678 tamen
1201 4615 1283 4678 nulla
1306 4615 1387 4678 circa
1409 4613 1486 4675 banc
1510 4611 1673 4675 diversita-

301 4717 363 4774 tem
385 4714 593 4776 controversia
615 4713 680 4777 init.
714 4714 794 4777 Nihil
814 4715 908 4796 igitur
929 4731 1041 4776 causac
1062 4721 1138 4791 erat,
1161 4729 1221 4804 cur¹
1236 4715 1344 4777 tradita
1366 4714 1530 4796 antiquitus
1553 4720 1583 4776 et
1606 4731 1672 4775 cum

303 4810 440 4874 omnihus
463 4810 528 4874 eliis
552 4812 683 4876 Orientis
705 4813 849 4879 Ecclesiis
872 4814 1056 4877 conveniens
1079 4811 1174 4875 lorma
1195 4820 1370 4877 mutaretur.

389 4911 637 4993 Quandoquidem
660 4932 735 4976 vero
756 4912 870 4994 Synodi
892 4911 1117 4992 Diamperensis
1142 4912 1275 4976 Decreta
1297 4913 1327 4974 in
1351 4910 1534 4994 amplissima
1557 4910 1671 4974 Conci-

301 5008 408 5072 liorum
432 5009 620 5074 Collectiune
642 5013 804 5087 nonedita
826 5018 907 5088 sunt,
929 5029 1029 5092 neque
1052 5029 1089 5074 ea
1111 5012 1225 5074 vidisse
1247 5010 1436 5076 collectores
1458 5015 1601 5093 apparet,
1630 5007 1672 5070 li-

300 5107 419 5190 berque
441 5127 502 5190 quc
525 5113 726 5192 continentur,
751 5118 798 5175 est
819 5111 1008 5186 rarissimus,
1036 5108 1161 5174 Decreti
1182 5118 1298 5193 partem
1321 5129 1399 5193 quae
1420 5110 1498 5175 hane
1519 5109 1670 5175 reforma-
