4814 6060
675 553 752 628 492
1182 552 1544 630 LITURGIA

675 764 789 814 corum
827 763 980 831 suorum,
1006 738 1161 812 volantes
1189 737 1274 810 alter
1301 738 1344 810 ud
1371 739 1527 826 alterum,
1563 738 1810 827 vociferantur,
1843 739 1987 814 clamant
2018 751 2054 814 et

677 858 798 931 dicunt.
1188 853 1350 947 Populea.
1402 856 1523 928 Amen.

779 972 956 1045 Sacerdos
988 971 1181 1043 ineffectus.
1234 964 1379 1044 Sanctus
1407 993 1458 1058 es,
1485 982 1621 1044 sancus
1648 993 1704 1044 es:
1730 970 1927 1046 benedictus
1945 972 2054 1048 bonor

674 1097 749 1160 tuus
776 1111 797 1159 e
824 1088 902 1160 loco
930 1109 1009 1160 suo:
1038 1086 1182 1158 Sanctius
1208 1108 1248 1158 es
1275 1089 1378 1158 trinus
1406 1095 1440 1158 et
1465 1107 1569 1174 unus,
1598 1090 1652 1181 qui
1680 1085 1913 1176 uCherubim,
1939 1088 2082 1160 Sera-.

674 1203 784 1302 plrim,
812 1213 846 1275 et
872 1203 1015 1274 Thronis
1041 1201 1267 1289 benediceris,
1294 1201 1529 1290 sanctificaris,
1557 1211 1591 1273 et
1617 1202 1832 1294 glorificaris:
1860 1203 2053 1298 quisVir-

672 1320 819 1414 tutibus,
846 1317 1083 1406 Potestatibus,
1105 1330 1138 1389 et
1158 1318 1447 1391 Dominationibus
1463 1317 1652 1408 honoraris,
1678 1319 1835 1408 laudaris,
1863 1329 1898 1390 et
1913 1320 2052 1392 exalta-
2119 1365 2124 1372 ·

677 1439 741 1506 ris:
769 1440 824 1530 qui
846 1434 1134 1530 aPrincipatibuS,
1147 1432 1387 1526 Archangelis,
1415 1444 1449 1506 ct
1464 1433 1621 1525 Angelis,
1637 1433 1823 1522 extolleris,
1841 1434 2051 1526 glorificaris,

678 1560 713 1622 et
739 1550 941 1639 celebraris3
969 1562 1122 1644 tauquam
1155 1549 1239 1620 lucis
1272 1546 1533 1637 scrutatoribus,
1566 1560 1601 1622 et
1633 1550 1857 1644 praeconibus
1890 1553 2053 1623 veritatis.
2130 1639 2133 1648 ,

678 1666 753 1738 'fibi
782 1671 837 1762 qui
864 1690 902 1739 es
929 1689 1028 1763 supra
1056 1664 1172 1738 laudes
1200 1687 1316 1738 omnes
1352 1665 1626 1737 sanctificantium
1660 1674 1711 1751 te,
1746 1659 1887 1760 placuit,
1922 1675 1958 1738 nt
1988 1690 2053 1740 nos

676 1795 867 1878 postremos
901 1794 1028 1854 tuarum
1065 1791 1311 1868 creaturarum,
1352 1783 1533 1876 participes
1567 1792 1644 1852 tuae
1679 1791 1819 1854 naturae
1850 1781 1984 1855 faceres
2020 1793 2055 1855 ct

677 1898 777 1971 lilium
805 1911 914 1986 mum,
941 1896 1114 1992 aequalem
1142 1897 1199 1969 tibi
1226 1905 1344 1969 natura
1371 1908 1404 1969 et
1422 1901 1516 1989 regia
1545 1896 1704 1988 dignitate
1720 1899 1838 1968 misisti
1851 1897 2053 1970 directorem

676 2015 820 2088 futurum
848 2018 1029 2086 animarum
1055 2024 1262 2100 nostrarum,
1289 2024 1546 2108 nostrorumque
1573 2016 1743 2107 spirituum
1762 2012 1991 2086 Salvatorem:
2019 2023 2054 2086 ct

678 2155 724 2202 ex
749 2129 892 2224 Virgine
919 2140 1054 2217 sancta,
1083 2151 1170 2223 quae
1198 2128 1377 2202 secundum
1404 2150 1527 2224 corpus
1555 2139 1589 2199 et
1615 2131 1755 2200 animam
1782 2127 1970 2224 purufacta
1989 2142 2053 2218 est,

677 2247 817 2320 formam
847 2249 992 2342 accepit,
1019 2255 1056 2316 ut
1082 2243 1306 2318 conveniebat
1332 2245 1375 2316 ad
1402 2243 1541 2318 salutem
1567 2254 1727 2317 nostram.

782 2363 959 2434 Sacerdos
985 2361 1122 2432 clocutus
1147 2382 1273 2431 uocem.
1332 2359 1391 2432 illc
1423 2369 1532 2432 autem
1565 2382 1627 2455 per
1660 2346 1946 2434 annunciationem
1979 2363 2055 2433 Ar-

680 2479 833 2570 changeli
860 2478 903 2551 ad
931 2479 1141 2548 existentiam
1168 2479 1281 2564 venit,
1315 2474 1523 2571 formamque
1559 2474 1733 2548 humanam
1768 2475 1983 2566 mirabiliter,
2020 2487 2057 2549 et

680 2617 803 2690 corpus
830 2603 969 2664 naturae
995 2600 1133 2662 nostrae
1160 2595 1355 2683 genuinum,
1382 2591 1567 2664 humanitus
1594 2595 1743 2686 aceepit:
1777 2595 1810 2662 iu
1844 2615 1887 2663 ao
1903 2597 2055 2698 virtutes
2101 2647 2108 2657 ‚

679 2721 714 2781 et
739 2707 899 2782 miracula
927 2717 1085 2803 operatus
1113 2718 1165 2778 est
1191 2703 1482 2780 ad'institutionem
1497 2717 1658 2795 nostram,
1684 2705 1892 2801 perfecitque
1909 2711 2055 2780 univer-

680 2848 750 2899 sam
778 2825 1057 2919 dispensationem
1086 2843 1178 2894 suam
1207 2823 1395 2914 salutarem,
1422 2831 1456 2894 ct
1481 2825 1575 2896 venit
1600 2822 1642 2894 ad
1664 2825 1869 2918 passionem,
1895 2845 2055 2898 crucem-

681 2963 746 3036 que
773 2939 992 3012 voluntariam
1020 2960 1082 3034 pro
1110 2936 1218 3010 nobis.
1276 2936 1354 3010 9Ιιι
1389 2961 1431 3010 ca
1464 2948 1573 3010 autem
1600 2949 1701 3010 nocte
1728 2949 1955 3034 qua'paratus
1981 2949 2057 3010 erut

662 3056 723 3128 ad
751 3053 952 3149 patiendum,
979 3076 1040 3149 pro
1068 3057 1138 3125 vita
1166 3065 1411 3144 creaturarum,
1447 3057 1568 3148 pignus
1596 3058 1686 3125 vitae
1714 3054 1846 3127 tradidit
1872 3053 1988 3140 nobis,
2020 3065 2056 3127 et

680 3173 875 3266 mysterium
903 3172 1055 3265 corporis
1083 3179 1116 3241 et
1144 3173 1315 3262 sanguinis
1341 3174 1392 3242 sui
1415 3173 1520 3242 sancti
1548 3175 1765 3265 praeparavit
1790 3170 1904 3244 nobis:
1931 3193 2053 3266 panem

681 3288 822 3380 accepit,
849 3296 1024 3380 postquam
1051 3284 1251 3380 perfecisset
1277 3285 1406 3358 Pascha
1434 3286 1632 3373 Mosaicum,
1660 3295 1694 3356 et
1713 3308 1814 3382 super
1830 3307 1948 3358 manus
1975 3307 2056 3358 suas

680 3411 815 3474 sanctas
842 3404 874 3471 in
903 3412 1086 3496 conspectu
1113 3400 1230 3475 turbae
1258 3411 1292 3473 et
1318 3405 1490 3474 societatis
1512 3401 1747 3496 discipulorum
1774 3423 1910 3474 suorum
1935 3404 2057 3496 posuit,

681 3518 740 3590 tibi
766 3517 860 3590 Deus
887 3515 988 3588 Pater
1021 3520 1147 3610 gratias
1180 3522 1267 3610 egit,
1301 3517 1532 3604 †henedixit,
1569 3524 1590 3599 †
1624 3518 1864 3606 sanctificavit,
1897 3516 2057 3609 †fregit,

677 3632 835 3726 ¹dalitque
862 3631 979 3705 turbae
1005 3632 1178 3708 duodecim
1214 3655 1366 3720 suorum,
1398 3643 1573 3728 postquam
1607 3637 1682 3728 ipse
1712 3635 1989 3723 communicavit,
2024 3640 2058 3702 et

683 3749 783 3818 dixit:
811 3749 966 3842 accipite,
993 3747 1081 3820 edite
1108 3773 1153 3820 ex
1180 3771 1233 3823 eo.
1286 3748 1362 3823 Hoc
1393 3759 1445 3820 est
1474 3747 1606 3844 Corpus
1633 3771 1742 3822 meum
1775 3749 1863 3844 quod
1896 3770 1965 3844 pro·
1985 3751 2057 3819 vitu

681 3861 791 3935 mundi
817 3860 980 3954 frangitur
1007 3872 1039 3935 et
1067 3865 1176 3951 datur,
1212 3864 1254 3938 ad
1282 3867 1508 3961 expiationem
1535 3865 1730 3937 delictorum
1756 3877 1789 3936 et
1824 3866 2056 3938 remissionem

680 3988 906 4074 peccatorum.

785 4093 948 4185 Populus.
1001 4095 1120 4166 Amen.

786 4207 971 4281 ›iocordoa
1013 4209 1171 4282 Similiter
1197 4220 1372 4305 postquam
1399 4219 1641 4299 coenaverunt,
1668 4207 1806 4282 calicem
1833 4213 1924 4282 vitae
1950 4233 2059 4284 acoe-

602 4397 607 4408 ,
686 4328 743 4420 pit,
771 4327 851 4397 vino
880 4333 913 4396 et
940 4348 1025 4419 aqua
1053 4329 1183 4400 miscuit
1197 4336 1392 4421 temperate,
1419 4329 1546 4419 gratias
1574 4329 1653 4418 egit,
1679 4325 1897 4414 †benedixit,
1924 4333 1945 4408 †
1971 4351 2060 4400 snu-

684 4441 841 4513 ctiiicavit
876 4463 972 4531 eum,
1012 4449 1033 4524 †
1068 4452 1102 4513 et
1133 4462 1248 4514 nrrsus
1288 4442 1396 4514 eidem
1440 4441 1558 4514 turbae
1592 4441 1831 4536 Apostolorum
1857 4422 2060 4516 ¹sauctorum

686 4555 818 4627 tradidit
845 4555 971 4644 diceus,
999 4559 1158 4653 accipite,
1191 4556 1296 4631 bibite
1330 4581 1375 4629 ex
1408 4577 1449 4628 eo
1483 4577 1548 4629 vos
1575 4577 1707 4628 omnes:
1739 4556 1802 4628 Hic
1834 4570 1888 4630 cst
1919 4561 2060 4650 sanguis

685 4693 779 4742 meus
805 4671 896 4744 Novi
923 4673 1128 4748 Testamenti
1162 4677 1217 4768 qui
1252 4696 1314 4769 pro
1348 4673 1448 4745 vobis
1482 4671 1670 4759 effunditur,
1705 4695 1835 4767 vosque
1871 4685 1905 4748 et
1937 4674 2062 4748 mvdtos

686 4787 861 4859 credentes
888 4801 1068 4885 praeparat
1095 4789 1264 4863 advitam
1293 4800 1472 4863 aeternam.

765 4895 952 4994 'Populus
1006 4907 1125 4977 Amen.

790 5017 974 5092 Sacerdos.
1041 5021 1123 5093 Cum
1165 5042 1250 5091 voro
1294 5025 1488 5117 mysterium
1529 5020 1595 5093 hoc
1630 5019 1805 5090 vivificans
1840 5029 1874 5091 et
1909 5029 2065 5093 sanctum
