4784 6040
645 663 650 674 .
681 605 684 608 ·
728 604 769 680 u
793 599 999 680 nrrmcnn
1024 557 1184 680 romnus
1211 601 1451 680 nnsomnsrs.
1699 601 1775 676 435

499 803 530 867 5.
573 793 686 872 Aaron
708 803 795 886 hujus
825 802 1045 887 liturgicum
1075 803 1190 866 mediae
1212 802 1318 866 aetatis
1341 804 1509 886 scriptores
1530 803 1701 868 Olliciorunr
1723 821 1778 866 sa-

412 925 533 972 crorum
554 927 652 990 prope
675 925 790 986 omnes,
812 905 932 988 longius
954 905 1083 968 recessit
1096 908 1220 986 aprima
1241 907 1292 969 illa
1313 907 1501 989 simplicitate
1515 909 1635 990 quaein
1649 907 1774 971 Graecis

412 1008 603 1086 observatur,
625 1015 656 1069 et
677 1024 765 1088 quam
788 1006 900 1088 pariter
922 1005 1018 1067 secuti
1039 1011 1108 1066 sunt
1130 1005 1217 1087 primi
1240 1005 1428 1087 Syriacarum
1452 1015 1585 1085 autores,
1607 1006 1657 1069 vel
1679 1008 1777 1071 inter-

413 1114 527 1189 pretes.
576 1105 652 1170 Tota
679 1114 778 1167 tamen
810 1104 888 1166 illius
918 1101 1111 1184 paraphrasis
1137 1105 1326 1167 institutionis
1357 1105 1583 1184 Eucharistiae,
1614 1126 1653 1170 ex
1682 1108 1777 1169 sacris

411 1206 508 1270 literis
534 1212 686 1284 contenta,
709 1204 781 1267 nihil
803 1202 893 1266 habet
914 1201 994 1264 unde
1017 1205 1115 1284 possit
1142 1205 1290 1283 accusari,
1314 1223 1380 1267 cum
1404 1206 1497 1268 verba
1519 1206 1675 1268 Dominica
1698 1223 1776 1268 con-

413 1305 517 1384 tineat,
539 1313 570 1367 ut
593 1306 623 1366 in
645 1303 814 1385 Evangelii,
844 1312 874 1366 et
903 1302 968 1365 aliis
990 1303 1133 1384 Liturgiis
1155 1303 1308 1387 leguntur.
1337 1304 1507 1367 Occurrunt
1529 1307 1560 1369 in
1581 1305 1695 1367 Latinis
1717 1323 1776 1368 ve-

414 1407 500 1468 tustis
538 1403 691 1467 codicibus
727 1403 866 1484 exempla
898 1401 1010 1484 aliquot
1043 1402 1164 1465 iusioris
1207 1403 1415 1484 explicationis
1452 1407 1663 1487 mysteriorum
1704 1412 1776 1487 post
1812 1445 1816 1451 -

412 1504 563 1567 Sanctus:
592 1522 697 1567 verum
723 1521 790 1566 cum
818 1503 855 1565 ad
883 1520 920 1566 ea
942 1502 1036 1564 verba
1057 1509 1179 1564 ventum
1201 1493 1270 1580 est,
1289 1505 1341 1584 pai
1365 1505 1468 1584 pridie
1495 1523 1585 1586 quom
1608 1512 1775 1585 peteretur,

414 1605 511 1667 oratio
534 1604 658 1668 brevior
680 1611 728 1666 est
748 1610 780 1666 et
802 1601 976 1685 simplicior.

480 1847 483 1862 ’
549 1863 584 1936 6.
628 1862 776 1936 Culicem
801 1864 888 1934 bunc
915 1866 1059 1958 efficiat,
1085 1865 1132 1934 od
1156 1866 1386 1936 remissionem
1406 1869 1640 1958 peccatorum.

507 2057 715 2136 erunomnurr
737 2066 918 2148 reliquarum
940 2085 1008 2129 curn
1034 2067 1091 2130 isla
1125 2068 1308 2149 comparatio
1339 2065 1412 2130 lacit
1440 2076 1473 2130 ut
1500 2069 1532 2131 in
1560 2068 1618 2134 hac
1646 2069 1777 2135 luvoca-
1856 2155 1860 2160 ·

396 2173 500 2236 tionis
523 2167 769 2254 Spiritus‘sancti
790 2171 885 2235 iorma
908 2169 1017 2248 deesse
1046 2169 1140 2234 verba
1161 2169 1303 2234 nonnulla
1333 2172 1530 2253 suspicemur.
1580 2172 1640 2236 ista
1662 2175 1778 2238 scilicet

390 2267 445 2334 'ut
466 2271 597 2335 Calicem
618 2272 697 2334 buno
718 2269 833 2352 efficiat
852 2269 1033 2350 sanquinem
1061 2272 1125 2349 mnu
1143 2272 1319 2349 pretiosum,
1342 2278 1397 2335 etc.
1420 2273 1452 2333 in
1473 2275 1681 2337 remissionem
1700 2294 1777 2354 pec-

413 2379 559 2434 catorum.
596 2369 657 2433 Cur
680 2371 758 2432 enirn
781 2370 953 2432 omittantur
975 2387 1040 2431 cum
1071 2375 1174 2431 extent
1202 2370 1232 2430 in
1255 2369 1379 2432 Graecis
1402 2377 1432 2432 et
1455 2371 1520 2434 aliis
1544 2372 1692 2449 omnibus,
1714 2382 1776 2436 tum

413 2472 502 2534 etiarn
523 2473 553 2532 in
576 2470 672 2551 prima
695 2469 829 2553 ejusdem
852 2469 996 2531 orationis
1025 2475 1123 2550 parte,
1146 2485 1237 2531 causa
1259 2469 1340 2532 nulla
1362 2476 1419 2532 est.
1466 2471 1498 2533 Si
1527 2473 1593 2551 quis
1615 2471 1775 2537 lectionem

411 2569 559 2650 integram
589 2587 659 2632 esse
689 2568 867 2647 contendat,
890 2576 923 2630 ut
945 2567 1081 2630 eliciatur
1103 2567 1183 2648 inde,
1207 2585 1266 2630 nou
1290 2587 1331 2631 en
1353 2569 1553 2633 invocationis
1565 2571 1674 2635 Verbis
1697 2591 1777 2637 con-

412 2669 630 2748 secrationem,
663 2676 713 2732 aut
745 2669 823 2732 illius
849 2669 996 2752 integram
1024 2668 1084 2730 vim
1110 2671 1141 2730 in
1170 2668 1220 2732 illa
1248 2687 1318 2732 esse
1352 2670 1495 2750 positam,
1529 2688 1589 2732 non
1619 2663 1777 2735 admodum

412 2769 624 2851 pugnabimus,
647 2786 713 2831 cum
736 2767 766 2830 id
788 2767 907 2830 aliunde
934 2768 1006 2831 satis
1035 2773 1161 2830 constet.
1215 2769 1327 2832 Verum
1357 2775 1454 2831 tannen
1476 2771 1628 2850 supererit
1650 2773 1776 2834 maxima

413 2866 578 2946 difficultas,
601 2885 638 2932 eo
662 2867 742 2949 quod
764 2868 882 2949 integra
914 2867 954 2930 sit
976 2865 1129 2929 lnvocatio
1151 2885 1245 2950 super
1265 2881 1374 2948 panem
1403 2867 1656 2949 Eucharisticum,
1686 2879 1775 2952 alque

393 2967 490 3030 adeo
513 2968 581 3030 talis
603 2985 672 3030 esse
695 2984 787 3048 super
810 2965 933 3029 calicem
956 2966 1082 3030 debeat:
1106 2967 1186 3046 quod
1209 2967 1355 3049 explicari
1377 2968 1533 3032 commode
1555 2970 1607 3031 vix
1629 2977 1740 3052 potest.

703 3228 737 3299 7.
774 3199 906 3299 Panem
932 3248 978 3298 ec
1002 3227 1115 3298 similo
1139 3230 1268 3300 mistum
1295 3251 1369 3298 cnm
1394 3229 1481 3300 oleo.
1523 3255 1529 3268 ¹

503 3421 585 3516 Quin
608 3430 753 3513 Syrorum
775 3447 888 3494 morem
910 3431 940 3493 in
962 3431 1102 3513 parandis
1125 3431 1232 3494 oblatis
1246 3432 1460 3496 Eucharistieis
1474 3431 1775 3496 JoannesBasoren-

415 3540 457 3602 sis
480 3540 593 3615 innuat,
615 3553 676 3598 non
697 3535 816 3597 videtur
838 3533 1043 3597 dubitandum:
1067 3535 1204 3599 subtilius
1227 3543 1341 3611 tamen,
1364 3536 1394 3598 id
1422 3537 1570 3618 significat
1598 3556 1686 3619 quam
1706 3538 1773 3600 lila-

404 3637 518 3699 thaeus
541 3636 645 3699 Pastor
667 3635 697 3696 in
718 3634 775 3696 hac
797 3632 933 3716 Liturgia
961 3635 1011 3716 qui
1040 3653 1148 3715 punem
1177 3634 1361 3716 perlectum,
1394 3635 1452 3698 hoc
1482 3645 1528 3699 est
1558 3637 1674 3718 qualem
1702 3638 1771 3719 Syri

394 3735 525 3800 offerre
547 3733 645 3797 solent
668 3733 817 3797 Christum
839 3735 995 3814 accepisse
1018 3732 1101 3808 dixit,
1125 3751 1192 3796 curn
1215 3733 1252 3796 de
1274 3752 1313 3806 eo
1334 3735 1459 3797 verbum
1481 3736 1593 3798 nullum
1615 3736 1645 3799 in
1667 3734 1773 3797 Evan-

393 3837 504 3920 gelio,
526 3853 585 3898 nec
607 3827 636 3897 in
659 3834 742 3896 Pauli
763 3833 899 3916 Epistola
929 3834 967 3897 ad
990 3833 1171 3914 Corinthios,
1193 3835 1304 3897 necin
1330 3836 1457 3898 vetustis
1480 3834 1589 3898 Olliciis
1620 3841 1770 3900 occurrat.

410 3937 611 3998 Verumeum
633 3936 663 3996 in
685 3933 821 3997 Levitico
844 3934 956 3997 oblatio
979 3953 1018 3996 ex
1040 3932 1135 3996 simila
1164 3951 1239 4015 pura
1263 3933 1333 3996 oleo
1355 3950 1521 4015 conspersa
1544 3935 1668 3998 deberet
1689 3951 1771 4012 esse,

412 4035 558 4116 simulque
581 4052 709 4116 granum
732 4032 826 4097 thuris
849 4034 971 4117 imponi,
993 4033 1024 4096 id
1049 4034 1291 4098 commemoravit
1313 4042 1410 4111 autor,
1434 4042 1573 4115 tanquam
1597 4034 1771 4118 disciplinae

395 4132 570 4197 'Ecclesiae
592 4151 666 4196 suae
688 4132 920 4212 fundamentum,
944 4132 1055 4198 lrustra
1077 4149 1165 4196 sane:
1188 4151 1247 4196 nec
1269 4134 1347 4196 enim
1370 4133 1479 4215 lrigido
1508 4134 1567 4197 hoc
1596 4143 1772 4216 argumento

412 4233 544 4296 loannes
567 4230 737 4295 Patriarcha
760 4233 895 4315 ejusdem
915 4241 1029 4309 sectae,
1052 4233 1103 4314 qui
1125 4231 1269 4314 Syrorum
1290 4232 1472 4316 Apologiam
1494 4235 1625 4314 scripsit,
1648 4233 1769 4296 multum

413 4331 554 4395 tribuisse
576 4333 660 4394 visus
683 4338 738 4396 cst.
784 4331 903 4412 Quippe
923 4331 953 4394 i'n
975 4331 1090 4394 similae
1120 4332 1270 4395 oblatione
1294 4331 1362 4394 thus
1384 4332 1602 4412 imponebatur,
1625 4334 1710 4414 cujus
1734 4333 1772 4395 ad
1874 4361 1895 4415 '.
1972 4398 1979 4412 ‚

412 4430 522 4493 Panem
543 4430 782 4493 Eucharisticum
803 4447 877 4492 usus
899 4430 997 4493 nullus
1020 4438 1080 4495 est:
1103 4430 1159 4495 sed
1180 4431 1263 4494 salis:
1292 4430 1329 4494 de
1353 4448 1412 4511 quo
1435 4432 1626 4495 admiscendo
1648 4431 1719 4494 nihil
1742 4433 1771 4492 in

411 4531 508 4592 veteri
531 4528 688 4612 disciplina
710 4531 902 4611 praecipitur.
946 4528 1040 4612 liujus
1062 4548 1156 4613 porro
1178 4531 1320 4594 misturae
1350 4531 1422 4594 salis
1451 4539 1482 4594 et
1511 4532 1571 4594 olei
1599 4533 1771 4612 occasione,

410 4629 632 4692 retractandum
658 4627 716 4692 'est
749 4627 830 4709 quod
859 4630 888 4690 in
918 4628 1138 4694 Commentario
1174 4629 1211 4692 ad
1241 4629 1374 4692 Oilicium
1407 4631 1552 4714 generale
1586 4633 1772 4716 scripsimus,

409 4725 587 4808 Dionysium
608 4727 754 4790 liarsalibi
776 4727 855 4790 illius
883 4746 944 4792 non
974 4729 1142 4792 meminisse
1171 4730 1201 4791 in
1225 4729 1443 4793 Commentario
1473 4731 1512 4794 ad
1541 4732 1647 4795 Jacobl
1668 4734 1772 4797 Litur-

411 4827 499 4908 giam
530 4825 604 4890 Cum
627 4829 705 4891 enim
728 4827 798 4889 olim
819 4827 901 4890 illurn
924 4829 955 4890 in
969 4827 1081 4891 Codice
1103 4828 1293 4911 legissemus,
1315 4830 1345 4890 in
1368 4847 1428 4910 quo
1450 4831 1523 4893 nihil
1545 4832 1640 4894 sindle
1661 4853 1772 4898 occur·
1820 4859 1883 4930 ἧς,
1901 4863 1945 4912 ⁶⁶,

410 4926 506 5005 rebat,
530 4928 570 4991 ita
599 4929 831 5010 scripseramus;
861 4928 917 4991 sed
945 4927 1070 4990 alterurn
1098 4928 1165 4990 dum
1193 4928 1269 4992 haec
1296 4929 1388 4992 editio
1420 4930 1603 5013 procederet
1631 4930 1772 4996 Codicem

410 5023 550 5106 vidimus,
572 5029 602 5090 in
625 5046 685 5110 quo
709 5028 854 5091 mistionis
876 5027 965 5105 illius,
987 5034 1127 5109 tunquam
1149 5046 1166 5091 a
1189 5028 1273 5111 Syris
1297 5037 1461 5112 usurpatae
1483 5032 1623 5096 meminit.

462 5151 584 5196 romustt
1498 5137 1569 5210 Δ58
