4784 6040
756 1169 1253 1348 LllUllGll

325 1501 1664 1652 ooouoruur-snuouoaun

476 1744 504 1818 A
535 1739 713 1818 tonant
746 1737 904 1817 MAGNO
935 1739 1233 1818 PATRIARGHA
1266 1741 1507 1821 orbitarn.

776 2028 928 2101 Primam
955 2029 1078 2101 Oratio
1104 2030 1222 2102 Pacis.

377 2227 536 2330 Doara
562 2251 655 2324 Deus
681 2260 802 2347 potens
830 2260 864 2323 et
889 2249 1249 2347 incomprehensibilis,
1277 2253 1508 2344 absconditum
1535 2279 1599 2330 nec
1624 2260 1683 2331 in-

306 2368 533 2463 vestigabilis:
559 2366 777 2462 tranquillitas
804 2377 847 2439 ct·
863 2367 1025 2440 exrdtatio
1054 2368 1254 2442 sublimium:
1287 2391 1357 2465 pax
1383 2381 1417 2442 et
1442 2371 1599 2463 gaudium
1625 2375 1685 2444 in-

307 2488 483 2577 feriomm:
519 2486 644 2556 caritas
687 2481 913 2556 indivisibilis:
956 2484 1186 2558 misericordia
1227 2483 1523 2581 imperturbabilis:
1557 2487 1684 2560 laetiba

304 2605 485 2695 justorum:
513 2601 656 2673 victoria
681 2601 830 2695 piorum:
858 2621 937 2694 spes
971 2599 1190 2690 Sanctorum,
1224 2610 1257 2672 et
1291 2599 1458 2693 refugium
1491 2601 1683 2693 lugentium.

307 2718 362 2792 Ad
397 2730 430 2791 te
465 2716 609 2788 clamant
643 2717 774 2786 animae
806 2725 961 2804 nostrae,
998 2726 1031 2788 et
1065 2715 1287 2812 deprecantur
1322 2719 1455 2812 spiritus
1489 2721 1614 2809 nostri,
1649 2727 1686 2789 ut

307 2857 373 2907 uno
400 2831 534 2904 vinculo
562 2828 742 2926 spirituali,
770 2851 832 2902 nos
860 2851 978 2903 omnes
1005 2831 1102 2904 simrd
1128 2834 1272 2905 invicem
1293 2844 1486 2921 connectas,
1512 2843 1548 2906 ut
1567 2833 1684 2908 osculo

308 2953 451 3035 sincero,
479 2956 515 3019 et
537 2969 626 3043 pace
653 2948 760 3018 omnis
793 2944 919 3018 iraudis
953 2967 1061 3016 vacua
1089 2947 1286 3020 adoratores
1313 2957 1390 3022 tuos
1416 2951 1529 3021 unias:
1557 2951 1685 3022 simus-

309 3088 373 3161 que
405 3085 507 3136 unum
539 3082 662 3157 corpus
694 3060 890 3148 indivisum,
918 3060 1006 3154 quod
1034 3071 1066 3132 te
1093 3061 1268 3154 glorificet,
1295 3072 1330 3134 et
1345 3064 1550 3154 unigenitum
1565 3063 1685 3136 Filium

307 3189 397 3253 tuum
424 3186 458 3252 et
484 3178 641 3273 Spiritum
667 3187 758 3249 tuum
785 3178 1048 3266 sanctissimum,
1076 3188 1109 3249 et
1135 3175 1268 3249 bonum.

301 3285 303 3288 ⁵
410 3294 575 3389 Populus.
627 3294 694 3366 Det
721 3295 862 3387 quisque
894 3313 1022 3386 pacem.

411 3411 597 3483 Sacerdos.
651 3407 835 3480 Adorande
862 3411 917 3503 qui
943 3405 985 3479 ab
1011 3406 1154 3499 Angelis
1187 3409 1405 3500 glorificaris,
1438 3420 1473 3482 et
1499 3431 1518 3481 a
1547 3407 1683 3481 Cheru-

308 3526 375 3600 bim
410 3525 640 3614 benediceriS,
674 3546 694 3594 a
727 3521 901 3619 Seraphim
935 3521 1172 3611 sanctificaris,
1212 3524 1253 3597 ab
1287 3526 1400 3619 igneis
1433 3523 1624 3612 honoraris,
1654 3519 1684 3620 [a

307 3640 541 3739 Spirituulibus
569 3638 763 3730 extolleris,
796 3650 830 3713 et
857 3661 875 3709 a
903 3637 978 3710 liliis
1005 3638 1171 3711 hominum
1199 3638 1400 3731 celebraris,
1436 3638 1478 3713 ab
1507 3639 1684 3714 omnibus-

309 3782 374 3854 que
406 3759 570 3830 creaturis
603 3755 755 3829 adoraris
791 3765 826 3826 ct
860 3754 1015 3828 laudaris.
1073 3755 1222 3851 Respice
1254 3755 1399 3830 Domine
1441 3778 1562 3830 servos
1595 3767 1684 3846 tuos,

279 3855 282 3864 λ
307 3874 383 3950 illos
412 3877 467 3970 qui
494 3871 737 3944 inclinaverunt
762 3870 848 3943 colla
866 3894 928 3944 sua
950 3893 1064 3944 coram
1084 3876 1260 3964 majestate
1274 3883 1351 3946 tua·
1392 3875 1537 3945 Demitte
1553 3894 1687 3946 manum

308 4001 397 4064 tuam
423 3989 556 4085 plenam
583 3985 871 4074 miserationibus,
899 4008 1000 4082 super
1025 3993 1326 4080 congregationem
1352 3988 1559 4061 adorantium
1581 3996 1626 4076 te,
1654 3999 1688 4059 et

306 4111 400 4180 mitte
427 4103 509 4194 illis,
536 4103 578 4176 ab
606 4103 754 4176 excelsis
781 4105 906 4176 sanctis
933 4107 998 4176 tuis
1025 4103 1259 4177 abundantiam
1286 4104 1569 4193 benedictionum,
1602 4103 1687 4176 lon-

308 4234 361 4296 tes
387 4221 571 4306 bonorum,
598 4221 821 4312 scaturigines
855 4221 1054 4310 sanctitatis,
1082 4229 1115 4292 et
1139 4220 1250 4293 fontes
1277 4224 1445 4316 puritatis:
1477 4232 1512 4292 et
1542 4219 1598 4293 lac
1622 4243 1687 4294 nos

308 4338 393 4412 filios
431 4346 465 4408 et
500 4334 664 4408 haeredes
700 4337 868 4427 inregno
903 4344 959 4407 tuo
995 4336 1152 4425 coelesti,
1184 4359 1248 4433 per
1279 4359 1397 4433 pacem
1429 4335 1515 4408 hanc
1542 4357 1688 4431 quama

306 4463 341 4526 te
353 4459 528 4552 suscipere
541 4457 733 4542 meruimus,
761 4464 795 4526 et
810 4452 995 4526 reseremus
1015 4453 1073 4526 tibi
1095 4451 1236 4544 gloriam
1256 4462 1290 4524 et
1304 4455 1486 4545 gratiarum
1511 4455 1686 4524 actionem.

412 4570 574 4664 Populus.
628 4570 748 4641 Amen.
1623 4593 1625 4600 ·

414 4685 599 4759 Sacerdos.
652 4685 745 4761 Deus
772 4709 911 4779 magne,
939 4696 1095 4772 aeterne,
1123 4705 1251 4756 summe
1277 4693 1312 4756 et
1344 4683 1503 4772 excelse,
1537 4682 1687 4754 admira-

309 4801 384 4875 bilis
412 4811 446 4874 et
473 4802 687 4891 abscondite,
715 4807 770 4897 qui
796 4811 949 4898 praestas
977 4799 1241 4872 misericordiam
1267 4801 1301 4870 iu
1326 4799 1428 4870 millia
1455 4807 1489 4870 et
1505 4799 1687 4894 myriades,

311 4941 426 4991 eorum
455 4921 511 5014 qui
537 4917 677 5010 diligunt
702 4929 757 5009 te,
789 4931 824 4991 et
850 4917 1034 4991 observant
1065 4914 1221 4987 mandata
1248 4922 1322 5003 tua3
1358 4917 1413 5008 qui
1445 4919 1639 5010 mysterium
1667 4938 1687 4986 a

310 5033 466 5121 saeculis,
495 5043 529 5106 et
555 5035 830 5125 generationibus
857 5031 1087 5107 absconditum
1113 5029 1276 5104 revelasti
1301 5027 1400 5102 nobis
1427 5051 1490 5126 per
1507 5030 1687 5103 adventum

310 5144 385 5219 Filii
412 5151 459 5220 tui
485 5148 620 5222 Domini
646 5154 752 5224 nostri
779 5150 863 5226 lesu
889 5147 1032 5239 Christi,
1059 5149 1180 5243 quique
1207 5146 1361 5239 dignatus
1389 5167 1438 5235 es,
1465 5166 1529 5218 nos
1555 5143 1688 5217 media-

1731 2271 1873 2328 Philoxeni.

1732 3421 1823 3476 lacobi
1848 3423 2008 3491 Serugensis.
