4712 6032
761 517 792 593 S.
819 513 1076 591 ctuuunrts
1101 513 1287 590 bonlir.
1633 512 1706 587 189

339 704 432 778 Deus
460 702 552 778 solus
580 711 613 774 et
639 711 773 774 sanctus
802 724 851 791 es,
877 704 910 773 in
936 711 1067 775 natura:
1096 704 1150 796 qui
1176 704 1210 773 in
1236 701 1390 796 personis
1418 698 1521 771 tribus
1543 699 1707 789 adoraris,

341 830 374 891 et
400 821 434 889 in
460 821 584 890 unitate
610 815 815 890 substantiae
841 816 1048 909 glorificaris.
1078 817 1115 888 ln
1143 813 1402 911 quibuscumque
1428 812 1511 888 locis
1539 824 1573 886 et
1599 813 1708 885 muudi

339 932 500 1030 partibus,
527 957 594 1006 non
623 933 784 1006 sufficiunt
811 932 852 1004 ad
880 929 1104 1004 extollendam
1130 937 1283 1004 virtutem
1309 935 1494 1024 majestatis
1521 940 1608 1003 tuae.
1645 931 1710 1016 Qui

254 1069 269 1092 0
339 1050 511 1146 plasmasti
546 1049 711 1123 bominem
745 1049 786 1120 ad
819 1052 998 1142 imaginem
1029 1050 1213 1140 majestatis
1252 1059 1347 1136 tuae,
1385 1052 1614 1142 rationemque
1645 1048 1732 1141 ipsi·

339 1166 493 1252 indidisti,
521 1167 833 1262 praescripsistique
859 1175 1013 1258 tanquam
1039 1163 1174 1234 limitem
1201 1187 1220 1236 a
1245 1163 1389 1236 Domino
1417 1168 1638 1250 constitutum,
1664 1184 1708 1233 ue

338 1291 555 1378 praeceptum
582 1291 670 1353 tuum
696 1279 1015 1373 transgredereturs
1033 1283 1088 1374 qui
1114 1301 1189 1351 cum
1216 1288 1382 1366 errasset,
1410 1282 1708 1374 contemsissetque

339 1395 450 1490 legem
479 1407 580 1484 mam,
608 1399 805 1470 sententiam
831 1397 946 1468 mortis
972 1397 1120 1485 incurrit,
1148 1404 1182 1466 et
1206 1399 1240 1466 in
1268 1393 1402 1467 exilium
1428 1396 1622 1468 infirmitatis
1641 1394 1707 1464 de-

339 1513 454 1609 pulsus
482 1522 542 1584 est
576 1512 628 1584 Tu
654 1534 739 1584 vero
767 1521 901 1584 creator
928 1513 1012 1601 ejus,
1038 1509 1146 1582 bonus
1174 1520 1208 1582 et
1233 1513 1433 1600 misericors,
1460 1533 1529 1584 non
1556 1511 1708 1602 abjecisti

339 1651 452 1700 curam
480 1631 565 1721 ejus,
593 1651 689 1723 quam
715 1626 877 1716 habebas,
905 1626 965 1700 sed
992 1629 1102 1698 omnia
1130 1624 1338 1698 adsalutem
1366 1630 1438 1719 ejus
1459 1630 1638 1712 instituisti,
1665 1647 1707 1698 eo
1838 1697 1840 1702 .

338 1767 446 1840 usque
470 1755 507 1816 ut
531 1743 630 1815 tilium
658 1753 745 1816 trrum
774 1753 945 1816 aeternum
973 1751 1007 1812 et
1037 1746 1239 1834 unigenitum
1272 1753 1362 1815 tuum
1388 1745 1519 1814 miseris
1547 1747 1580 1814 in
1607 1763 1707 1813 mun-

339 1860 428 1949 dum,
456 1866 511 1955 qui
538 1860 817 1955 dispensationem
845 1880 939 1930 suam
965 1858 1143 1932 salutarem
1170 1869 1309 1955 propter
1336 1881 1409 1931 eum
1437 1859 1597 1954 explevit.

444 1976 595 2047 Eteonos
620 1998 745 2046 nocem.
781 1975 864 2047 Cum
892 1995 975 2066 ergo
1001 1983 1139 2070 paratus
1166 1987 1267 2064 esset,
1294 1975 1475 2050 secundum
1501 1974 1707 2048 voluntatem

338 2113 434 2163 suam
461 2091 503 2163 ad
529 2091 711 2183 gratandas
737 2094 926 2184 passiones,
954 2088 997 2160 ad
1023 2089 1267 2163 ascendendum
1294 2095 1326 2162 in
1354 2113 1488 2163 crucem
1514 2102 1547 2162 et
1567 2087 1707 2186 patibu-

339 2206 423 2294 lum,
458 2216 664 2302 mortemque
698 2203 902 2279 subeundam
928 2225 990 2298 pro
1017 2207 1085 2275 vita
1111 2209 1210 2277 totius
1237 2206 1365 2292 mundi,
1402 2231 1443 2280 ea
1469 2229 1616 2304 vespera
1643 2226 1707 2300 qua

340 2326 657 2395 consummationem
684 2323 937 2416 mysteriorum,
963 2329 998 2392 et
1022 2319 1217 2393 mirabilium
1246 2322 1403 2417 perfecit,
1429 2346 1552 2420 panem
1579 2321 1709 2415 accepit

339 2441 374 2510 in
401 2461 515 2510 manus
543 2461 621 2511 suas
648 2461 751 2534 puras
778 2447 812 2508 et
844 2445 994 2522 sanctas,
1028 2446 1062 2507 et
1094 2440 1221 2528 gratias
1255 2461 1381 2532 agens,
1414 2447 1435 2522 †
1466 2439 1654 2525 benedixit,
1683 2442 1708 2520 ·†

341 2553 579 2645 sanctificavit,
605 2562 625 2637 †
652 2554 764 2646 tregit,
792 2552 945 2647 deditque
970 2553 1103 2624 initiatis
1129 2552 1193 2626 boo
1220 2559 1293 2648 ejus
1319 2558 1501 2651 mysterio,
1534 2553 1708 2655 Apostolis

339 2673 463 2743 sanctis
492 2669 622 2742 dicens:
647 2671 823 2765 Accipite,
855 2678 889 2739 et
914 2668 1110 2740 manducate
1137 2693 1182 2740 ex
1209 2691 1270 2760 oo,
1304 2675 1380 2766 quia
1407 2674 1481 2744 Hoc
1508 2681 1561 2744 est
1586 2692 1708 2768 corpus

339 2809 466 2878 mcum,
495 2786 583 2883 quod
610 2809 671 2882 pro
698 2783 797 2858 vobis
824 2784 988 2877 frangitur
1015 2795 1048 2856 et
1074 2784 1185 2874 datur,
1221 2787 1421 2860 adveniam
1450 2793 1593 2861 omnium
1619 2787 1709 2860 fide-

338 2903 427 2992 lium,
453 2902 668 2999 plurimorum
684 2925 747 2998 pro
770 2900 886 2997 quibus
909 2901 1106 2992 immolatur,
1134 2913 1169 2974 et
1189 2902 1355 2993 dividitur,
1383 2905 1424 2977 ad
1441 2907 1708 3002 propitiationem

203 3093 209 3106 ,
340 3018 546 3108 delictorum,
573 3021 804 3091 remissionem
832 3026 1048 3114 peccatorum
1075 3028 1109 3090 et
1134 3022 1236 3091 vitam
1265 3029 1444 3092 aeternam.

443 3134 605 3228 Populos.
659 3137 778 3206 Amen.

443 3249 627 3322 Scrcerdoa.
679 3251 763 3322 Post
789 3270 928 3321 coenum
954 3248 1043 3321 illam
1069 3254 1263 3345 mysticam,
1297 3253 1427 3322 miscuit
1453 3251 1592 3322 calicem
1618 3255 1709 3325 vitae

342 3389 388 3438 ex
413 3369 493 3438 vino
522 3373 556 3437 et
582 3388 684 3460 aqua:
717 3376 751 3437 et
778 3365 821 3438 ad
848 3375 881 3437 te
907 3365 1000 3438 Deus
1027 3365 1127 3436 Pater
1154 3366 1268 3438 oculos
1296 3365 1452 3454 elevans,
1475 3371 1601 3460 gratias
1628 3371 1709 3461 egit,

340 3481 569 3572 †benedixit,
596 3490 617 3565 †
644 3479 879 3572 sanctificavit,
911 3488 933 3566 †
964 3491 998 3552 et
1033 3479 1122 3553 dedit
1154 3481 1272 3553 turbae
1305 3481 1538 3578 discipulorum
1574 3507 1709 3558 suorum

341 3600 538 3686 electorum,
571 3597 877 3695 Apostolorumque
904 3607 1093 3670 sanctorum
1121 3607 1155 3668 et
1189 3596 1287 3668 dixit:
1320 3598 1493 3694 Accipite,
1525 3598 1629 3673 bibite
1663 3625 1709 3673 ex

342 3739 385 3788 eo
411 3739 477 3789 vos
513 3739 649 3789 omnes:
684 3717 746 3787 llic
780 3727 833 3787 est
867 3716 1003 3807 sanguis
1034 3735 1150 3804 meus,
1184 3717 1239 3810 qui
1272 3715 1445 3788 confirmat
1479 3725 1710 3789 testamentum

340 3835 456 3904 mortis
482 3854 593 3904 meac:
622 3835 676 3926 qui
703 3855 764 3928 pro
791 3831 890 3905 vobis
918 3829 1088 3902 effunditur
1115 3841 1148 3902 et
1173 3853 1235 3927 pro
1262 3831 1371 3904 multis
1399 3831 1505 3920 datur,
1532 3843 1566 3903 et
1581 3832 1708 3904 dividi-

340 3955 393 4018 tur
420 3946 462 4018 ad
487 3949 756 4044 propitiationem
783 3948 994 4036 delictorum,
1026 3949 1257 4018 remissionem
1282 3959 1515 4041 peccatorum,
1548 3956 1582 4019 et
1606 3951 1709 4020 vitam

341 4072 520 4135 aeternam.

444 4179 605 4272 Populus.
658 4179 777 4252 Amen.

445 4291 629 4367 Sacerdos.
684 4294 825 4380 Quando
853 4305 962 4367 autem
988 4293 1063 4367 buic
1087 4298 1166 4391 pani
1193 4296 1487 4386 communicabitis,
1514 4307 1548 4369 et
1569 4296 1707 4370 calicem

341 4409 427 4483 bunc
453 4417 545 4485 vitae
571 4411 782 4508 usurpabitis,
810 4415 1160 4484 commemorationem
1185 4415 1301 4484 mortis
1326 4435 1423 4486 meae
1449 4413 1596 4504 iacietis,
1629 4437 1707 4486 me-

341 4531 546 4623 moriamque
572 4532 828 4602 resurrectionis
855 4551 951 4601 meae
977 4529 1155 4625 perficietis
1183 4529 1292 4602 donec
1318 4533 1461 4602 veniam

444 4643 605 4738 Populus.
657 4644 776 4719 lllortis
804 4655 880 4716 tuae
906 4644 1049 4719 Domine
1075 4649 1266 4718 memoriam
1295 4650 1433 4740 agimus.

445 4758 620 4831 Sacerdos
646 4761 784 4831 elevans
809 4783 933 4831 nocem.
983 4760 1088 4835 Oculo
1115 4747 1327 4835 intellectuali
1354 4762 1465 4836 cordis
1492 4761 1708 4836 describimus

341 4874 515 4971 periodum
542 4877 798 4972 dispensationis
825 4887 902 4960 tuae
929 4883 1210 4974 sapientissimae,
1243 4877 1375 4952 Christe
1409 4881 1551 4952 Domine
1583 4889 1708 4966 noster,

342 5002 375 5064 et
402 5016 443 5064 ea
470 4996 581 5065 onmia
608 5016 694 5090 quae
719 5003 876 5090 operatus
903 5015 941 5066 es
968 5018 1030 5094 per
1055 4999 1312 5068 incarnationem
1338 5007 1425 5068 tuam
1448 4997 1624 5070 salutarem
1645 5018 1707 5093 pro

1429 5114 1513 5187 27*
