4712 6032
477 517 518 593 ΙΝ
542 515 749 594 tumultu
775 515 805 592 S.
831 513 995 593 ntulisti
1020 513 1266 592 ATHlllllllllSlS
1292 511 1470 592 EPISCOPI.
1588 509 1667 586 als

297 699 446 766 venientis
468 701 500 763 in
521 700 556 767 B.
578 701 746 785 Virginem,
780 699 810 761 in
832 699 1049 765 incarnationis
1071 699 1230 781 mysterio,
1252 699 1432 780 exprimunt.
1476 695 1583 760 Altera
1604 711 1667 760 vox

297 799 458 865 hebraicae
487 801 613 884 originis
643 808 706 878 est,
735 799 908 880 legiturque
935 799 1018 862 initio
1048 799 1204 862 Geneseos
1233 815 1270 862 eo
1298 799 1366 862 loco
1389 799 1522 878 Spiritea
1543 796 1667 858 Domini

295 900 454 980 serebatur
475 919 567 980 saper
587 917 695 980 maus,
718 907 858 979 tanquam
879 899 1024 962 incubans
1046 905 1077 960 et
1098 898 1217 976 fovens,
1239 897 1462 980 pertilalemque
1483 896 1543 958 vim
1555 895 1665 958 manut-

297 1008 380 1063 tens:
404 1017 492 1080 quam
515 999 735 1080 expositionem
758 997 794 1060 ab
809 997 960 1080 Ephremo
983 1007 1136 1079 acceptam
1158 997 1289 1060 laudavit
1311 1005 1342 1060 et
1364 995 1520 1078 amplexus
1543 1003 1589 1058 est
1602 995 1665 1056 Ba·
2037 1077 2042 1090 l

297 1099 391 1162 silius.
436 1097 488 1160 llis
512 1099 603 1178 igitur
625 1098 726 1160 verbis
749 1097 918 1178 significant
936 1096 1104 1162 Orientales
1127 1098 1267 1159 virtutem
1290 1097 1417 1159 coelitus
1433 1097 1562 1176 missam,
1587 1111 1664 1174 quae
1694 1105 1985 1161 humbelinam

299 1197 329 1262 in
351 1197 429 1260 dona
452 1197 608 1277 proposita
630 1194 804 1258 mirabiliter
826 1205 985 1277 operetur,
1010 1205 1041 1258 ut
1062 1197 1092 1258 in
1115 1197 1276 1258 creationis
1298 1197 1381 1258 initio
1405 1202 1435 1257 et
1457 1194 1665 1256 lncarnatione

298 1296 407 1358 lactum
430 1303 493 1358 est:
516 1312 584 1356 nam
606 1302 735 1376 atraque
757 1297 992 1376 comparatione,
1015 1295 1189 1358 miraculum
1210 1294 1341 1376 quotidie
1361 1291 1665 1356 inliucharistiasteri

299 1395 416 1459 solitum
440 1395 602 1476 explicant,
626 1402 657 1456 et
679 1394 784 1458 iisdem
807 1394 909 1458 verbis
931 1402 1064 1458 utuntur.

791 1709 825 1777 5.
870 1707 904 1776 A
931 1705 1077 1791 Jucoho,
1105 1711 1169 1776 etc.

401 1912 530 1992 Suanos
558 1923 589 1986 id
619 1943 658 1986 ex
681 1924 797 1988 Graeca
818 1927 922 1989 lacobi
943 1925 1080 2008 Liturgia
1102 1913 1391 2006 hierosolymitanae
1413 1924 1568 1988 Ecclesiae
1590 1942 1667 2005 pro-

298 2031 380 2110 pria,
411 2047 489 2108 quae
511 2028 633 2091 lundata
657 2047 674 2089 a
695 2029 810 2092 laccho
832 2030 925 2093 fratre
948 2029 1077 2108 Domini,
1101 2029 1328 2091 successionem
1351 2027 1421 2091 lidei
1443 2035 1474 2090 et
1498 2027 1666 2092 Cathedrae

300 2125 338 2188 ad
360 2144 428 2188 eum
450 2127 557 2188 merito
580 2126 748 2205 referebat,
777 2147 876 2209 neque
904 2131 1028 2210 proprie
1051 2128 1088 2191 ad
1109 2127 1328 2190 Antiochenam
1349 2126 1515 2190 Ecclesiam
1538 2146 1555 2189 a
1577 2127 1666 2188 Petro

301 2222 450 2286 fundatam
473 2224 653 2304 pertinebat.
699 2225 758 2289 Sed
789 2246 855 2290 cum
878 2245 944 2290 eam
970 2227 1132 2309 Liturgiam
1155 2228 1185 2288 in
1207 2228 1305 2288 viciua
1327 2224 1492 2288 Palaestina
1515 2225 1667 2288 celebrem

301 2323 338 2386 ad
359 2341 394 2386 sa
416 2322 650 2400 transtulissent,
671 2326 747 2388 hano
770 2325 925 2390 termulam
947 2328 1151 2390 retinuerunt:
1175 2333 1205 2388 ot
1228 2343 1263 2387 ca
1287 2343 1423 2405 quoque,
1446 2333 1479 2387 ut
1501 2324 1581 2403 alibi,
1605 2340 1666 2384 no-

299 2430 391 2486 tatum
405 2430 452 2485 cst
464 2420 619 2487 lacebitae
635 2425 719 2487 abusi
734 2434 811 2488 sunt.
834 2425 876 2488 lta
889 2423 966 2487 enim
978 2425 1248 2488 denominationem
1259 2443 1347 2505 quam
1365 2423 1665 2488 alacoboBaradato

300 2524 364 2585 sive
387 2520 517 2586 Zanzalo
539 2541 593 2585 eos
616 2525 784 2607 accepisse,
807 2525 915 2587 Graeci
937 2533 1071 2604 autores,
1094 2543 1154 2586 non
1177 2525 1274 2586 minus
1298 2542 1385 2605 quam
1406 2524 1665 2588 Orientaleslllel-

301 2620 398 2684 chitae
421 2627 452 2684 et
475 2621 648 2686 Nestoriani
669 2629 833 2704 testantur,
857 2623 894 2686 ad
917 2624 1094 2705 Apostolum
1117 2623 1263 2689 referunt.
1379 2670 1381 2674 -

576 2936 610 3008 6.
652 2936 807 3030 Simplec
833 2941 891 3032 qui
917 2939 963 3008 od
989 2939 1264 3030 compositionem
1289 2939 1390 3007 uenit.

400 3141 494 3220 Hauc
517 3157 610 3218 verba
634 3161 729 3240 magis
752 3159 904 3222 rhetorice
927 3179 1014 3240 quam
1039 3157 1222 3241 Theologice
1249 3157 1345 3235 dicta,
1375 3156 1471 3218 minus
1499 3164 1584 3219 recte
1611 3155 1668 3218 la-

303 3257 465 3319 cohitarum
489 3261 660 3339 opinionem
681 3262 843 3344 explicant.
878 3261 942 3324 Nec
954 3263 1031 3325 enim
1044 3262 1287 3342 compositionem
1299 3265 1477 3342 agnoscunt,
1500 3260 1557 3322 nisi
1570 3261 1667 3340 qualis

302 3364 348 3417 est
370 3355 419 3418 illa
442 3375 519 3438 quae
541 3361 571 3420 in
594 3359 730 3440 symbolo
752 3362 908 3432 Athanasii
931 3360 1022 3438 dicto,
1047 3359 1181 3424 hahetur.
1225 3359 1311 3422 Sicut
1333 3359 1436 3420 animo
1456 3360 1618 3421 rationalia
1640 3367 1670 3420 et

303 3473 376 3517 coro
397 3477 474 3518 onos
496 3465 543 3520 eat
562 3459 667 3535 mmo,
697 3463 742 3522 ita
764 3461 846 3523 Deus
868 3470 897 3522 et
917 3461 1005 3523 horno
1026 3478 1104 3522 unas
1125 3467 1171 3522 est
1192 3458 1345 3532 Chriatns,
1376 3475 1453 3538 quae
1482 3459 1666 3538 comparatio

303 3556 435 3634 quamvis
464 3575 482 3617 a
511 3558 660 3622 nonnullis
690 3561 825 3623 Patribus
855 3567 1013 3641 usurpata,
1041 3558 1182 3620 Facundo
1210 3565 1242 3620 et
1269 3557 1334 3619 aliis
1357 3557 1560 3638 conplacuit.
1606 3555 1665 3620 Sed
1714 3568 1742 3621 t.
1760 3568 1787 3622 9.
1802 3587 1828 3639 ρ.
1846 3568 1908 3624 395.

303 3652 482 3724 dumunar'n
504 3664 638 3720 naturam
660 3660 854 3741 profitentur,
885 3661 926 3721 ita
949 3658 1154 3721 confusionem
1177 3658 1405 3738 mistionemque
1428 3655 1607 3732 excludunt,
1634 3664 1668 3718 ut

304 3757 481 3834 compositio
504 3759 627 3839 proprie
649 3757 727 3822 diota
750 3758 829 3820 nulla
852 3760 907 3838 sit,
937 3758 993 3821 uisi
1024 3765 1170 3838 quatenus
1201 3775 1332 3820 summae
1355 3755 1569 3839 perfectaeque
1592 3755 1668 3816 sim-

304 3851 427 3931 plicitati
445 3854 501 3918 Dei
524 3858 696 3938 opponitur,
716 3877 803 3938 quam
823 3875 883 3920 non
905 3858 995 3921 hahet
1008 3856 1097 3919 homo
1110 3865 1259 3918 assumtus
1276 3875 1315 3918 ex
1328 3857 1462 3940 Virgine,
1477 3857 1525 3918 cui
1538 3853 1669 3916 Verbum

304 3968 375 4014 caro
399 3952 507 4017 lactum
531 3956 599 4017 dum
629 3957 742 4018 unitum
772 3964 834 4036 est,
866 3957 895 4020 in
928 3955 1083 4038 quamdam
1106 3955 1350 4036 compositionem
1373 3956 1465 4017 venit.
1510 3953 1569 4018 Sed
1592 3952 1669 4016 haec

305 4049 374 4113 alihi
396 4055 565 4118 accuratius
587 4054 826 4136 explicabuntur.
