4712 6032
674 612 801 688 ‘250
923 685 927 694 ,
1228 610 1585 690 LITURGIA

722 793 790 896 quui
805 804 899 874 visus
926 805 969 876 sit
995 823 1095 898 super
1121 809 1243 872 terram
1268 820 1371 896 purus
1398 807 1432 870 et
1458 796 1585 892 absque
1612 795 1752 884 macula,
1779 797 1966 888 unigenitus
1987 796 2091 872 Filius

725 925 817 988 tuus:
844 939 906 1012 per
932 939 1028 1012 quem
1054 937 1117 990 nos
1144 919 1242 988 etiam
1268 937 1442 1012 speramus
1474 911 1736 986 misericordiam
1763 915 1942 1005 consequi,
1969 922 2004 984 et
2029 935 2091 984 re-

723 1033 916 1104 missionem
942 1042 1156 1128 peccatomm
1181 1042 1319 1128 propter
1344 1031 1445 1119 illum,
1472 1040 1505 1102 et
1530 1030 1628 1104 nobis
1656 1039 1691 1100 et
1714 1031 1807 1124 ipsis.

829 1148 990 1241 Populos.
1044 1150 1196 1236 Quietem
1223 1157 1367 1244 praesta.

827 1265 1003 1337 Sacerdos
1036 1265 1228 1336 inclinatas.
1281 1263 1402 1337 Exime
1428 1266 1572 1336 Domine
1599 1267 1745 1353 animas,
1778 1283 1921 1358 corpora
1957 1271 1991 1333 et
2016 1265 2092 1357 spi-

723 1383 805 1454 ritus
840 1391 992 1470 nostros,
1032 1380 1073 1454 ab
1117 1385 1205 1454 omni
1233 1402 1359 1472 genere
1392 1381 1586 1452 infirmitatis
1619 1381 1848 1476 perniciosae,
1882 1385 1916 1448 et
1950 1381 2092 1450 sarcinis

722 1495 884 1588 gravibus
919 1501 1059 1592 peccati.
1121 1496 1239 1588 Dirige
1273 1518 1413 1589 gressus
1455 1507 1589 1570 nostros
1629 1500 1662 1568 in
1704 1497 1829 1568 semitis
1866 1494 2092 1567 mandatorum

720 1610 1007 1705 -Evangelicorum
1041 1622 1075 1684 et
1105 1612 1361 1702 vivificantium,
1395 1623 1429 1683 et
1461 1610 1631 1684 danobis
1664 1622 1700 1684 ut
1730 1614 1832 1684 simus
1863 1609 1921 1682 tibi
1953 1611 2093 1706 populus

724 1738 876 1812 sanctus,
903 1731 1122 1820 congregatio
1149 1728 1279 1801 salvata
1306 1737 1339 1800 et
1364 1728 1481 1820 regale
1507 1727 1747 1800 Sacerdotium.

828 1843 978 1916 blevam
1002 1866 1128 1916 vocem
1182 1843 1226 1916 Ut
1259 1847 1315 1940 qui
1336 1848 1407 1937 jam
1442 1843 1541 1940 plene
1575 1865 1687 1918 sumus
1721 1867 1742 1914 a
1775 1851 1809 1912 te
1840 1841 1997 1936 perfecti,
2031 1866 2093 1940 per

725 1959 921 2032 sacrificium
946 1959 1010 2032 boc
1041 1963 1132 2056 pium
1162 1963 1361 2034 innoventur
1396 1964 1525 2032 animae
1561 1971 1596 2033 ct
1630 1981 1773 2056 corpora
1807 1971 1937 2034 nostra:
1973 1960 2094 2052 dignos

724 2075 818 2146 effice
845 2096 907 2148 nos
934 2077 1064 2169 gaudiis
1091 2076 1286 2170 Angelicis,
1319 2076 1468 2172 tripudiis
1503 2076 1746 2173 spiritualibus,
1784 2087 1818 2149 et
1850 2075 1981 2150 choreis
2013 2077 2093 2148 lae-

726 2194 834 2264 titiae:
862 2214 936 2264 cum
961 2193 1068 2266 beatis
1095 2197 1178 2264 viris
1205 2192 1268 2266 illis
1297 2192 1393 2264 simul
1417 2195 1572 2266 vivamus
1600 2203 1633 2266 et
1657 2193 1836 2266 laetemur:
1863 2204 1897 2266 ut
1930 2215 2005 2265 cum
2031 2192 2095 2266 illis

602 2295 607 2306 ’
726 2317 760 2379 et
784 2309 869 2378 inter
896 2330 956 2380 eos
989 2307 1212 2402 glorificemus
1245 2321 1280 2381 et
1313 2307 1485 2380 laudemus
1519 2331 1641 2382 nomen
1675 2321 1783 2401 buum,
1818 2310 2096 2404 gloriosissimum

726 2431 761 2492 et
784 2419 1011 2512 benedictum,
1038 2434 1073 2497 ut
1101 2427 1201 2496 etiam
1226 2426 1360 2497 Domini
1391 2427 1497 2498 nostri
1531 2426 1614 2500 tem
1649 2425 1772 2500 Christi
1805 2437 1840 2498 et
1869 2427 2010 2522 Spiritus
2050 2427 2097 2496 oui

726 2541 844 2610 sancti.

829 2666 989 2760 Populus.
1042 2669 1097 2772 Ut.

829 2795 1013 2871 Sacerdos.
1067 2800 1152 2872 Pax.

831 2926 991 3020 Papulas.
1044 2927 1187 3000 Etcum
1215 2932 1330 3024 spiritu
1357 2938 1424 3001 tuo.

830 3057 1014 3129 Sacerdos.
1067 3057 1322 3130 Benedictiones
1347 3060 1424 3142 sint.

832 3187 993 3281 Populus.
1046 3186 1090 3259 Et
1116 3189 1328 3283 oum'spiritu
1355 3197 1422 3258 tuo.

726 3513 902 3585 Sacerdos
933 3516 1066 3608 sraopil
1108 3512 1263 3584 Oblatum
1298 3519 1332 3584 et
1372 3515 1494 3605 signat.
1548 3513 1633 3584 Moe
1664 3513 1749 3584 dicit
1783 3511 1980 3582 Orationem
2013 3519 2095 3584 ante

1201 3691 1206 3712 ,
1283 3628 1386 3701 Pater
1410 3640 1536 3702 noster.

831 3836 972 3907 Domine
1004 3845 1120 3907 noster
1158 3845 1192 3907 et
1222 3836 1315 3908 Deus
1349 3839 1558 3925 misericors,
1596 3839 1650 3932 qui
1682 3858 1720 3908 es
1754 3837 1837 3908 ultra
1871 3845 2021 3930 tempora
2062 3847 2095 3907 et

727 3963 872 4040 mentes,
900 3961 934 4023 et
964 3955 1116 4048 superior
1149 3952 1299 4025 omnibus
1333 3953 1568 4049 principatibus
1604 3962 1639 4024 ct
1673 3949 1843 4025 ordinibus
1879 3953 2027 4025 excelsis
2062 3961 2097 4024 et

728 4068 948 4141 coelestibus:
976 4071 1031 4162 qui
1058 4091 1119 4165 per
1144 4072 1285 4160 gratiam
1313 4079 1346 4140 et
1372 4071 1633 4142 misericordiam
1660 4080 1747 4141 tuam
1779 4074 1911 4141 vocasti
1944 4090 2028 4157 noa,
2063 4081 2096 4141 et

729 4185 883 4259 addixisti
909 4206 972 4257 nos
1000 4189 1152 4257 servituti
1183 4184 1321 4273 beatae,
1356 4195 1390 4256 et
1422 4185 1548 4258 deliciis
1580 4186 1724 4282 paradisi
1760 4185 1864 4257 Edon.
1918 4185 1988 4258 Sed
2021 4210 2096 4258 cum

728 4301 975 4374 inexcusabiles
1001 4305 1256 4389 mansissemus,
1285 4312 1319 4373 et
1344 4303 1498 4374 mandata
1525 4313 1580 4375 ιιιιι
1614 4303 1779 4376 dominica
1812 4301 1971 4374 audacter
2006 4325 2095 4375 con-

731 4417 920 4505 culcantes,
958 4427 991 4488 et
1030 4422 1235 4510 transgressi
1272 4417 1347 4491 ideo
1383 4429 1490 4491 morte
1522 4418 1665 4490 damnati
1698 4441 1867 4506 essemus,
1893 4423 2096 4511 unigenitum

729 4532 849 4604 Filium
873 4543 978 4620 tuum,
1006 4543 1039 4605 et
1065 4534 1275 4629 splendorem
1303 4534 1508 4608 substantiae
1534 4546 1610 4608 tuae
1642 4539 1758 4607 misisti
1786 4534 1828 4604 ad
1860 4535 1999 4607 salutem
2025 4557 2095 4607 no-

731 4661 842 4722 stram.
894 4650 927 4722 ls
962 4674 1092 4723 omnem
1127 4651 1406 4748 dispensationem
1443 4673 1536 4724 suam
1569 4652 1746 4732 salutarem
1781 4671 1844 4746 pro
1878 4650 1977 4723 nobis
2010 4673 2095 4745 per-

731 4765 828 4853 fecit3
854 4766 1074 4862 mandataque
1100 4768 1273 4856 salutaria,
1302 4778 1335 4840 et
1360 4767 1456 4860 leges
1482 4769 1692 4840 vivificantes
1719 4767 1817 4840 nobis
1842 4770 2033 4862 proposuit,
2059 4777 2095 4838 ut

731 4881 853 4954 inillis
880 4881 1139 4973 ambularemus,
1166 4885 1468 4979 graderemurque3
1500 4895 1533 4956 et
1566 4888 1817 4980 perveniremus
1850 4883 1892 4955 ad
1918 4893 1969 4971 tc,
1995 4882 2096 4954 Pater

731 4999 1030 5071 misericordiarum
1057 5010 1091 5071 et
1116 5000 1208 5074 Deus
1234 5004 1334 5073 totius
1362 5000 1613 5074 consolationis.
1648 5001 1693 5072 Et
1718 5023 1804 5073 nunc
1832 5001 1963 5073 domine
1989 5001 2094 5086 Deus,

732 5114 774 5186 da
806 5113 920 5206 nobis,
954 5123 988 5187 ut
1023 5115 1182 5190 advolent
1217 5141 1338 5214 preces
1373 5128 1509 5191 nostrae
1550 5119 1716 5210 infirmae,
1749 5140 1812 5214 per
1837 5117 1908 5190 alas
1936 5115 2095 5190 amabiles
