<?xml version="1.0" encoding="UTF-8"?>
<!DOCTYPE html PUBLIC "-//W3C//DTD XHTML 1.0 Transitional//EN"
    "http://www.w3.org/TR/xhtml1/DTD/xhtml1-transitional.dtd">
<html xmlns="http://www.w3.org/1999/xhtml" xml:lang="en" lang="en">
 <head>
  <title>
</title>
<meta http-equiv="Content-Type" content="text/html;charset=utf-8" />
  <meta name='ocr-system' content='tesseract 3.04.00' />
  <meta name='ocr-capabilities' content='ocr_page ocr_carea ocr_par ocr_line ocrx_word'/>
</head>
<body>
  <div class='ocr_page' id='page_1' title='image "./liturgiarumorie04renagoog_0058.png"; bbox 0 0 4804 6026; ppageno 0'>
   <div class='ocr_carea' id='block_1_1' title="bbox 922 573 1787 652">
    <p class='ocr_par' dir='ltr' id='par_1_1' title="bbox 922 573 1787 652">
     <span class='ocr_line' id='line_1_1' title="bbox 922 573 1787 652; baseline -0.006 0"><span class='ocrx_word' id='word_1_1' title='bbox 922 573 1339 652; x_wconf 79' lang='lat' dir='ltr'><strong>LITURGIAE.</strong></span> <span class='ocrx_word' id='word_1_2' title='bbox 1738 574 1787 648; x_wconf 86' lang='lat'><strong><em>21</em></strong></span> 
     </span>
    </p>
   </div>
   <div class='ocr_carea' id='block_1_2' title="bbox 421 760 1793 1206">
    <p class='ocr_par' dir='ltr' id='par_1_2' title="bbox 421 760 1793 1091">
     <span class='ocr_line' id='line_1_2' title="bbox 422 760 1792 860; baseline -0.004 -20"><span class='ocrx_word' id='word_1_3' title='bbox 422 789 503 840; x_wconf 90' lang='lat' dir='ltr'><strong><em>rmn.</em></strong></span> <span class='ocrx_word' id='word_1_4' title='bbox 555 767 649 839; x_wconf 88' lang='lat' dir='ltr'><strong><em>Dens</em></strong></span> <span class='ocrx_word' id='word_1_5' title='bbox 675 785 738 860; x_wconf 89' lang='lat' dir='ltr'><strong><em>per</em></strong></span> <span class='ocrx_word' id='word_1_6' title='bbox 762 762 1025 838; x_wconf 87' lang='lat' dir='ltr'><strong><em>misericordiam</em></strong></span> <span class='ocrx_word' id='word_1_7' title='bbox 1049 771 1140 836; x_wconf 82' lang='lat' dir='ltr'><strong><em>mam</em></strong></span> <span class='ocrx_word' id='word_1_8' title='bbox 1164 783 1268 859; x_wconf 86' lang='lat' dir='ltr'><strong><em>parce</em></strong></span> <span class='ocrx_word' id='word_1_9' title='bbox 1302 771 1338 833; x_wconf 85' lang='lat' dir='ltr'><strong><em>et</em></strong></span> <span class='ocrx_word' id='word_1_10' title='bbox 1368 760 1493 834; x_wconf 84' lang='lat' dir='ltr'><strong><em>dimitte</em></strong></span> <span class='ocrx_word' id='word_1_11' title='bbox 1526 769 1669 856; x_wconf 87' lang='lat' dir='ltr'><strong><em>peccata</em></strong></span> <span class='ocrx_word' id='word_1_12' title='bbox 1703 781 1792 834; x_wconf 87' lang='lat' dir='ltr'><strong><em>eon-</em></strong></span> 
     </span>
     <span class='ocr_line' id='line_1_3' title="bbox 424 877 1793 975; baseline -0.004 -20"><span class='ocrx_word' id='word_1_13' title='bbox 424 884 681 975; x_wconf 84' lang='lat' dir='ltr'><strong><em>sanguineorum</em></strong></span> <span class='ocrx_word' id='word_1_14' title='bbox 698 891 907 968; x_wconf 88' lang='lat' dir='ltr'><strong><em>nostrorum,</em></strong></span> <span class='ocrx_word' id='word_1_15' title='bbox 929 890 1059 974; x_wconf 85' lang='lat' dir='ltr'><strong><em>patrum</em></strong></span> <span class='ocrx_word' id='word_1_16' title='bbox 1073 889 1107 952; x_wconf 87' lang='lat' dir='ltr'><strong><em>at</em></strong></span> <span class='ocrx_word' id='word_1_17' title='bbox 1120 877 1259 952; x_wconf 75' lang='lat' dir='ltr'><strong>fratrum</strong></span> <span class='ocrx_word' id='word_1_18' title='bbox 1274 887 1482 966; x_wconf 84' lang='lat' dir='ltr'><strong><em>nostrorum,</em></strong></span> <span class='ocrx_word' id='word_1_19' title='bbox 1510 885 1544 948; x_wconf 89' lang='lat' dir='ltr'><strong><em>et</em></strong></span> <span class='ocrx_word' id='word_1_20' title='bbox 1560 877 1793 969; x_wconf 76' lang='lat' dir='ltr'><strong><em>magistrorum</em></strong></span> 
     </span>
     <span class='ocr_line' id='line_1_4' title="bbox 421 991 1589 1091; baseline -0.005 -21"><span class='ocrx_word' id='word_1_21' title='bbox 421 1007 625 1087; x_wconf 88' lang='lat' dir='ltr'><strong><em>nostrorum,</em></strong></span> <span class='ocrx_word' id='word_1_22' title='bbox 653 1006 689 1068; x_wconf 88' lang='lat' dir='ltr'><strong><em>at</em></strong></span> <span class='ocrx_word' id='word_1_23' title='bbox 714 999 812 1070; x_wconf 87' lang='lat' dir='ltr'><strong><em>etiam</em></strong></span> <span class='ocrx_word' id='word_1_24' title='bbox 838 995 923 1069; x_wconf 90' lang='lat' dir='ltr'><strong><em>illius</em></strong></span> <span class='ocrx_word' id='word_1_25' title='bbox 949 1016 1012 1091; x_wconf 85' lang='lat' dir='ltr'><strong><em>pro</em></strong></span> <span class='ocrx_word' id='word_1_26' title='bbox 1040 1017 1105 1090; x_wconf 89' lang='lat' dir='ltr'><strong><em>qno</em></strong></span> <span class='ocrx_word' id='word_1_27' title='bbox 1132 993 1267 1068; x_wconf 81' lang='lat' dir='ltr'><strong><em>offertur</em></strong></span> <span class='ocrx_word' id='word_1_28' title='bbox 1292 993 1356 1067; x_wconf 92' lang='lat' dir='ltr'><strong><em>hoc</em></strong></span> <span class='ocrx_word' id='word_1_29' title='bbox 1383 991 1589 1066; x_wconf 82' lang='lat' dir='ltr'><strong><em>sacrificinm.</em></strong></span> 
     </span>
    </p>

    <p class='ocr_par' dir='ltr' id='par_1_3' title="bbox 526 1109 1793 1206">
     <span class='ocr_line' id='line_1_5' title="bbox 526 1109 1793 1206; baseline -0.005 -20"><span class='ocrx_word' id='word_1_30' title='bbox 526 1113 602 1186; x_wconf 87' lang='lat' dir='ltr'><strong><em>Hoc</em></strong></span> <span class='ocrx_word' id='word_1_31' title='bbox 629 1113 706 1184; x_wconf 93' lang='lat' dir='ltr'><strong><em>loco</em></strong></span> <span class='ocrx_word' id='word_1_32' title='bbox 731 1114 927 1182; x_wconf 82' lang='lat' dir='ltr'><strong><em>memoriam</em></strong></span> <span class='ocrx_word' id='word_1_33' title='bbox 948 1114 1039 1204; x_wconf 77' lang='lat' dir='ltr'><strong><em>[uait</em></strong></span> <span class='ocrx_word' id='word_1_34' title='bbox 1065 1117 1298 1206; x_wconf 81' lang='lat' dir='ltr'><strong><em>cujuscumque</em></strong></span> <span class='ocrx_word' id='word_1_35' title='bbox 1323 1109 1402 1182; x_wconf 84' lang='lat' dir='ltr'><strong><em>cult.</em></strong></span> <span class='ocrx_word' id='word_1_36' title='bbox 1440 1109 1621 1182; x_wconf 84' lang='lat' dir='ltr'><strong><em>Osculotur</em></strong></span> <span class='ocrx_word' id='word_1_37' title='bbox 1650 1109 1793 1206; x_wconf 66' lang='lat' dir='ltr'><strong><em>padum</em></strong></span> 
     </span>
    </p>
   </div>
   <div class='ocr_carea' id='block_1_3' title="bbox 419 1226 1886 5137">
    <p class='ocr_par' dir='ltr' id='par_1_4' title="bbox 420 1226 1794 2126">
     <span class='ocr_line' id='line_1_6' title="bbox 423 1226 1791 1322; baseline -0.005 -21"><span class='ocrx_word' id='word_1_38' title='bbox 423 1230 562 1318; x_wconf 88' lang='lat' dir='ltr'><strong><em>altaris,</em></strong></span> <span class='ocrx_word' id='word_1_39' title='bbox 589 1235 625 1300; x_wconf 90' lang='lat' dir='ltr'><strong><em>et</em></strong></span> <span class='ocrx_word' id='word_1_40' title='bbox 649 1228 695 1300; x_wconf 87' lang='lat' dir='ltr'><strong><em>ad</em></strong></span> <span class='ocrx_word' id='word_1_41' title='bbox 721 1227 804 1300; x_wconf 83' lang='lat' dir='ltr'><strong><em>illud</em></strong></span> <span class='ocrx_word' id='word_1_42' title='bbox 829 1228 1000 1316; x_wconf 87' lang='lat' dir='ltr'><strong><em>ascendit,</em></strong></span> <span class='ocrx_word' id='word_1_43' title='bbox 1028 1230 1215 1322; x_wconf 75' lang='lat' dir='ltr'><strong><em>incipitque</em></strong></span> <span class='ocrx_word' id='word_1_44' title='bbox 1242 1226 1461 1313; x_wconf 83' lang='lat' dir='ltr'><strong><em>oblationem,</em></strong></span> <span class='ocrx_word' id='word_1_45' title='bbox 1495 1231 1598 1296; x_wconf 86' lang='lat' dir='ltr'><strong><em>cantu</em></strong></span> <span class='ocrx_word' id='word_1_46' title='bbox 1628 1229 1730 1322; x_wconf 84' lang='lat' dir='ltr'><strong><em>qrooi</em></strong></span> <span class='ocrx_word' id='word_1_47' title='bbox 1755 1231 1791 1296; x_wconf 92' lang='lat' dir='ltr'><strong><em>et</em></strong></span> 
     </span>
     <span class='ocr_line' id='line_1_7' title="bbox 423 1342 1791 1441; baseline -0.005 -23"><span class='ocrx_word' id='word_1_48' title='bbox 423 1345 615 1441; x_wconf 88' lang='lat' dir='ltr'><strong><em>tranquillo.</em></strong></span> <span class='ocrx_word' id='word_1_49' title='bbox 667 1344 853 1437; x_wconf 88' lang='lat' dir='ltr'><strong><em>Postquam</em></strong></span> <span class='ocrx_word' id='word_1_50' title='bbox 878 1344 1002 1414; x_wconf 88' lang='lat' dir='ltr'><strong><em>dictum</em></strong></span> <span class='ocrx_word' id='word_1_51' title='bbox 1027 1349 1088 1440; x_wconf 82' lang='lat' dir='ltr'><strong><em>est</em></strong></span> <span class='ocrx_word' id='word_1_52' title='bbox 1139 1343 1273 1416; x_wconf 86' lang='lat' dir='ltr'><strong><em>Stemus</em></strong></span> <span class='ocrx_word' id='word_1_53' title='bbox 1300 1342 1476 1414; x_wconf 86' lang='lat' dir='ltr'><strong><em>decenter:</em></strong></span> <span class='ocrx_word' id='word_1_54' title='bbox 1503 1345 1617 1436; x_wconf 84' lang='lat' dir='ltr'><strong><em>aiqnat</em></strong></span> <span class='ocrx_word' id='word_1_55' title='bbox 1641 1348 1695 1414; x_wconf 89' lang='lat' dir='ltr'><strong><em>ter</em></strong></span> <span class='ocrx_word' id='word_1_56' title='bbox 1716 1362 1791 1435; x_wconf 91' lang='lat' dir='ltr'><strong><em>po-</em></strong></span> 
     </span>
     <span class='ocr_line' id='line_1_8' title="bbox 420 1457 1793 1555; baseline -0.002 -22"><span class='ocrx_word' id='word_1_57' title='bbox 420 1463 533 1555; x_wconf 87' lang='lat' dir='ltr'><strong><em>pulum</em></strong></span> <span class='ocrx_word' id='word_1_58' title='bbox 558 1463 656 1555; x_wconf 84' lang='lat' dir='ltr'><strong><em>siquo</em></strong></span> <span class='ocrx_word' id='word_1_59' title='bbox 684 1463 817 1530; x_wconf 86' lang='lat' dir='ltr'><strong><em>crucis:</em></strong></span> <span class='ocrx_word' id='word_1_60' title='bbox 843 1467 911 1531; x_wconf 89' lang='lat' dir='ltr'><strong><em>tum</em></strong></span> <span class='ocrx_word' id='word_1_61' title='bbox 935 1462 1076 1553; x_wconf 80' lang='lat' dir='ltr'><strong><em>imponit</em></strong></span> <span class='ocrx_word' id='word_1_62' title='bbox 1102 1460 1260 1530; x_wconf 73' lang='lat' dir='ltr'><strong><em>dextram</em></strong></span> <span class='ocrx_word' id='word_1_63' title='bbox 1285 1481 1387 1552; x_wconf 88' lang='lat' dir='ltr'><strong><em>super</em></strong></span> <span class='ocrx_word' id='word_1_64' title='bbox 1403 1457 1551 1529; x_wconf 75' lang='lat' dir='ltr'><strong><em>sabotam</em></strong></span> <span class='ocrx_word' id='word_1_65' title='bbox 1563 1457 1696 1547; x_wconf 85' lang='lat' dir='ltr'><strong><em>altoris,</em></strong></span> <span class='ocrx_word' id='word_1_66' title='bbox 1723 1481 1793 1530; x_wconf 88' lang='lat' dir='ltr'><strong><em>uc-</em></strong></span> 
     </span>
     <span class='ocr_line' id='line_1_9' title="bbox 423 1573 1793 1672; baseline -0.004 -23"><span class='ocrx_word' id='word_1_67' title='bbox 423 1581 571 1672; x_wconf 87' lang='lat' dir='ltr'><strong><em>eipitque</em></strong></span> <span class='ocrx_word' id='word_1_68' title='bbox 596 1581 754 1648; x_wconf 80' lang='lat' dir='ltr'><strong><em>virtutem</em></strong></span> <span class='ocrx_word' id='word_1_69' title='bbox 780 1598 804 1645; x_wconf 90' lang='lat' dir='ltr'><strong><em>a</em></strong></span> <span class='ocrx_word' id='word_1_70' title='bbox 828 1578 1006 1668; x_wconf 76' lang='lat' dir='ltr'><strong><em>mysteriis.</em></strong></span> <span class='ocrx_word' id='word_1_71' title='bbox 1059 1574 1146 1646; x_wconf 74' lang='lat' dir='ltr'><strong><em>Moa-</em></strong></span> <span class='ocrx_word' id='word_1_72' title='bbox 1171 1579 1286 1670; x_wconf 84' lang='lat' dir='ltr'><strong><em>siqnot</em></strong></span> <span class='ocrx_word' id='word_1_73' title='bbox 1309 1597 1347 1644; x_wconf 84' lang='lat' dir='ltr'><strong><em>se</em></strong></span> <span class='ocrx_word' id='word_1_74' title='bbox 1372 1576 1495 1666; x_wconf 81' lang='lat' dir='ltr'><strong><em>ipsum,</em></strong></span> <span class='ocrx_word' id='word_1_75' title='bbox 1522 1573 1645 1646; x_wconf 87' lang='lat' dir='ltr'><strong><em>deiude</em></strong></span> <span class='ocrx_word' id='word_1_76' title='bbox 1658 1597 1718 1646; x_wconf 90' lang='lat' dir='ltr'><strong><em>eos</em></strong></span> <span class='ocrx_word' id='word_1_77' title='bbox 1733 1577 1793 1668; x_wconf 89' lang='lat' dir='ltr'><strong><em>qui</em></strong></span> 
     </span>
     <span class='ocr_line' id='line_1_10' title="bbox 421 1689 1790 1785; baseline -0.004 -19"><span class='ocrx_word' id='word_1_78' title='bbox 421 1701 498 1766; x_wconf 84' lang='lat' dir='ltr'><strong><em>sunt</em></strong></span> <span class='ocrx_word' id='word_1_79' title='bbox 522 1717 546 1764; x_wconf 89' lang='lat' dir='ltr'><strong><em>o</em></strong></span> <span class='ocrx_word' id='word_1_80' title='bbox 567 1699 672 1785; x_wconf 84' lang='lat' dir='ltr'><strong><em>parte</em></strong></span> <span class='ocrx_word' id='word_1_81' title='bbox 697 1691 988 1784; x_wconf 86' lang='lat' dir='ltr'><strong><em>Septentrioncti,</em></strong></span> <span class='ocrx_word' id='word_1_82' title='bbox 1016 1697 1083 1761; x_wconf 90' lang='lat' dir='ltr'><strong><em>tum</em></strong></span> <span class='ocrx_word' id='word_1_83' title='bbox 1111 1713 1170 1761; x_wconf 86' lang='lat' dir='ltr'><strong><em>eos</em></strong></span> <span class='ocrx_word' id='word_1_84' title='bbox 1201 1693 1259 1784; x_wconf 88' lang='lat' dir='ltr'><strong><em>qui</em></strong></span> <span class='ocrx_word' id='word_1_85' title='bbox 1292 1695 1370 1761; x_wconf 89' lang='lat' dir='ltr'><strong><em>sunt</em></strong></span> <span class='ocrx_word' id='word_1_86' title='bbox 1404 1689 1448 1760; x_wconf 78' lang='lat' dir='ltr'><strong><em>ab</em></strong></span> <span class='ocrx_word' id='word_1_87' title='bbox 1483 1689 1659 1777; x_wconf 86' lang='lat' dir='ltr'><strong><em>Australi,</em></strong></span> <span class='ocrx_word' id='word_1_88' title='bbox 1691 1693 1790 1783; x_wconf 83' lang='lat' dir='ltr'><strong><em>socio</em></strong></span> 
     </span>
     <span class='ocr_line' id='line_1_11' title="bbox 422 1805 1794 1904; baseline -0.003 -25"><span class='ocrx_word' id='word_1_89' title='bbox 422 1814 475 1880; x_wconf 87' lang='lat' dir='ltr'><strong><em>ter</em></strong></span> <span class='ocrx_word' id='word_1_90' title='bbox 500 1813 597 1904; x_wconf 83' lang='lat' dir='ltr'><strong><em>siquo</em></strong></span> <span class='ocrx_word' id='word_1_91' title='bbox 624 1811 738 1879; x_wconf 88' lang='lat' dir='ltr'><strong><em>crucis</em></strong></span> <span class='ocrx_word' id='word_1_92' title='bbox 762 1830 866 1900; x_wconf 88' lang='lat' dir='ltr'><strong><em>super</em></strong></span> <span class='ocrx_word' id='word_1_93' title='bbox 888 1807 1058 1900; x_wconf 88' lang='lat' dir='ltr'><strong><em>populum.</em></strong></span> <span class='ocrx_word' id='word_1_94' title='bbox 1101 1806 1143 1880; x_wconf 89' lang='lat' dir='ltr'><strong><em>Si</em></strong></span> <span class='ocrx_word' id='word_1_95' title='bbox 1169 1807 1279 1879; x_wconf 85' lang='lat' dir='ltr'><strong><em>nullus</em></strong></span> <span class='ocrx_word' id='word_1_96' title='bbox 1303 1809 1350 1876; x_wconf 88' lang='lat' dir='ltr'><strong><em>sit</em></strong></span> <span class='ocrx_word' id='word_1_97' title='bbox 1375 1805 1421 1876; x_wconf 90' lang='lat' dir='ltr'><strong><em>ad</em></strong></span> <span class='ocrx_word' id='word_1_98' title='bbox 1448 1806 1626 1876; x_wconf 81' lang='lat' dir='ltr'><strong><em>dacteram</em></strong></span> <span class='ocrx_word' id='word_1_99' title='bbox 1648 1810 1720 1898; x_wconf 76' lang='lat' dir='ltr'><strong><em>ejus</em></strong></span> <span class='ocrx_word' id='word_1_100' title='bbox 1737 1805 1794 1876; x_wconf 86' lang='lat' dir='ltr'><strong><em>cel</em></strong></span> 
     </span>
     <span class='ocr_line' id='line_1_12' title="bbox 421 1925 1790 2017; baseline -0.002 -23"><span class='ocrx_word' id='word_1_101' title='bbox 421 1926 608 2013; x_wconf 84' lang='lat' dir='ltr'><strong><em>sinistram,</em></strong></span> <span class='ocrx_word' id='word_1_102' title='bbox 636 1931 689 1995; x_wconf 82' lang='lat' dir='ltr'><strong><em>ter</em></strong></span> <span class='ocrx_word' id='word_1_103' title='bbox 714 1926 844 2016; x_wconf 81' lang='lat' dir='ltr'><strong><em>siquam</em></strong></span> <span class='ocrx_word' id='word_1_104' title='bbox 870 1927 984 1994; x_wconf 89' lang='lat' dir='ltr'><strong><em>crucis</em></strong></span> <span class='ocrx_word' id='word_1_105' title='bbox 1006 1926 1098 2017; x_wconf 78' lang='lat' dir='ltr'><strong><em>sueit</em></strong></span> <span class='ocrx_word' id='word_1_106' title='bbox 1121 1945 1224 2016; x_wconf 88' lang='lat' dir='ltr'><strong><em>super</em></strong></span> <span class='ocrx_word' id='word_1_107' title='bbox 1251 1945 1290 1995; x_wconf 83' lang='lat' dir='ltr'><strong><em>se</em></strong></span> <span class='ocrx_word' id='word_1_108' title='bbox 1316 1925 1439 2014; x_wconf 84' lang='lat' dir='ltr'><strong><em>iprum,</em></strong></span> <span class='ocrx_word' id='word_1_109' title='bbox 1467 1929 1521 1996; x_wconf 88' lang='lat' dir='ltr'><strong><em>ter</em></strong></span> <span class='ocrx_word' id='word_1_110' title='bbox 1547 1944 1649 2015; x_wconf 80' lang='lat' dir='ltr'><strong><em>super</em></strong></span> <span class='ocrx_word' id='word_1_111' title='bbox 1672 1942 1790 2014; x_wconf 92' lang='lat' dir='ltr'><strong><em>popu-</em></strong></span> 
     </span>
     <span class='ocr_line' id='line_1_13' title="bbox 421 2026 685 2126; baseline 0.011 -17"><span class='ocrx_word' id='word_1_112' title='bbox 421 2038 503 2126; x_wconf 80' lang='lat' dir='ltr'><strong><em>tum,</em></strong></span> <span class='ocrx_word' id='word_1_113' title='bbox 530 2046 566 2110; x_wconf 82' lang='lat' dir='ltr'><strong><em>a</em></strong></span> <span class='ocrx_word' id='word_1_114' title='bbox 590 2026 685 2112; x_wconf 71' lang='lat' dir='ltr'><strong><em>oscis.</em></strong></span> 
     </span>
    </p>

    <p class='ocr_par' dir='ltr' id='par_1_5' title="bbox 421 2153 1886 2484">
     <span class='ocr_line' id='line_1_14' title="bbox 526 2153 1886 2248; baseline -0.001 -22"><span class='ocrx_word' id='word_1_115' title='bbox 526 2154 656 2229; x_wconf 86' lang='lat' dir='ltr'><strong><em>Caritas</em></strong></span> <span class='ocrx_word' id='word_1_116' title='bbox 688 2158 754 2230; x_wconf 86' lang='lat' dir='ltr'><strong><em>Dei</em></strong></span> <span class='ocrx_word' id='word_1_117' title='bbox 785 2156 909 2230; x_wconf 86' lang='lat' dir='ltr'><strong><em>Patris:</em></strong></span> <span class='ocrx_word' id='word_1_118' title='bbox 944 2166 980 2228; x_wconf 87' lang='lat' dir='ltr'><strong><em>et</em></strong></span> <span class='ocrx_word' id='word_1_119' title='bbox 1010 2157 1118 2248; x_wconf 85' lang='lat' dir='ltr'><strong><em>gratia</em></strong></span> <span class='ocrx_word' id='word_1_120' title='bbox 1150 2156 1311 2246; x_wconf 84' lang='lat' dir='ltr'><strong><em>unigeniti</em></strong></span> <span class='ocrx_word' id='word_1_121' title='bbox 1343 2153 1440 2244; x_wconf 80' lang='lat' dir='ltr'><strong><em>Fun,</em></strong></span> <span class='ocrx_word' id='word_1_122' title='bbox 1473 2162 1508 2226; x_wconf 89' lang='lat' dir='ltr'><strong><em>et</em></strong></span> <span class='ocrx_word' id='word_1_123' title='bbox 1539 2155 1792 2226; x_wconf 74' lang='lat' dir='ltr'><strong><em>communicatio</em></strong></span> <span class='ocrx_word' id='word_1_124' title='bbox 1882 2175 1886 2192; x_wconf 88' lang='grc'><em>·</em></span> 
     </span>
     <span class='ocr_line' id='line_1_15' title="bbox 421 2267 1793 2369; baseline -0.001 -26"><span class='ocrx_word' id='word_1_125' title='bbox 421 2267 625 2368; x_wconf 81' lang='lat' dir='ltr'><strong><em>illapsusque</em></strong></span> <span class='ocrx_word' id='word_1_126' title='bbox 651 2273 793 2369; x_wconf 84' lang='lat' dir='ltr'><strong><em>Spiritus</em></strong></span> <span class='ocrx_word' id='word_1_127' title='bbox 821 2274 892 2347; x_wconf 86' lang='lat' dir='ltr'><strong><em>vivi</em></strong></span> <span class='ocrx_word' id='word_1_128' title='bbox 918 2283 952 2345; x_wconf 86' lang='lat' dir='ltr'><strong><em>et</em></strong></span> <span class='ocrx_word' id='word_1_129' title='bbox 987 2273 1113 2362; x_wconf 78' lang='lat' dir='ltr'><strong><em>sancti,</em></strong></span> <span class='ocrx_word' id='word_1_130' title='bbox 1149 2273 1192 2345; x_wconf 90' lang='lat' dir='ltr'><strong><em>sit</em></strong></span> <span class='ocrx_word' id='word_1_131' title='bbox 1223 2292 1299 2342; x_wconf 86' lang='lat' dir='ltr'><strong><em>cnm</em></strong></span> <span class='ocrx_word' id='word_1_132' title='bbox 1335 2267 1485 2342; x_wconf 82' lang='lat' dir='ltr'><strong><em>curribus</em></strong></span> <span class='ocrx_word' id='word_1_133' title='bbox 1519 2267 1636 2358; x_wconf 81' lang='lat' dir='ltr'><strong><em>vobis,</em></strong></span> <span class='ocrx_word' id='word_1_134' title='bbox 1669 2268 1793 2342; x_wconf 86' lang='lat' dir='ltr'><strong><em>iratres</em></strong></span> 
     </span>
     <span class='ocr_line' id='line_1_16' title="bbox 423 2389 938 2484; baseline 0.012 -26"><span class='ocrx_word' id='word_1_135' title='bbox 423 2389 489 2458; x_wconf 91' lang='lat' dir='ltr'><strong><em>mei</em></strong></span> <span class='ocrx_word' id='word_1_136' title='bbox 514 2391 549 2461; x_wconf 91' lang='lat' dir='ltr'><strong><em>in</em></strong></span> <span class='ocrx_word' id='word_1_137' title='bbox 575 2389 720 2464; x_wconf 85' lang='lat' dir='ltr'><strong><em>saecula.</em></strong></span> <span class='ocrx_word' id='word_1_138' title='bbox 935 2476 938 2484; x_wconf 26' lang='grc' dir='ltr'><strong><em>Ι</em></strong></span> 
     </span>
    </p>

    <p class='ocr_par' dir='ltr' id='par_1_6' title="bbox 524 2504 1119 2601">
     <span class='ocr_line' id='line_1_17' title="bbox 524 2504 1119 2601; baseline -0.002 -26"><span class='ocrx_word' id='word_1_139' title='bbox 524 2504 685 2599; x_wconf 76' lang='lat' dir='ltr'><strong><em>Poprdus.</em></strong></span> <span class='ocrx_word' id='word_1_140' title='bbox 737 2505 882 2578; x_wconf 86' lang='lat' dir='ltr'><strong><em>Etcum</em></strong></span> <span class='ocrx_word' id='word_1_141' title='bbox 909 2507 1119 2601; x_wconf 86' lang='lat' dir='ltr'><strong><em>spiritutuo.</em></strong></span> 
     </span>
    </p>

    <p class='ocr_par' dir='ltr' id='par_1_7' title="bbox 422 2616 1791 2829">
     <span class='ocr_line' id='line_1_18' title="bbox 523 2616 1791 2706; baseline -0.002 -15"><span class='ocrx_word' id='word_1_142' title='bbox 523 2619 707 2694; x_wconf 77' lang='lat' dir='ltr'><strong><em>Sacerdos.</em></strong></span> <span class='ocrx_word' id='word_1_143' title='bbox 759 2621 899 2695; x_wconf 84' lang='lat' dir='ltr'><strong><em>Sursum</em></strong></span> <span class='ocrx_word' id='word_1_144' title='bbox 924 2622 980 2696; x_wconf 85' lang='lat' dir='ltr'><strong><em>ubi</em></strong></span> <span class='ocrx_word' id='word_1_145' title='bbox 1007 2620 1157 2694; x_wconf 84' lang='lat' dir='ltr'><strong><em>Christus</em></strong></span> <span class='ocrx_word' id='word_1_146' title='bbox 1184 2618 1279 2692; x_wconf 87' lang='lat' dir='ltr'><strong><em>sedet</em></strong></span> <span class='ocrx_word' id='word_1_147' title='bbox 1305 2617 1349 2690; x_wconf 87' lang='lat' dir='ltr'><strong><em>ad</em></strong></span> <span class='ocrx_word' id='word_1_148' title='bbox 1375 2616 1548 2690; x_wconf 83' lang='lat' dir='ltr'><strong><em>dexteram</em></strong></span> <span class='ocrx_word' id='word_1_149' title='bbox 1577 2617 1642 2689; x_wconf 91' lang='lat' dir='ltr'><strong><em>Dei</em></strong></span> <span class='ocrx_word' id='word_1_150' title='bbox 1668 2617 1791 2706; x_wconf 78' lang='lat' dir='ltr'><strong><em>Panis,</em></strong></span> 
     </span>
     <span class='ocr_line' id='line_1_19' title="bbox 422 2735 1416 2829; baseline -0.005 -21"><span class='ocrx_word' id='word_1_151' title='bbox 422 2737 486 2808; x_wconf 90' lang='lat' dir='ltr'><strong><em>sint</em></strong></span> <span class='ocrx_word' id='word_1_152' title='bbox 511 2747 659 2829; x_wconf 81' lang='lat' dir='ltr'><strong><em>mentes,</em></strong></span> <span class='ocrx_word' id='word_1_153' title='bbox 684 2735 870 2810; x_wconf 85' lang='lat' dir='ltr'><strong><em>intellectus</em></strong></span> <span class='ocrx_word' id='word_1_154' title='bbox 897 2749 931 2810; x_wconf 90' lang='lat' dir='ltr'><strong><em>ct</em></strong></span> <span class='ocrx_word' id='word_1_155' title='bbox 958 2736 1060 2810; x_wconf 90' lang='lat' dir='ltr'><strong><em>corda</em></strong></span> <span class='ocrx_word' id='word_1_156' title='bbox 1087 2738 1232 2808; x_wconf 90' lang='lat' dir='ltr'><strong><em>omnium</em></strong></span> <span class='ocrx_word' id='word_1_157' title='bbox 1257 2743 1416 2806; x_wconf 89' lang='lat' dir='ltr'><strong><em>nostrum.</em></strong></span> 
     </span>
    </p>

    <p class='ocr_par' dir='ltr' id='par_1_8' title="bbox 524 2852 1105 2946">
     <span class='ocr_line' id='line_1_20' title="bbox 524 2852 1105 2946; baseline 0 -23"><span class='ocrx_word' id='word_1_158' title='bbox 524 2852 686 2946; x_wconf 87' lang='lat' dir='ltr'><strong><em>Populus.</em></strong></span> <span class='ocrx_word' id='word_1_159' title='bbox 739 2853 824 2926; x_wconf 86' lang='lat' dir='ltr'><strong><em>Sunt</em></strong></span> <span class='ocrx_word' id='word_1_160' title='bbox 850 2853 892 2926; x_wconf 88' lang='lat' dir='ltr'><strong><em>ad</em></strong></span> <span class='ocrx_word' id='word_1_161' title='bbox 918 2854 1105 2926; x_wconf 89' lang='lat' dir='ltr'><strong><em>Dominum.</em></strong></span> 
     </span>
    </p>

    <p class='ocr_par' dir='ltr' id='par_1_9' title="bbox 524 2967 1509 3063">
     <span class='ocr_line' id='line_1_21' title="bbox 524 2967 1509 3063; baseline -0.004 -24"><span class='ocrx_word' id='word_1_162' title='bbox 524 2967 708 3040; x_wconf 84' lang='lat' dir='ltr'><strong><em>Sacerdos.</em></strong></span> <span class='ocrx_word' id='word_1_163' title='bbox 762 2968 895 3043; x_wconf 85' lang='lat' dir='ltr'><strong><em>Gratias</em></strong></span> <span class='ocrx_word' id='word_1_164' title='bbox 922 2991 1062 3063; x_wconf 87' lang='lat' dir='ltr'><strong><em>agamus</em></strong></span> <span class='ocrx_word' id='word_1_165' title='bbox 1087 2968 1253 3056; x_wconf 83' lang='lat' dir='ltr'><strong><em>Domino,</em></strong></span> <span class='ocrx_word' id='word_1_166' title='bbox 1280 2989 1353 3039; x_wconf 90' lang='lat' dir='ltr'><strong><em>cum</em></strong></span> <span class='ocrx_word' id='word_1_167' title='bbox 1382 2969 1509 3038; x_wconf 88' lang='lat' dir='ltr'><strong><em>timore.</em></strong></span> 
     </span>
    </p>

    <p class='ocr_par' dir='ltr' id='par_1_10' title="bbox 525 3082 1656 3180">
     <span class='ocr_line' id='line_1_22' title="bbox 525 3082 1656 3180; baseline -0.004 -25"><span class='ocrx_word' id='word_1_168' title='bbox 525 3084 686 3180; x_wconf 88' lang='lat' dir='ltr'><strong><em>Populus.</em></strong></span> <span class='ocrx_word' id='word_1_169' title='bbox 739 3085 883 3178; x_wconf 83' lang='lat' dir='ltr'><strong><em>Dignum</em></strong></span> <span class='ocrx_word' id='word_1_170' title='bbox 911 3094 944 3158; x_wconf 88' lang='lat' dir='ltr'><strong><em>et</em></strong></span> <span class='ocrx_word' id='word_1_171' title='bbox 965 3090 1090 3179; x_wconf 86' lang='lat' dir='ltr'><strong><em>justum</em></strong></span> <span class='ocrx_word' id='word_1_172' title='bbox 1116 3094 1178 3156; x_wconf 85' lang='lat' dir='ltr'><strong><em>est</em></strong></span> <span class='ocrx_word' id='word_1_173' title='bbox 1230 3082 1396 3156; x_wconf 83' lang='lat' dir='ltr'><strong><em>Miserere</em></strong></span> <span class='ocrx_word' id='word_1_174' title='bbox 1421 3087 1527 3157; x_wconf 87' lang='lat' dir='ltr'><strong><em>nostri</em></strong></span> <span class='ocrx_word' id='word_1_175' title='bbox 1552 3083 1656 3155; x_wconf 88' lang='lat' dir='ltr'><strong><em>Deus.</em></strong></span> 
     </span>
    </p>

    <p class='ocr_par' dir='ltr' id='par_1_11' title="bbox 421 3198 1792 3507">
     <span class='ocr_line' id='line_1_23' title="bbox 524 3198 1792 3298; baseline -0.002 -26"><span class='ocrx_word' id='word_1_176' title='bbox 524 3201 708 3274; x_wconf 89' lang='lat' dir='ltr'><strong><em>Sacerdos.</em></strong></span> <span class='ocrx_word' id='word_1_177' title='bbox 760 3201 804 3274; x_wconf 87' lang='lat' dir='ltr'><strong><em>Et</em></strong></span> <span class='ocrx_word' id='word_1_178' title='bbox 830 3222 893 3275; x_wconf 87' lang='lat' dir='ltr'><strong><em>nos</em></strong></span> <span class='ocrx_word' id='word_1_179' title='bbox 920 3223 1053 3298; x_wconf 87' lang='lat' dir='ltr'><strong><em>quoque</em></strong></span> <span class='ocrx_word' id='word_1_180' title='bbox 1078 3200 1239 3287; x_wconf 85' lang='lat' dir='ltr'><strong><em>Domine,</em></strong></span> <span class='ocrx_word' id='word_1_181' title='bbox 1269 3198 1387 3271; x_wconf 89' lang='lat' dir='ltr'><strong><em>infirmi</em></strong></span> <span class='ocrx_word' id='word_1_182' title='bbox 1414 3208 1448 3270; x_wconf 89' lang='lat' dir='ltr'><strong><em>et</em></strong></span> <span class='ocrx_word' id='word_1_183' title='bbox 1471 3209 1672 3296; x_wconf 85' lang='lat' dir='ltr'><strong><em>peccatores</em></strong></span> <span class='ocrx_word' id='word_1_184' title='bbox 1698 3201 1792 3270; x_wconf 87' lang='lat' dir='ltr'><strong><em>servi</em></strong></span> 
     </span>
     <span class='ocr_line' id='line_1_24' title="bbox 421 3315 1792 3413; baseline -0.001 -27"><span class='ocrx_word' id='word_1_185' title='bbox 421 3317 483 3405; x_wconf 75' lang='lat' dir='ltr'><strong><em>tui,</em></strong></span> <span class='ocrx_word' id='word_1_186' title='bbox 511 3323 637 3407; x_wconf 80' lang='lat' dir='ltr'><strong><em>gratiam</em></strong></span> <span class='ocrx_word' id='word_1_187' title='bbox 665 3323 794 3412; x_wconf 83' lang='lat' dir='ltr'><strong><em>agimus</em></strong></span> <span class='ocrx_word' id='word_1_188' title='bbox 821 3319 899 3407; x_wconf 85' lang='lat' dir='ltr'><strong><em>tibi,</em></strong></span> <span class='ocrx_word' id='word_1_189' title='bbox 927 3326 961 3390; x_wconf 89' lang='lat' dir='ltr'><strong><em>et</em></strong></span> <span class='ocrx_word' id='word_1_190' title='bbox 985 3316 1155 3389; x_wconf 88' lang='lat' dir='ltr'><strong><em>laudamus</em></strong></span> <span class='ocrx_word' id='word_1_191' title='bbox 1180 3315 1420 3408; x_wconf 82' lang='lat' dir='ltr'><strong><em>benignitatem</em></strong></span> <span class='ocrx_word' id='word_1_192' title='bbox 1446 3325 1554 3412; x_wconf 82' lang='lat' dir='ltr'><strong><em>mam,</em></strong></span> <span class='ocrx_word' id='word_1_193' title='bbox 1588 3333 1650 3413; x_wconf 91' lang='lat' dir='ltr'><strong><em>pru</em></strong></span> <span class='ocrx_word' id='word_1_194' title='bbox 1677 3319 1792 3386; x_wconf 91' lang='lat' dir='ltr'><strong><em>omni-</em></strong></span> 
     </span>
     <span class='ocr_line' id='line_1_25' title="bbox 423 3429 806 3507; baseline 0.013 -5"><span class='ocrx_word' id='word_1_195' title='bbox 423 3429 484 3504; x_wconf 88' lang='lat' dir='ltr'><strong><em>hus</em></strong></span> <span class='ocrx_word' id='word_1_196' title='bbox 511 3443 546 3504; x_wconf 90' lang='lat' dir='ltr'><strong><em>ct</em></strong></span> <span class='ocrx_word' id='word_1_197' title='bbox 572 3433 613 3505; x_wconf 88' lang='lat' dir='ltr'><strong><em>de</em></strong></span> <span class='ocrx_word' id='word_1_198' title='bbox 645 3432 806 3507; x_wconf 87' lang='lat' dir='ltr'><strong><em>omnibns.</em></strong></span> 
     </span>
    </p>

    <p class='ocr_par' dir='ltr' id='par_1_12' title="bbox 526 3549 1081 3644">
     <span class='ocr_line' id='line_1_26' title="bbox 526 3549 1081 3644; baseline -0.002 -23"><span class='ocrx_word' id='word_1_199' title='bbox 526 3549 687 3644; x_wconf 84' lang='lat' dir='ltr'><strong><em>Populus.</em></strong></span> <span class='ocrx_word' id='word_1_200' title='bbox 740 3551 833 3622; x_wconf 88' lang='lat' dir='ltr'><strong><em>Sicut</em></strong></span> <span class='ocrx_word' id='word_1_201' title='bbox 860 3559 933 3622; x_wconf 90' lang='lat' dir='ltr'><strong><em>erat</em></strong></span> <span class='ocrx_word' id='word_1_202' title='bbox 959 3559 994 3621; x_wconf 88' lang='lat' dir='ltr'><strong><em>et</em></strong></span> <span class='ocrx_word' id='word_1_203' title='bbox 1019 3558 1081 3622; x_wconf 90' lang='lat' dir='ltr'><strong><em>cst.</em></strong></span> 
     </span>
    </p>

    <p class='ocr_par' dir='ltr' id='par_1_13' title="bbox 422 3666 1790 3878">
     <span class='ocr_line' id='line_1_27' title="bbox 526 3666 1790 3760; baseline -0.002 -22"><span class='ocrx_word' id='word_1_204' title='bbox 526 3666 702 3738; x_wconf 81' lang='lat' dir='ltr'><strong><em>Sacerdos</em></strong></span> <span class='ocrx_word' id='word_1_205' title='bbox 727 3669 869 3760; x_wconf 84' lang='lat' dir='ltr'><strong><em>imponit</em></strong></span> <span class='ocrx_word' id='word_1_206' title='bbox 893 3689 1024 3738; x_wconf 88' lang='lat' dir='ltr'><strong><em>monum</em></strong></span> <span class='ocrx_word' id='word_1_207' title='bbox 1049 3688 1151 3760; x_wconf 84' lang='lat' dir='ltr'><strong><em>super</em></strong></span> <span class='ocrx_word' id='word_1_208' title='bbox 1177 3667 1319 3754; x_wconf 90' lang='lat' dir='ltr'><strong><em>discum,</em></strong></span> <span class='ocrx_word' id='word_1_209' title='bbox 1345 3667 1524 3760; x_wconf 83' lang='lat' dir='ltr'><strong><em>siquotque</em></strong></span> <span class='ocrx_word' id='word_1_210' title='bbox 1549 3689 1587 3736; x_wconf 87' lang='lat' dir='ltr'><strong><em>se</em></strong></span> <span class='ocrx_word' id='word_1_211' title='bbox 1613 3667 1720 3758; x_wconf 90' lang='lat' dir='ltr'><strong><em>ipsum</em></strong></span> <span class='ocrx_word' id='word_1_212' title='bbox 1734 3671 1790 3736; x_wconf 89' lang='lat' dir='ltr'><strong><em>ter</em></strong></span> 
     </span>
     <span class='ocr_line' id='line_1_28' title="bbox 422 3780 1463 3878; baseline -0.002 -25"><span class='ocrx_word' id='word_1_213' title='bbox 422 3784 517 3878; x_wconf 84' lang='lat' dir='ltr'><strong><em>siquo</em></strong></span> <span class='ocrx_word' id='word_1_214' title='bbox 545 3787 673 3870; x_wconf 76' lang='lat' dir='ltr'><strong><em>crnms,</em></strong></span> <span class='ocrx_word' id='word_1_215' title='bbox 701 3782 780 3853; x_wconf 80' lang='lat' dir='ltr'><strong><em>irinc</em></strong></span> <span class='ocrx_word' id='word_1_216' title='bbox 807 3791 843 3854; x_wconf 93' lang='lat' dir='ltr'><strong><em>et</em></strong></span> <span class='ocrx_word' id='word_1_217' title='bbox 867 3783 947 3860; x_wconf 90' lang='lat' dir='ltr'><strong><em>inde</em></strong></span> <span class='ocrx_word' id='word_1_218' title='bbox 973 3804 1104 3878; x_wconf 91' lang='lat' dir='ltr'><strong><em>quoque</em></strong></span> <span class='ocrx_word' id='word_1_219' title='bbox 1126 3780 1302 3876; x_wconf 84' lang='lat' dir='ltr'><strong><em>populum,</em></strong></span> <span class='ocrx_word' id='word_1_220' title='bbox 1330 3780 1463 3853; x_wconf 85' lang='lat' dir='ltr'><strong><em>dicens:</em></strong></span> 
     </span>
    </p>

    <p class='ocr_par' dir='ltr' id='par_1_14' title="bbox 424 3895 1793 4108">
     <span class='ocr_line' id='line_1_29' title="bbox 524 3895 1793 3991; baseline -0.001 -19"><span class='ocrx_word' id='word_1_221' title='bbox 524 3898 777 3972; x_wconf 83' lang='lat' dir='ltr'><strong><em>Misericordiae</em></strong></span> <span class='ocrx_word' id='word_1_222' title='bbox 803 3900 866 3972; x_wconf 90' lang='lat' dir='ltr'><strong><em>Dei</em></strong></span> <span class='ocrx_word' id='word_1_223' title='bbox 892 3903 1005 3991; x_wconf 82' lang='lat' dir='ltr'><strong><em>magni</em></strong></span> <span class='ocrx_word' id='word_1_224' title='bbox 1031 3908 1065 3970; x_wconf 88' lang='lat' dir='ltr'><strong><em>et</em></strong></span> <span class='ocrx_word' id='word_1_225' title='bbox 1095 3897 1282 3972; x_wconf 86' lang='lat' dir='ltr'><strong><em>Salvatoris</em></strong></span> <span class='ocrx_word' id='word_1_226' title='bbox 1315 3901 1421 3973; x_wconf 87' lang='lat' dir='ltr'><strong><em>nostri</em></strong></span> <span class='ocrx_word' id='word_1_227' title='bbox 1452 3897 1535 3970; x_wconf 84' lang='lat' dir='ltr'><strong><em>lesu</em></strong></span> <span class='ocrx_word' id='word_1_228' title='bbox 1571 3895 1692 3970; x_wconf 86' lang='lat' dir='ltr'><strong><em>Christi</em></strong></span> <span class='ocrx_word' id='word_1_229' title='bbox 1728 3899 1793 3971; x_wconf 91' lang='lat' dir='ltr'><strong><em>sint</em></strong></span> 
     </span>
     <span class='ocr_line' id='line_1_30' title="bbox 424 4013 1331 4108; baseline -0.001 -22"><span class='ocrx_word' id='word_1_230' title='bbox 424 4039 496 4088; x_wconf 91' lang='lat' dir='ltr'><strong><em>cum</em></strong></span> <span class='ocrx_word' id='word_1_231' title='bbox 522 4014 622 4088; x_wconf 86' lang='lat' dir='ltr'><strong><em>vohis</em></strong></span> <span class='ocrx_word' id='word_1_232' title='bbox 649 4017 824 4107; x_wconf 71' lang='lat' dir='ltr'><strong><em>omnibns,</em></strong></span> <span class='ocrx_word' id='word_1_233' title='bbox 850 4014 988 4088; x_wconf 83' lang='lat' dir='ltr'><strong><em>Fratres</em></strong></span> <span class='ocrx_word' id='word_1_234' title='bbox 1014 4020 1100 4108; x_wconf 82' lang='lat' dir='ltr'><strong><em>mei,</em></strong></span> <span class='ocrx_word' id='word_1_235' title='bbox 1125 4018 1159 4088; x_wconf 91' lang='lat' dir='ltr'><strong><em>in</em></strong></span> <span class='ocrx_word' id='word_1_236' title='bbox 1186 4013 1331 4089; x_wconf 86' lang='lat' dir='ltr'><strong><em>saecula.</em></strong></span> 
     </span>
    </p>

    <p class='ocr_par' dir='ltr' id='par_1_15' title="bbox 527 4130 1061 4204">
     <span class='ocr_line' id='line_1_31' title="bbox 527 4130 1061 4204; baseline 0.002 -2"><span class='ocrx_word' id='word_1_237' title='bbox 527 4130 706 4202; x_wconf 82' lang='lat' dir='ltr'><strong><em>Diaconos</em></strong></span> <span class='ocrx_word' id='word_1_238' title='bbox 732 4133 817 4203; x_wconf 88' lang='lat' dir='ltr'><strong><em>dicit</em></strong></span> <span class='ocrx_word' id='word_1_239' title='bbox 843 4133 1061 4204; x_wconf 81' lang='lat' dir='ltr'><strong><em>Catiotieam</em></strong></span> 
     </span>
    </p>

    <p class='ocr_par' dir='ltr' id='par_1_16' title="bbox 419 4245 1791 4458">
     <span class='ocr_line' id='line_1_32' title="bbox 527 4245 1791 4345; baseline -0.001 -25"><span class='ocrx_word' id='word_1_240' title='bbox 527 4247 701 4320; x_wconf 81' lang='lat' dir='ltr'><strong><em>Sacerdos</em></strong></span> <span class='ocrx_word' id='word_1_241' title='bbox 723 4251 857 4344; x_wconf 78' lang='lat' dir='ltr'><strong><em>sranqit</em></strong></span> <span class='ocrx_word' id='word_1_242' title='bbox 883 4255 918 4320; x_wconf 89' lang='lat' dir='ltr'><strong><em>et</em></strong></span> <span class='ocrx_word' id='word_1_243' title='bbox 942 4252 1068 4345; x_wconf 81' lang='lat' dir='ltr'><strong><em>sipont,</em></strong></span> <span class='ocrx_word' id='word_1_244' title='bbox 1105 4248 1255 4342; x_wconf 84' lang='lat' dir='ltr'><strong><em>dicitque</em></strong></span> <span class='ocrx_word' id='word_1_245' title='bbox 1279 4247 1369 4318; x_wconf 82' lang='lat' dir='ltr'><strong><em>ioue</em></strong></span> <span class='ocrx_word' id='word_1_246' title='bbox 1397 4245 1594 4318; x_wconf 74' lang='lat' dir='ltr'><strong><em>mononem</em></strong></span> <span class='ocrx_word' id='word_1_247' title='bbox 1611 4247 1687 4320; x_wconf 89' lang='lat' dir='ltr'><strong><em>dum</em></strong></span> <span class='ocrx_word' id='word_1_248' title='bbox 1705 4269 1791 4320; x_wconf 88' lang='lat' dir='ltr'><strong><em>eor-</em></strong></span> 
     </span>
     <span class='ocr_line' id='line_1_33' title="bbox 419 4370 942 4458; baseline 0.002 -24"><span class='ocrx_word' id='word_1_249' title='bbox 419 4387 486 4457; x_wconf 85' lang='lat' dir='ltr'><strong><em>pus</em></strong></span> <span class='ocrx_word' id='word_1_250' title='bbox 512 4370 564 4436; x_wconf 86' lang='lat' dir='ltr'><strong><em>est</em></strong></span> <span class='ocrx_word' id='word_1_251' title='bbox 589 4387 692 4457; x_wconf 85' lang='lat' dir='ltr'><strong><em>super</em></strong></span> <span class='ocrx_word' id='word_1_252' title='bbox 717 4387 835 4436; x_wconf 80' lang='lat' dir='ltr'><strong><em>mamm</em></strong></span> <span class='ocrx_word' id='word_1_253' title='bbox 861 4370 942 4458; x_wconf 81' lang='lat' dir='ltr'><strong><em>ejus.</em></strong></span> 
     </span>
    </p>

    <p class='ocr_par' dir='ltr' id='par_1_17' title="bbox 425 4475 1794 4924">
     <span class='ocr_line' id='line_1_34' title="bbox 528 4475 1794 4576; baseline 0.002 -24"><span class='ocrx_word' id='word_1_254' title='bbox 528 4479 579 4552; x_wconf 87' lang='lat' dir='ltr'><strong><em>&#39;lu</em></strong></span> <span class='ocrx_word' id='word_1_255' title='bbox 608 4501 645 4552; x_wconf 87' lang='lat' dir='ltr'><strong><em>es</em></strong></span> <span class='ocrx_word' id='word_1_256' title='bbox 672 4477 823 4554; x_wconf 88' lang='lat' dir='ltr'><strong><em>Christus</em></strong></span> <span class='ocrx_word' id='word_1_257' title='bbox 848 4480 940 4554; x_wconf 89' lang='lat' dir='ltr'><strong><em>Deus</em></strong></span> <span class='ocrx_word' id='word_1_258' title='bbox 967 4488 1098 4554; x_wconf 88' lang='lat' dir='ltr'><strong><em>noster:</em></strong></span> <span class='ocrx_word' id='word_1_259' title='bbox 1126 4482 1241 4576; x_wconf 90' lang='lat' dir='ltr'><strong><em>quiin</em></strong></span> <span class='ocrx_word' id='word_1_260' title='bbox 1274 4480 1403 4553; x_wconf 88' lang='lat' dir='ltr'><strong><em>vertice</em></strong></span> <span class='ocrx_word' id='word_1_261' title='bbox 1431 4475 1596 4571; x_wconf 85' lang='lat' dir='ltr'><strong><em>Golgotha</em></strong></span> <span class='ocrx_word' id='word_1_262' title='bbox 1628 4481 1662 4551; x_wconf 90' lang='lat' dir='ltr'><strong><em>in</em></strong></span> <span class='ocrx_word' id='word_1_263' title='bbox 1687 4481 1794 4554; x_wconf 87' lang='lat' dir='ltr'><strong><em>Jeru-</em></strong></span> 
     </span>
     <span class='ocr_line' id='line_1_35' title="bbox 425 4595 1792 4694; baseline -0.002 -24"><span class='ocrx_word' id='word_1_264' title='bbox 425 4596 530 4670; x_wconf 89' lang='lat' dir='ltr'><strong><em>salem</em></strong></span> <span class='ocrx_word' id='word_1_265' title='bbox 556 4595 734 4670; x_wconf 86' lang='lat' dir='ltr'><strong><em>transfixus</em></strong></span> <span class='ocrx_word' id='word_1_266' title='bbox 762 4619 800 4668; x_wconf 89' lang='lat' dir='ltr'><strong><em>es</em></strong></span> <span class='ocrx_word' id='word_1_267' title='bbox 827 4600 861 4670; x_wconf 92' lang='lat' dir='ltr'><strong><em>in</em></strong></span> <span class='ocrx_word' id='word_1_268' title='bbox 885 4599 991 4672; x_wconf 85' lang='lat' dir='ltr'><strong><em>latere</em></strong></span> <span class='ocrx_word' id='word_1_269' title='bbox 1018 4607 1090 4686; x_wconf 85' lang='lat' dir='ltr'><strong><em>tuo,</em></strong></span> <span class='ocrx_word' id='word_1_270' title='bbox 1117 4606 1255 4694; x_wconf 90' lang='lat' dir='ltr'><strong><em>propter</em></strong></span> <span class='ocrx_word' id='word_1_271' title='bbox 1279 4617 1352 4670; x_wconf 91' lang='lat' dir='ltr'><strong><em>nos.</em></strong></span> <span class='ocrx_word' id='word_1_272' title='bbox 1405 4595 1457 4666; x_wconf 87' lang='lat' dir='ltr'><strong><em>Tu</em></strong></span> <span class='ocrx_word' id='word_1_273' title='bbox 1492 4617 1529 4667; x_wconf 89' lang='lat' dir='ltr'><strong><em>cs</em></strong></span> <span class='ocrx_word' id='word_1_274' title='bbox 1562 4596 1682 4688; x_wconf 80' lang='lat' dir='ltr'><strong><em>Agnus</em></strong></span> <span class='ocrx_word' id='word_1_275' title='bbox 1715 4598 1792 4687; x_wconf 88' lang='lat' dir='ltr'><strong><em>Dei,</em></strong></span> 
     </span>
     <span class='ocr_line' id='line_1_36' title="bbox 425 4711 1794 4810; baseline 0 -26"><span class='ocrx_word' id='word_1_276' title='bbox 425 4717 481 4807; x_wconf 88' lang='lat' dir='ltr'><strong><em>qui</em></strong></span> <span class='ocrx_word' id='word_1_277' title='bbox 507 4711 595 4785; x_wconf 87' lang='lat' dir='ltr'><strong><em>tollis</em></strong></span> <span class='ocrx_word' id='word_1_278' title='bbox 622 4723 794 4810; x_wconf 89' lang='lat' dir='ltr'><strong><em>peccatum</em></strong></span> <span class='ocrx_word' id='word_1_279' title='bbox 820 4713 946 4787; x_wconf 90' lang='lat' dir='ltr'><strong><em>mundi:</em></strong></span> <span class='ocrx_word' id='word_1_280' title='bbox 974 4725 1008 4786; x_wconf 89' lang='lat' dir='ltr'><strong><em>tu</em></strong></span> <span class='ocrx_word' id='word_1_281' title='bbox 1034 4736 1139 4810; x_wconf 89' lang='lat' dir='ltr'><strong><em>parce</em></strong></span> <span class='ocrx_word' id='word_1_282' title='bbox 1165 4715 1292 4787; x_wconf 88' lang='lat' dir='ltr'><strong><em>delictis</em></strong></span> <span class='ocrx_word' id='word_1_283' title='bbox 1316 4713 1460 4800; x_wconf 88' lang='lat' dir='ltr'><strong><em>nostris,</em></strong></span> <span class='ocrx_word' id='word_1_284' title='bbox 1495 4721 1528 4784; x_wconf 86' lang='lat' dir='ltr'><strong><em>et</em></strong></span> <span class='ocrx_word' id='word_1_285' title='bbox 1554 4711 1678 4785; x_wconf 85' lang='lat' dir='ltr'><strong><em>dimitte</em></strong></span> <span class='ocrx_word' id='word_1_286' title='bbox 1703 4735 1794 4808; x_wconf 87' lang='lat' dir='ltr'><strong><em>pec-</em></strong></span> 
     </span>
     <span class='ocr_line' id='line_1_37' title="bbox 425 4831 1403 4924; baseline 0.001 -25"><span class='ocrx_word' id='word_1_287' title='bbox 425 4837 500 4900; x_wconf 87' lang='lat' dir='ltr'><strong><em>cata</em></strong></span> <span class='ocrx_word' id='word_1_288' title='bbox 525 4837 666 4919; x_wconf 68' lang='lat' dir='ltr'><strong><em>nostra,</em></strong></span> <span class='ocrx_word' id='word_1_289' title='bbox 692 4851 821 4924; x_wconf 88' lang='lat' dir='ltr'><strong><em>nosque</em></strong></span> <span class='ocrx_word' id='word_1_290' title='bbox 848 4833 1011 4903; x_wconf 87' lang='lat' dir='ltr'><strong><em>constitue</em></strong></span> <span class='ocrx_word' id='word_1_291' title='bbox 1038 4831 1082 4903; x_wconf 87' lang='lat' dir='ltr'><strong><em>ad</em></strong></span> <span class='ocrx_word' id='word_1_292' title='bbox 1107 4831 1279 4904; x_wconf 88' lang='lat' dir='ltr'><strong><em>dexteram</em></strong></span> <span class='ocrx_word' id='word_1_293' title='bbox 1306 4839 1403 4902; x_wconf 87' lang='lat' dir='ltr'><strong><em>tuam.</em></strong></span> 
     </span>
    </p>

    <p class='ocr_par' dir='ltr' id='par_1_18' title="bbox 424 4944 1793 5137">
     <span class='ocr_line' id='line_1_38' title="bbox 532 4944 1793 5044; baseline -0.002 -28"><span class='ocrx_word' id='word_1_294' title='bbox 532 4945 624 5016; x_wconf 87' lang='lat' dir='ltr'><strong><em>Tunc</em></strong></span> <span class='ocrx_word' id='word_1_295' title='bbox 645 4949 779 5039; x_wconf 80' lang='lat' dir='ltr'><strong><em>frouqit</em></strong></span> <span class='ocrx_word' id='word_1_296' title='bbox 805 4956 840 5020; x_wconf 88' lang='lat' dir='ltr'><strong><em>et</em></strong></span> <span class='ocrx_word' id='word_1_297' title='bbox 864 4951 992 5044; x_wconf 70' lang='lat' dir='ltr'><strong><em>aquai,</em></strong></span> <span class='ocrx_word' id='word_1_298' title='bbox 1020 4947 1169 5043; x_wconf 88' lang='lat' dir='ltr'><strong><em>dicitque</em></strong></span> <span class='ocrx_word' id='word_1_299' title='bbox 1194 4947 1283 5020; x_wconf 82' lang='lat' dir='ltr'><strong><em>ione</em></strong></span> <span class='ocrx_word' id='word_1_300' title='bbox 1311 4946 1509 5017; x_wconf 62' lang='lat' dir='ltr'><strong><em>&amp;ationem</em></strong></span> <span class='ocrx_word' id='word_1_301' title='bbox 1534 4947 1733 5018; x_wconf 68' lang='lat' dir='ltr'><strong><em>tinctionis</em></strong></span> <span class='ocrx_word' id='word_1_302' title='bbox 1747 4944 1793 5014; x_wconf 92' lang='lat' dir='ltr'><strong><em>D.</em></strong></span> 
     </span>
     <span class='ocr_line' id='line_1_39' title="bbox 424 5061 764 5137; baseline 0 -1"><span class='ocrx_word' id='word_1_303' title='bbox 424 5061 550 5136; x_wconf 77' lang='lat' dir='ltr'><strong><em>iacobi</em></strong></span> <span class='ocrx_word' id='word_1_304' title='bbox 574 5061 764 5137; x_wconf 83' lang='lat' dir='ltr'><strong><em>Barsoiibi.</em></strong></span> 
     </span>
    </p>
   </div>
   <div class='ocr_carea' id='block_1_4' title="bbox 1536 5177 1587 5254">
    <p class='ocr_par' dir='ltr' id='par_1_19' title="bbox 1536 5177 1587 5254">
     <span class='ocr_line' id='line_1_40' title="bbox 1536 5177 1587 5254; baseline 0 -40"><span class='ocrx_word' id='word_1_305' title='bbox 1536 5177 1587 5254; x_wconf 67' lang='grc'><strong><em>6,</em></strong></span> 
     </span>
    </p>
   </div>
   <div class='ocr_carea' id='block_1_5' title="bbox 0 0 2407 6020">
    <p class='ocr_par' dir='ltr' id='par_1_20' title="bbox 0 0 2407 6020">
     <span class='ocr_line' id='line_1_41' title="bbox 0 0 2407 6020; baseline 0 0"><span class='ocrx_word' id='word_1_306' title='bbox 0 0 2407 6020; x_wconf 95' lang='lat' dir='ltr'><strong><em> </em></strong></span> 
     </span>
    </p>
   </div>
  </div>
 </body>
</html>
