4804 6026
559 698 608 774 OE
623 695 795 774 SlthOlS
817 697 1089 777 ldEldllIThllUll
1112 698 1160 776 ET
1185 697 1454 778 JAOOBITARUM
1477 699 1673 779 LlTllllGlIS.
1733 699 1818 773 XXI

440 884 618 958 Ecclesiae
644 886 795 955 retinent.
822 882 919 955 Unde
946 888 1060 957 mirari
1087 883 1175 958 subit
1200 894 1250 958 tot
1276 885 1424 958 eruditos
1451 885 1700 974 Protestantes,
1727 889 1817 959 inani

440 987 499 1060 illo
527 995 745 1078 argumento,
779 987 868 1082 quod
895 985 995 1084 Syri,
1027 989 1209 1084 Aegyptii,
1241 988 1397 1079 Armem,
1431 987 1640 1084 Aethiopes,
1672 989 1816 1080 Moschi,

442 1091 583 1177 Graeci,
620 1111 681 1162 sua
717 1093 857 1184 quisque
888 1089 1003 1182 lingua
1036 1112 1135 1164 sacra
1170 1089 1357 1179 celebrent,
1393 1112 1590 1186 oppugnare
1623 1090 1818 1164 hodiernam

440 1192 616 1266 Ecclesiae
651 1189 845 1264 Catholicae
881 1192 1101 1288 disciplinam,
1142 1215 1216 1264 eum
1250 1215 1366 1266 omnes
1397 1193 1471 1266 illas
1504 1192 1636 1286 linguas
1671 1195 1763 1290 plebi
1796 1219 1817 1266 a

439 1295 549 1368 multis
577 1293 719 1368 socordis
746 1297 879 1386 ignotas
907 1317 985 1368 esse
1013 1295 1222 1390 exploratam
1249 1301 1301 1368 sit.
1354 1293 1392 1366 Si
1420 1299 1493 1390 quis
1521 1318 1566 1368 ex
1596 1300 1720 1370 nostris
1747 1295 1816 1369 ho-

439 1396 582 1470 minihus
623 1397 861 1492 responderet,
901 1397 1055 1470 Latinam
1090 1420 1223 1492 proque
1255 1397 1445 1469 Ecclesiam
1476 1397 1597 1470 Latine
1630 1399 1816 1488 celebrare,

439 1501 529 1573 illum
557 1498 791 1588 exsibilarent3
818 1509 852 1571 et
878 1510 988 1572 tamen
1016 1499 1133 1571 eadem
1160 1509 1213 1572 εει
1244 1503 1377 1572 omnino
1412 1499 1552 1572 Latinae
1585 1512 1620 1572 et
1655 1502 1816 1593 Orienta-

439 1602 517 1675 lium
542 1601 768 1674 Ecclcsiarum
794 1607 891 1675 ratio.
943 1603 1064 1675 Latina
1081 1606 1169 1674 enim
1189 1602 1301 1696 lingua
1319 1611 1390 1674 toto
1407 1623 1514 1698 prope
1534 1603 1715 1676 Occidente
1729 1626 1817 1677 ver-

441 1704 559 1776 nacula
587 1713 677 1794 erat,
703 1728 776 1777 eum
805 1702 923 1777 Canon
950 1729 1048 1799 quem
1081 1709 1229 1799 sequitur
1263 1708 1405 1800 scriptus
1441 1715 1509 1777 est:
1543 1716 1579 1777 ιιι
1605 1707 1694 1802 Syra
1730 1707 1818 1802 apud
1955 1783 1960 1792 ,

443 1808 568 1903 Syros:
595 1816 696 1903 utque
722 1810 777 1878 isti
803 1830 877 1880 cum
903 1808 1017 1900 lingua
1043 1807 1194 1900 vulgaris
1221 1827 1299 1880 εεεε
1326 1806 1443 1895 desiit,
1474 1807 1563 1880 illam
1592 1819 1703 1880 mmen
1728 1813 1818 1881 reti-
1855 1893 1865 1910 ι
1932 1861 1936 1868 -

441 1920 603 2000 nuerunt,
628 1931 739 2004 neque
773 1932 917 2005 unquam
943 1909 1108 1998 Arabiae,
1135 1909 1236 1982 multo
1263 1913 1371 1982 minus
1397 1910 1550 1998 Persice,
1585 1922 1642 1982 aut
1673 1912 1816 1984 Turcice

442 2013 592 2103 Licurgia
619 2012 789 2101 celebrata
816 2024 883 2101 εει,
910 2018 954 2086 ita
981 2025 1016 2086 ει
1042 2012 1127 2108 apud
1153 2011 1293 2085 Latmos
1319 2011 1453 2084 laetum.

545 2115 687 2188 XXXV.
738 2115 839 2188 Adeo
865 2137 950 2189 vero
977 2115 1063 2188 haec
1090 2115 1262 2210 disciplina
1289 2112 1330 2186 ah
1346 2118 1435 2185 omni
1447 2117 1605 2188 novitatis
1625 2120 1815 2211 suspicione
1863 2137 1913 2190 rar
1931 2147 1970 2191 aa
1983 2138 2142 2194 aulaeorum

442 2230 571 2291 remota
598 2228 664 2305 εει,
691 2227 728 2289 ιιι
752 2238 820 2290 non
836 2218 937 2291 modo
952 2222 1051 2292 totius
1071 2217 1215 2290 Orientis
1231 2215 1409 2290 Christiani
1425 2239 1593 2290 consensu
1610 2229 1643 2290 et
1656 2220 1813 2314 exemplo
1846 2231 1872 2274 ει
1898 2224 2142 2280 mahumedanorum

443 2321 669 2408 confirmetur,
697 2320 758 2406 sed
784 2321 961 2393 infidelium
987 2325 1137 2417 ipsorum
1164 2319 1418 2407 consuetudine,
1451 2343 1580 2416 usuque
1613 2320 1814 2415 quotidiano.
1846 2312 2012 2364 ⁰⁰l³¹¹⁰l¹l⁰·

443 2423 560 2495 ludaei
587 2426 616 2496 si
643 2422 775 2517 quidem
801 2423 990 2496 Hebraicae
1022 2424 1158 2515 linguae
1189 2431 1314 2493 tantum
1350 2425 1474 2511 sciunt,
1509 2435 1663 2518 quantum
1698 2447 1815 2498 sacros

442 2525 546 2599 libros
579 2524 724 2618 legendo
761 2525 960 2598 didicerunt:
994 2525 1117 2621 ubique
1150 2536 1261 2597 tamen
1294 2547 1362 2597 non
1395 2523 1491 2598 aliter
1518 2549 1616 2620 quam
1648 2525 1816 2598 Hebraice

443 2651 562 2725 preces
591 2627 747 2701 solennes
775 2633 915 2702 suasio
942 2632 1130 2726 synagogis
1155 2631 1317 2716 recitant,
1343 2631 1410 2699 imo
1437 2632 1471 2699 in
1504 2632 1646 2725 privatis
1682 2628 1816 2702 Officiis.

442 2731 627 2804 Versiones
654 2734 774 2826 quippe
800 2731 1003 2827 Hispanicae
1031 2751 1113 2826 quas
1145 2735 1234 2825 tppis
1273 2730 1463 2820 ediderunt,
1500 2730 1542 2803 ad
1576 2732 1748 2802 mulierum
1785 2741 1819 2802 et

439 2835 618 2907 idiotamm
644 2835 842 2928 imperitiam
868 2831 1126 2923 sublevandam,
1153 2855 1249 2906 usum
1274 2837 1308 2905 in
1334 2832 1475 2928 puhlicis
1492 2832 1714 2912 conventibus
1736 2833 1818 2904 nul-

443 2937 509 3009 lum
531 2935 665 3026 habent,
691 2959 756 3009 nec
783 2936 907 3009 inillis
934 2959 1021 3032 qnae
1048 2937 1136 3009 domi
1162 2936 1250 3022 irunt,
1279 2939 1507 3010 caeremoniis
1560 2937 1610 3008 Ita
1636 2935 1817 3008 Muhame-
1936 2981 1942 3001 ι

444 3041 519 3112 dani
545 3049 680 3136 praeter
714 3062 775 3114 eos
811 3038 898 3135 apud
932 3062 1016 3134 quos
1051 3037 1200 3112 Arabica
1234 3038 1346 3132 lingua
1382 3038 1533 3130 vulgaris
1567 3046 1636 3127 est,
1668 3036 1818 3111 Arabico

439 3146 614 3230 »nesciunt3
640 3152 677 3213 ιιι
704 3141 854 3233 Turcae,
880 3141 1039 3232 Persae,
1055 3142 1206 3232 Tartari,
1233 3153 1268 3212 et
1295 3141 1359 3213 alii.
1415 3140 1539 3214 Omnes
1569 3151 1678 3212 tamen
1703 3140 1817 3214 Alco-

443 3267 558 3316 ranum
584 3244 732 3318 Arabiae
758 3245 892 3338 legunt,
920 3257 953 3318 et
978 3266 1100 3340 preces
1128 3257 1205 3318 suas
1232 3244 1384 3339 publicas
1420 3253 1454 3314 ει
1479 3247 1629 3339 privatas
1665 3248 1817 3334 recitant,

446 3347 505 3419 sed
532 3346 573 3420 de
602 3369 644 3418 ea
671 3346 845 3443 disciplina
872 3346 1016 3419 diximus
1044 3345 1130 3416 alibi.

545 3449 703 3522 XXXVI.
758 3450 881 3522 Omnes
909 3449 1077 3541 Liturgias
1105 3468 1188 3542 quas
1215 3446 1352 3520 Missale
1381 3445 1595 3519 Chaldaicum
1608 3469 1818 3542 repraesen-
1853 3475 1929 3544 rap.
1942 3473 1966 3524 r.
1980 3475 2006 3526 a.
2016 3474 2031 3526 ι.
2042 3476 2069 3528 a.
2083 3491 2105 3526 ο.
2115 3475 2142 3527 s.

444 3560 508 3639 tat,
534 3550 621 3624 haee
648 3550 811 3624 Collectio
840 3551 1090 3646 complectitur,
1116 3559 1251 3645 praeter
1277 3571 1375 3621 unam
1404 3572 1490 3644 quae
1516 3551 1637 3621 Joanni
1663 3550 1818 3622 Patriar-
1870 3611 1910 3663 De
1928 3610 2000 3662 Lim
2019 3613 2043 3663 a
2060 3610 2143 3663 roan-

445 3654 527 3724 chae
554 3665 778 3746 cognomento
806 3654 1073 3740 Boracouchaa,
1101 3660 1176 3740 aut,
1203 3663 1240 3724 ιιι
1265 3652 1320 3724 alii
1346 3652 1505 3742 scribunt,
1532 3652 1725 3741 Burman,
1754 3629 2028 3750 lli‘u11suarsund.

442 3755 561 3828 buitur.
614 3755 706 3828 lllam
734 3761 886 3830 omittere
921 3761 1031 3829 visum
1058 3754 1137 3844 luit,
1165 3755 1254 3849 quod
1279 3757 1313 3826 in
1341 3755 1449 3826 multis
1475 3757 1684 3850 optimaeque
1716 3764 1818 3827 notae

447 3856 625 3930 Codicihus
651 3882 720 3932 non
746 3865 927 3957 reperitur:
956 3883 1002 3932 ex
1028 3859 1173 3930 editione
1199 3880 1285 3930 vero
1312 3857 1483 3947 Romana,
1510 3860 1543 3929 in
1570 3880 1634 3951 qua
1661 3862 1818 3953 interpo-

443 3961 511 4034 lata
547 3973 619 4052 est,
660 3965 733 4054 ejus
764 3959 958 4036 versionem
991 3961 1091 4051 dare,
1123 3960 1237 4032 inutile
1268 3981 1408 4056 prorsus
1442 3967 1523 4032 erat.
1577 3959 1667 4034 Illius
1707 3969 1818 4032 tamen

447 4067 540 4158 quasi
566 4067 651 4135 inter
685 4065 858 4138 Jacobitas
897 4075 999 4136 notae
1041 4067 1260 4136 meminerunt
1295 4061 1434 4134 Oahriel
1466 4063 1614 4150 Sionita,
1647 4062 1818 4136 Abraham
1882 4073 1930 4142 Ep·
1955 4073 1991 4123 aa
2015 4071 2145 4123 Nilum

445 4166 673 4256 Echellensis,
701 4175 734 4237 et
760 4167 904 4239 Faustus
930 4167 1106 4238 Naironus.
1160 4165 1287 4238 Verum
1313 4189 1381 4238 non
1407 4168 1488 4236 tanti
1515 4175 1589 4236 sunt
1604 4164 1669 4237 hoc
1688 4170 1721 4235 in
1748 4187 1817 4256 ge·
1830 4140 1958 4280 ἕζζγῇζ,
1971 4141 2057 4261 ἔξω
2081 4141 2144 4192 '⁶⁶‘

1866 3833 1896 3884 P.
1912 3833 1972 3884 tsi.
1992 3843 2022 3885 et.
2041 3851 2060 3884 ε.
2194 3888 2201 3896 ‚

330 4277 333 4285 '
445 4291 527 4340 nere
562 4268 691 4339 illorum
726 4273 934 4358 testimonia,
970 4279 1006 4340 ιιι
1032 4291 1106 4339 eum
1134 4268 1199 4340 alia
1230 4268 1400 4357 deliciunt,
1435 4266 1587 4340 standum
1621 4267 1685 4340 illis
1719 4271 1817 4360 quis-

398 4364 402 4374 ’
446 4396 543 4465 quam
571 4374 749 4444 existimet.
803 4369 991 4444 Jacobitam
1015 4369 1105 4441 illum
1132 4369 1236 4442 luisse
1251 4369 1419 4442 Naironus
1435 4367 1557 4464 probat
1579 4393 1625 4442 ex
1641 4367 1820 4444 Cateehesi

446 4474 587 4568 quadam
615 4473 863 4563 Jacobitarum,
890 4497 988 4569 quem
1013 4471 1134 4545 librum
1165 4472 1255 4544 nulla
1286 4479 1421 4566 praeter
1455 4494 1552 4565 quam
1579 4473 1820 4543 Maronitarum

444 4575 651 4648 Bibliotheca
677 4585 928 4672 repraesentat,
963 4587 998 4646 et
1022 4577 1116 4665 eujus
1149 4574 1233 4648 fides
1268 4573 1369 4647 valde
1401 4582 1559 4668 suspecta
1593 4583 1655 4646 est
1706 4575 1745 4646 ln
1778 4595 1820 4644 ea

445 4678 567 4770 legitur
592 4679 757 4750 Joanncm
783 4678 871 4750 illum
904 4679 1009 4752 luisse
1041 4675 1287 4750 Antiochenam
1319 4697 1402 4750 suae
1435 4685 1550 4748 sectae
1585 4674 1820 4764 Patriarcham,

358 4772 362 4790 '
446 4784 540 4871 eujus
569 4790 739 4876 tempora,
771 4781 952 4854 eoncordia
985 4802 1072 4875 quae
1104 4781 1168 4852 huo
1203 4801 1310 4874 usque
1336 4783 1423 4850 inter
1457 4777 1566 4871 Syros
1601 4789 1634 4848 et
1669 4777 1821 4873 Coptitas

445 4906 568 4975 magna
595 4883 722 4972 iuerat,
749 4885 881 4957 turbata
907 4895 977 4973 est,
1004 4905 1047 4954 ec
1075 4882 1163 4978 qrrcd
1195 4884 1273 4978 pani
1299 4878 1528 4954 Eucharistiae
1564 4881 1617 4953 sal
1647 4891 1681 4952 ει
1712 4881 1822 4952 oleum
1921 4893 1923 4898 ’

446 4987 596 5060 loannes
623 4988 757 5060 misceri
783 4989 978 5076 instituerit,
1006 5007 1148 5081 eamque
1181 4982 1454 5056 consuetudinem
1489 4984 1613 5078 scripto
1650 4982 1821 5077 apologe-

447 5090 514 5160 tico
543 5087 689 5161 stabilire
716 5098 856 5162 conatus
883 5087 990 5160 fuerit.
1043 5087 1159 5159 Verba
1186 5089 1312 5159 autoris
1335 5108 1381 5157 ex
1396 5087 1555 5156 versione
1573 5084 1713 5156 Naironi
1738 5083 1822 5155 haec

449 5200 534 5266 sunt.
587 5191 635 5263 Et
657 5197 759 5286 saeta
786 5199 838 5265 eat
864 5195 991 5264 macria
1018 5193 1172 5263 accessio
1199 5193 1290 5261 inter
1318 5189 1474 5281 Coptitae
1500 5193 1535 5257 et
1559 5187 1678 5279 Syros,
1704 5207 1824 5279 nempe
