4804 6026
772 559 1187 642 ll'lUllGldll.
1590 566 1639 642 23

378 746 493 822 Gratia
529 757 640 821 autem
678 747 847 822 'llinitatis
881 757 1039 842 sanctae,
1077 749 1278 838 laudandae,
1316 751 1486 826 increatae
1524 750 1642 828 amst-

204 953 208 964 .
272 869 391 942 steuds
417 868 452 938 in
478 869 625 940 essentia
658 887 738 960 sure,
771 875 951 956 aeternae,
986 866 1177 940 adorandae
1209 876 1243 940 et
1276 867 1566 944 consubstantialis
1599 872 1643 944 sit

271 1005 347 1056 eum
375 981 527 1056 omuibus
552 981 654 1056 vobis
679 984 714 1054 in
740 982 884 1056 sacerdo.

374 1099 561 1172 Diaconos.
590 1093 674 1170 Dum
702 1101 819 1172 timore
845 1099 919 1172 Dea
947 1097 1162 1170 attendamus.

373 1214 535 1308 Populus.
562 1212 656 1286 Unus
683 1214 784 1286 Pater
810 1221 960 1303 sanctus,
988 1223 1051 1286 etc.

374 1330 549 1402 Sacerdos
576 1331 687 1402 eleuat
711 1333 888 1424 orpsteria,
915 1337 951 1404 et
975 1331 1070 1402 dicit.
1121 1327 1229 1403 Parce
1254 1329 1397 1404 Domine
1423 1341 1458 1404 et
1478 1335 1642 1407 miserere

271 1439 389 1520 nobis‘
430 1446 557 1520 Sancta
583 1448 717 1520 sanctis.

373 1561 466 1636 Unus
491 1561 593 1636 Pater
619 1571 753 1636 sancus
779 1561 967 1638 nobiscum:
995 1565 1050 1659 qui
1075 1563 1221 1638 salvavit
1238 1563 1393 1638 mundum
1411 1563 1640 1660 perclemen-

271 1681 350 1751 tiam
378 1699 480 1750 suum.
558 1678 719 1771 Papulas.
745 1679 864 1751 Amen.

146 1799 150 1808 '
375 1793 563 1868 Sacerdos.
588 1794 682 1868 Unus
708 1793 812 1866 Filius
839 1803 973 1868 sauctus
999 1792 1188 1884 nobiseum,
1217 1799 1272 1892 qui
1298 1795 1444 1872 salvavit
1475 1820 1552 1872 eum
1576 1820 1639 1894 per

271 1914 449 2009 passiones
473 1914 640 2007 pretiosas
665 1931 833 2006 personae
859 1930 951 1982 suae.
1029 1910 1191 2004 Populus.
1217 1912 1337 1986 Amen.
1475 1938 1489 1958 r

376 2039 559 2112 Sacerdos.
594 2038 689 2112 Unus
721 2039 863 2136 Spiritus
896 2049 1030 2112 sanctus
1064 2040 1253 2131 nobiscum,
1295 2043 1350 2137 qui
1382 2052 1435 2114 est
1470 2041 1640 2138 perfector

272 2167 306 2230 et
330 2166 578 2230 consummator
604 2157 748 2229 omnium
775 2176 860 2250 quae
887 2166 963 2228 sunt
988 2166 1044 2230 aut
1075 2155 1215 2229 luenmt
1267 2156 1319 2229 Sit
1350 2179 1472 2232 nomen
1501 2160 1637 2233 Domini

271 2272 495 2361 benedicum,
524 2295 570 2344 ex
597 2270 662 2344 hoc
688 2293 776 2343 nunc
802 2275 837 2341 et
860 2291 967 2365 usque
993 2275 1026 2344 in
1053 2270 1230 2346 saeculum.

375 2389 536 2484 Populus.
563 2389 683 2460 Amen.

375 2506 563 2578 Diaconos.
589 2504 628 2576 lo
654 2501 844 2594 sacrificiis,
870 2511 934 2576 etc.

374 2635 549 2710 Sacerdos
583 2638 698 2730 operit
729 2638 891 2728 mysteria
925 2634 1010 2709 celis
1043 2639 1131 2709 suis:
1161 2639 1356 2732 accipitque
1392 2639 1571 2728 cochlear,
1605 2647 1641 2712 et

270 2757 415 2848 imponit
428 2753 522 2825 ¹r’llrrd
543 2753 663 2846 culici,
690 2757 725 2823 et
738 2751 945 2845 posticariam
961 2753 1374 2846 superdiscumcaltocat,
1400 2755 1640 2851 descenditque

271 2871 314 2944 at
342 2870 464 2958 altari,
492 2876 527 2942 et
548 2871 784 2964 prostratione
806 2871 906 2961 facta
932 2889 1049 2940 corum
1073 2892 1190 2942 measa
1213 2873 1323 2958 citae,
1351 2872 1437 2941 dicit
1457 2871 1522 2944 tas
1547 2892 1637 2942 aru-

270 2991 381 3058 tiones
405 2992 556 3074 secreto,
584 3008 657 3056 cura
684 2983 789 3055 corde
814 2987 960 3079 affecta,
988 2985 1211 3081 lacrymisque
1237 2993 1272 3058 et
1296 2989 1461 3081 suspiriis.

379 3119 519 3190 Praesta
545 3115 621 3189 mihi
646 3117 810 3205 Domine,
837 3127 873 3189 ut
899 3119 1071 3190 comedam
1098 3128 1131 3191 te
1157 3129 1290 3210 sancte,
1317 3130 1351 3191 et
1376 3142 1437 3215 per
1453 3124 1638 3193 comestio-

271 3259 348 3309 nem
374 3233 464 3307 illam
501 3235 546 3305 tui
577 3232 740 3329 pellantur
768 3237 877 3338 ampla
903 3256 1010 3329 prava
1036 3257 1112 3306 mea
1140 3234 1320 3309 desideria:
1347 3247 1380 3307 et
1393 3258 1454 3331 per
1468 3239 1639 3332 potionem

242 3363 246 3380 '
272 3351 386 3426 calicis
413 3353 458 3423 tui
484 3351 555 3422 vivi
587 3352 820 3442 extinguantur
844 3352 1019 3446 passiones
1040 3353 1150 3423 earnis
1173 3373 1284 3423 meae:
1311 3351 1495 3446 dignusque
1518 3353 1640 3426 efficiar

273 3469 510 3566 propitiatione
550 3464 760 3554 delictorum,
801 3476 834 3538 et
871 3468 1069 3538 remissione
1103 3476 1335 3563 peccatorum,
1367 3466 1511 3539 Domine
1545 3468 1638 3542 Deus

271 3595 406 3674 noster,
432 3587 466 3655 in
492 3582 627 3656 saecula
654 3579 873 3657 saeculorum.

376 3717 471 3789 Alia.
506 3719 646 3790 Praesta
686 3713 802 3806 nobiS,
837 3717 979 3789 Domine
1010 3716 1121 3808 Deus,
1152 3725 1188 3787 ut
1221 3715 1462 3790 sensificentur
1494 3738 1638 3814 corpora

271 3846 387 3909 nostra
423 3855 567 3930 corpore
592 3843 650 3906 tuo
677 3843 812 3922 sancto,
849 3844 883 3905 et
908 3833 1127 3905 illuminentur
1153 3836 1282 3905 animae
1307 3843 1444 3906 nostrae
1476 3835 1638 3926 sanguine

145 4019 155 4042 ,
272 3962 328 4025 tuo
357 3953 605 4048 propitiatorio:
631 3953 675 4022 sit
700 3948 742 4021 ad
770 3953 1035 4047 propitiationem
1062 3949 1255 4022 delictorum
1289 3959 1494 4042 nostromm,
1530 3959 1565 4023 et
1595 3949 1638 4022 ad

272 4070 503 4140 remissionem
529 4077 744 4162 peccatorum
770 4076 973 4154 nostrorum,
1000 4066 1143 4139 Domine
1170 4067 1261 4139 Deus
1287 4077 1403 4139 noster
1428 4069 1462 4138 in
1494 4066 1637 4140 saecula.

377 4199 470 4271 Alia.
497 4199 638 4272 Praesta
662 4194 760 4272 nobis
786 4198 929 4271 Domine
955 4198 1064 4288 Deus,
1091 4209 1127 4271 ut
1152 4199 1364 4271 comedamus
1401 4222 1522 4296 corpus
1549 4209 1638 4271 tuum

272 4327 440 4407 sanctum,
466 4324 500 4387 et
525 4313 675 4388 bihamus
702 4317 898 4406 sanguinem
924 4325 1012 4388 tuum
1039 4317 1320 4412 propitiatorium,
1355 4317 1523 4412 simusque
1548 4315 1636 4388 hae-

273 4433 371 4506 redes
399 4436 432 4504 in
458 4453 565 4524 reguo
593 4439 649 4502 tuo
677 4429 831 4520 coelesti,
865 4453 940 4502 cum
972 4430 1123 4503 omnibus
1158 4435 1213 4528 qui
1247 4431 1442 4528 placucnmt
1474 4429 1637 4506 voluntati

276 4559 352 4623 tuae
377 4549 508 4640 bonae,
533 4548 679 4620 Domine
705 4547 799 4620 Deus
825 4557 944 4620 noster
968 4549 1002 4618 in
1028 4547 1172 4622 saecula.

376 4683 426 4756 Et
451 4680 606 4754 asana
631 4702 734 4774 saper
759 4682 921 4774 padum,
948 4687 983 4753 et
1007 4682 1082 4754 darn
1108 4683 1237 4774 accipit
1265 4681 1472 4774 particulam
1499 4704 1545 4754 ec
1571 4702 1637 4751 co-

274 4799 404 4872 anari
430 4797 563 4887 calicis,
590 4795 684 4868 dicit.

377 4931 494 5004 Teneo
530 4951 596 5023 ego
629 4938 662 5002 tc
698 4931 754 5024 qui
786 4931 935 5004 contusa
966 4929 1050 5005 lines
1076 4927 1182 5004 orbim
1214 4941 1248 5002 tc
1279 4932 1312 5002 iu
1345 4929 1496 5002 menibus
1528 4923 1637 4998 habeo

277 5051 331 5142 qui
356 5052 449 5142 regis
475 5043 655 5144 profunda:
681 5055 715 5118 te
740 5047 834 5119 Deus
860 5067 951 5142 pono
986 5049 1021 5120 in
1047 5068 1087 5120 os
1116 5069 1241 5120 meum:
1276 5069 1338 5145 per
1371 5058 1406 5120 te
1436 5043 1560 5120 liberer
1593 5039 1636 5116 ah
