4730 6038
750 623 832 698 ’298
1321 623 1551 702 NOTAE

756 881 791 952 d.
834 878 985 972 Propter
1017 900 1126 972 opero
1155 885 1274 951 nostru
1309 879 1452 952 odibilia
1485 901 1554 950 coa
1577 883 1693 974 prices
1713 880 1875 974 populum
1906 886 1996 952 tuum
2029 881 2116 954 dono

1324 1000 1381 1066 luo
1409 995 1557 1068 coelesti.

858 1134 974 1213 Simus
997 1144 1172 1227 deprecatio
1194 1145 1326 1209 occurrit
1346 1145 1377 1208 in
1399 1146 1497 1209 moltis
1520 1145 1663 1228 liturgiis
1685 1163 1747 1208 nou
1768 1145 1857 1209 modo
1881 1147 2032 1228 Syriacis,
2063 1147 2116 1210 sed

754 1250 963 1334 Aegyptiacis,
986 1268 1074 1331 quam
1097 1249 1136 1313 ob
1159 1249 1265 1314 Severi
1286 1267 1424 1331 magnum
1446 1251 1525 1312 inter
1544 1249 1696 1312 Jacobitas
1718 1266 1838 1329 nomen,
1861 1248 1910 1312 hic
1932 1252 2036 1331 paucis
2059 1271 2117 1313 ex-

753 1351 940 1432 plicabimus,
963 1369 1001 1413 eo
1024 1349 1121 1433 magis
1144 1349 1224 1432 quod
1245 1349 1378 1413 colorem
1409 1349 1565 1431 quemdam
1588 1349 1702 1412 erroris
1725 1349 1806 1412 eirca
1831 1349 1919 1412 iidem
1947 1351 2117 1434 grauissimi

754 1449 873 1512 reterre
895 1448 1048 1526 videatur,
1070 1468 1088 1512 a
1111 1468 1172 1531 quo
1200 1458 1300 1513 tamen
1330 1449 1500 1514 Orientales
1528 1455 1599 1511 sunt
1624 1447 1808 1514 alienissimi.
1859 1449 2010 1530 Quidquid
2040 1453 2117 1513 enim
2228 1477 2231 1486 =

754 1549 891 1613 Ecclesia
914 1567 1036 1631 semper
1063 1549 1182 1626 docuit,
1212 1557 1243 1612 et
1270 1549 1416 1612 adversus
1444 1549 1616 1614 Donatistas
1644 1547 1848 1631 propugnavit
1878 1548 1916 1611 de
1946 1550 2118 1634 integritate

756 1649 1025 1727 Sacramentum,
1049 1649 1183 1712 etiamsi
1205 1667 1261 1730 per
1283 1650 1376 1712 malos
1401 1657 1431 1712 et
1454 1649 1589 1730 peccatis
1612 1647 1719 1728 plenos
1740 1647 1893 1710 ministros
1916 1648 2118 1728 celebrentur,

754 1745 784 1808 id
806 1743 931 1829 ¹agnovit
955 1747 1115 1810 Orientalis
1139 1747 1286 1813 Ecclesia.
1331 1749 1405 1810 Nam
1437 1748 1475 1811 de
1496 1747 1647 1830 Baptismo
1677 1747 1717 1808 ita
1740 1745 1944 1810 administrato
1967 1765 2118 1830 nunquam

755 1844 910 1924 dubitavit,
934 1847 1067 1928 quamvis
1090 1848 1128 1910 de
1151 1848 1257 1911 eodem
1279 1848 1317 1911 ab
1339 1848 1507 1911 llaereticis
1529 1853 1688 1927 suscepto,
1717 1845 1876 1926 aliquando
1899 1848 1992 1909 variis
2016 1847 2119 1911 Theo-

755 1945 895 2029 logorum
917 1964 1040 2010 suorum
1062 1947 1252 2028 opinionibus
1275 1950 1386 2030 agitata
1408 1946 1507 2011 luerit.
1556 1945 1691 2009 Fuerunt
1713 1945 1791 2007 enim
1820 1947 1871 2026 qui
1897 1945 1987 2008 talem
2013 1947 2119 2029 bapti·

755 2063 849 2108 smum
871 2045 991 2127 penitus
1013 2043 1203 2123 damnavere,
1226 2047 1436 2128 usquemodo
1459 2053 1633 2127 susceptum
1656 2045 1692 2107 ab
1715 2045 1773 2108 illis
1796 2044 1965 2121 haereticis,
1991 2063 2119 2125 quorum

754 2145 937 2226 baptismum
958 2152 1046 2209 vetus
1068 2145 1206 2210 Ecclesia
1227 2148 1350 2228 rejecit,
1384 2143 1438 2210 sed
1461 2146 1591 2208 omnium
1621 2144 1672 2224 qui
1700 2162 1717 2206 a
1745 2143 1910 2207 Jacobitica
1941 2144 2000 2207 lide
2029 2144 2119 2210 alieni

756 2252 869 2322 essent,
893 2251 925 2306 ut
945 2244 1191 2308 Nestorianorum
1214 2254 1245 2308 et
1267 2244 1570 2320 Calchedonensium,
1600 2249 1632 2306 ut
1655 2261 1767 2306 vocare
1789 2242 1889 2306 solent
1912 2242 2118 2328 Orthodoxos,

756 2360 833 2425 quos
856 2344 887 2404 in
909 2343 1014 2406 eadem
1038 2344 1136 2407 classe
1159 2343 1317 2407 collocant.
1365 2344 1398 2405 ln
1420 2362 1489 2407 eum
1511 2361 1647 2406 errorem
1671 2359 1743 2406 casu
1765 2342 1876 2424 potius,
1900 2349 1931 2404 et
1952 2351 2120 2426 temporum

756 2442 933 2522 calamitate,
957 2461 1045 2522 quam
1067 2449 1153 2506 certo
1176 2442 1302 2506 oonsilio
1323 2441 1458 2524 prolapsi
1480 2450 1559 2507 sunt.
1588 2441 1662 2504 Nam
1685 2459 1752 2505 cum
1764 2441 1902 2504 Ganones
1915 2439 2120 2508 conciliorum

755 2548 891 2604 veterum
913 2543 944 2603 in
959 2541 1113 2623 Syriacam
1134 2541 1266 2626 linguam
1281 2539 1490 2620 transferrent,
1514 2540 1596 2623 quod
1618 2541 1727 2605 laetum
1749 2548 1795 2604 est
1816 2541 1907 2622 paulo
1929 2550 2000 2622 post
2021 2560 2119 2606 occo·

754 2648 855 2722 palam
878 2659 895 2704 a
918 2638 1140 2704 bluhamedanis
1162 2641 1287 2723 Syriam,
1310 2640 1559 2725 Carthaginiense
1583 2641 1737 2723 octoginta
1759 2646 1875 2721 septem
1897 2639 2118 2723 Episcoporum

756 2739 811 2801 sub
841 2739 1010 2821 Cypriaoo,
1043 2740 1167 2821 reliquis
1202 2740 1438 2822 conjunxerunt,
1467 2743 1600 2821 tantique
1627 2741 1770 2826 lllartyris
1799 2758 1909 2803 nomen
1935 2741 1994 2804 illis
2021 2742 2119 2806 iraudi

755 2837 821 2918 fuit,
845 2840 914 2903 dum
936 2838 1071 2903 homines
1094 2841 1206 2903 veteris
1228 2838 1371 2903 historiae
1392 2838 1470 2903 hand
1493 2841 1566 2904 satis
1588 2841 1690 2921 periti,
1715 2858 1793 2921 quae
1816 2839 1852 2902 ab
1876 2839 1934 2903 illis
1956 2839 2118 2924 Episcopis

756 2938 795 3003 de
816 2938 1035 3020 rebaptisandis
1057 2938 1219 3004 haereticis
1242 2941 1401 3004 constituta
1421 2940 1550 3018 fuerant,
1573 2940 1680 3004 eodem
1702 2939 1771 3003 loco
1793 2939 1976 3017 habuerunt,
2005 2959 2042 3004 ac
2064 2959 2119 3004 re-

755 3038 838 3121 liqua
860 3038 1063 3102 Conciliorum
1092 3039 1224 3104 decreta.
1270 3039 1375 3121 ltaque
1404 3039 1568 3104 Concilium
1596 3039 1686 3118 illud,
1716 3037 1870 3120 Epistolae
1900 3039 2058 3122 Cypriani,
2087 3049 2119 3104 et

755 3137 976 3221 Episcoporum
1013 3141 1182 3203 sententiae
1221 3139 1393 3202 referuntur
1426 3141 1457 3203 in
1493 3138 1696 3222 antiquissima
1736 3137 1890 3203 Canonum
1931 3137 2119 3205 Collectiooe

756 3237 890 3319 Syriaca,
913 3257 991 3320 quae
1019 3246 1102 3302 extat
1131 3239 1161 3301 in
1184 3241 1295 3321 optimo
1318 3237 1431 3303 Codice
1452 3239 1608 3316 lllediceo,
1636 3237 1751 3318 absque
1779 3245 1849 3302 nota
1877 3237 1938 3301 ulla
1968 3241 2118 3303 censoria.

682 3357 692 3376 ·
756 3337 832 3400 Hine
854 3339 1055 3413 occasionem,
1078 3340 1328 3420 autoritatemque
1350 3339 1429 3401 nacti
1442 3339 1644 3402 Jacobitarum
1666 3337 1808 3400 doctores
1831 3337 1996 3420 praecipui,
2019 3337 2119 3403 Seve-

754 3455 807 3500 rus
830 3437 861 3498 in
883 3439 997 3518 primis,
1021 3437 1265 3502 Orthodoxorum
1294 3439 1473 3520 baptismum
1504 3439 1645 3500 damnare
1674 3445 1854 3518 coeperunt:
1883 3457 1950 3501 nam
1977 3446 2062 3501 extat
2087 3441 2120 3501 in

756 3535 902 3618 Syrorum
916 3537 1130 3601 Nomoeanone
1144 3538 1245 3600 similis
1260 3537 1325 3620 ejus
1336 3540 1455 3602 nomine
1472 3536 1662 3618 constitutio,
1682 3555 1769 3617 quam
1779 3537 1914 3600 nonnulli
1925 3539 2021 3600 secuti
2034 3545 2118 3601 sunt:

755 3637 968 3718 prudentiores
981 3636 1042 3718 alii,
1064 3636 1349 3718 nonprobaverunt.
1377 3637 1576 3700 Verumhaec
1598 3635 1636 3698 ad
1658 3636 1839 3718 Baptismum
1862 3635 1958 3699 solum
1980 3639 2119 3718 pertine·
2192 3632 2197 3644 “

755 3736 841 3798 bant:
865 3736 903 3798 de
924 3736 1047 3816 reliquis
1063 3735 1262 3799 Sacramentis
1285 3737 1322 3799 ab
1344 3737 1462 3799 homine
1477 3735 1616 3800 diversae
1632 3734 1701 3798 fidei
1713 3735 1883 3812 celebratis,
1905 3737 1977 3799 nihil
1999 3737 2119 3801 videtur

755 3836 876 3917 publice
893 3837 1093 3899 constitutum.
1117 3834 1148 3899 Si
1165 3835 1235 3917 quid
1255 3834 1405 3899 aluriosis
1420 3835 1594 3916 quibusdam
1606 3835 1723 3912 zelotis,
1734 3834 1859 3897 ulterius
1874 3843 2047 3899 attentatum
2061 3846 2118 3917 est,

756 3936 827 4000 odio
849 3935 951 4016 potius
968 3952 1056 4018 quam
1075 3936 1143 4018 jure
1155 3934 1264 3997 iactum
1281 3936 1353 3999 satis
1369 3937 1552 4020 agnoscitur.
1576 3935 1727 3999 Jacobitas
1739 3937 1818 3998 enim
1831 3936 1974 4016 quosdam
1986 3936 2119 4018 Episco-

755 4053 812 4118 pos
831 4033 1076 4098 Eucharistiama
1092 4033 1238 4097 llelchitis
1259 4053 1314 4098 seu
1330 4033 1512 4099 Orthodoxis
1535 4043 1751 4114 consecratam,
1767 4035 1963 4116 proculcasse
1979 4035 2118 4119 legimus,

756 4143 787 4198 et
804 4135 936 4197 vicissim
953 4153 970 4198 a
987 4133 1109 4197 Graecis
1125 4132 1307 4210 Latinorum,
1321 4153 1338 4197 a
1353 4134 1465 4198 Latinis
1487 4133 1671 4198 Graecorum
1683 4133 1874 4198 Sacramenta
1897 4133 2004 4197 eodem
2028 4135 2118 4199 modo

755 4234 892 4317 projecta
910 4241 990 4312 sunt,
1009 4232 1092 4296 nullo
1101 4235 1182 4316 jure.
1210 4231 1271 4298 Sed
1286 4233 1324 4297 de
1342 4234 1388 4298 his
1403 4252 1464 4298 non
1483 4235 1583 4318 agitur
1598 4235 1627 4296 in
1644 4235 1702 4297 ista
1718 4242 1749 4296 at
1763 4234 1906 4297 similibus
1922 4235 2117 4300 orationibus.

842 4335 931 4397 lstius
961 4340 1059 4395 autem
1086 4332 1162 4395 haee
1191 4334 1355 4410 sententia3
1393 4352 1482 4398 orare
1512 4334 1723 4413 Sacerdotem,
1752 4343 1785 4396 ut
1813 4333 1896 4396 Deos
1926 4334 1963 4397 ad
1992 4344 2118 4417 peecata

757 4432 929 4500 Sacerdotis
953 4441 983 4495 et
1006 4433 1140 4509 aliorum,
1161 4450 1223 4495 non
1246 4433 1395 4516 attendat,
1426 4443 1476 4498 ant
1505 4452 1609 4497 eorum
1632 4451 1723 4497 eausa
1746 4431 1944 4497 Christianum
1974 4435 2119 4516 populum

755 4523 1006 4612 circumstantem,
1029 4532 1177 4597 beneficio
1199 4533 1281 4614 quod
1303 4542 1499 4614 exspectatur
1513 4535 1624 4616 privet,
1647 4551 1755 4614 nempe
1777 4531 1885 4595 ellectu
1908 4533 2063 4614 orationis,
2087 4542 2118 4596 et

756 4635 973 4698 elementorum
995 4635 1218 4716 propositarum
1241 4637 1478 4700 consecratione.
1514 4634 1558 4696 lta
1581 4634 1668 4714 auhn,
1693 4631 1853 4713 uerbisque
1876 4633 1971 4715 magis
1993 4634 2119 4714 perspi-

756 4735 838 4809 cuis,
865 4732 895 4795 id
924 4733 1109 4817 significatur
1135 4735 1164 4796 in
1197 4732 1330 4815 Copticis
1364 4733 1559 4797 orationibus.
1613 4732 1700 4806 Quod
1728 4751 1747 4795 a
1774 4731 1969 4796 sacerdotum
1998 4733 2117 4810 merito,

754 4835 877 4913 vitaque
900 4832 1018 4895 illorum
1039 4833 1191 4916 inculpata
1213 4833 1338 4897 allectus
1362 4834 1544 4899 Sacramenti
1566 4832 1706 4914 pendeat,
1730 4850 1818 4896 nemo
1842 4831 2016 4914 Theologus
2039 4833 2117 4894 inter

756 4931 926 4995 Orientales
949 4933 1139 4999 existimavit.
1188 4933 1231 4996 lta
1259 4933 1352 5017 igitur
1381 4943 1469 4998 orant
1498 4951 1537 4996 ex
1568 4931 1669 4999 cardis
1698 4931 1900 5014 plenitudine,
1931 4931 2116 5014 propriaque

755 5031 940 5115 indignitatis
964 5033 1165 5113 conscientia,
1194 5031 1314 5096 latendo
1337 5052 1371 5096 se
1393 5040 1475 5096 tanto
1498 5040 1618 5113 tamque
1640 5031 1767 5094 mirabili
1788 5031 1952 5094 ministerio
1976 5029 2117 5114 indignos

755 5149 841 5194 asse:
864 5135 1030 5214 timereque
1052 5151 1091 5195 ne
1113 5134 1161 5196 sui
1184 5149 1275 5196 causa
1289 5133 1372 5197 Deus
1395 5131 1521 5216 gratiam
1543 5139 1574 5196 et
1596 5129 1773 5194 beneficium
1795 5128 1875 5212 quod
1895 5130 2064 5211 postulatur
2086 5137 2116 5193 et
