4782 6068
692 567 732 643 Ill
757 563 964 643 htuuuuuu
990 562 1179 642 'iuuenum
1203 563 1454 641 INTERPRETIS.
1687 565 1762 639 619

513 837 548 910 6.
583 839 632 910 Et
657 842 774 912 ueniat
799 861 902 932 super
928 860 1003 928 nos,
1030 845 1065 909 el
1090 860 1194 932 cuper
1221 837 1426 909 oblationem
1451 837 1551 927 bunc,
1579 845 1643 911 etc.

507 1030 718 1108 luvoearroms
737 1041 939 1106 istaut-mulo
953 1039 1089 1120 Graecis,
1105 1040 1248 1122 Syriacis,
1266 1039 1399 1122 Coptieis
1421 1040 1618 1123 omnibusque
1643 1044 1762 1108 tandem

395 1147 609 1229 cujuscumque
631 1149 706 1210 ritus
729 1154 779 1210 aut
801 1145 1077 1230 linguaeLiturgiis
1100 1144 1203 1207 similis
1226 1150 1287 1207 est:
1311 1151 1401 1224 atque
1423 1145 1499 1208 adeo
1522 1144 1634 1208 frustra
1658 1149 1765 1211 vexari

396 1265 415 1310 a
437 1245 615 1309 censoribus
638 1254 750 1327 potest,
774 1264 841 1308 curn
863 1245 937 1307 nihil
959 1253 1082 1326 practer
1103 1252 1226 1326 recepta
1249 1243 1328 1324 apud
1352 1261 1455 1307 omnes
1476 1243 1767 1310 OrientalesEcele-

394 1347 455 1410 sias
477 1343 571 1409 verba
595 1347 755 1410 contineat.
791 1345 914 1426 Siquid
938 1344 1131 1409 obscuritatis
1153 1343 1265 1406 inillis
1289 1350 1382 1421 esset,
1404 1342 1492 1406 facile
1514 1362 1571 1424 per
1588 1344 1662 1406 alias
1679 1345 1765 1427 ejus-

395 1443 463 1506 dem
491 1443 642 1507 Orationis
673 1444 816 1509 formulas
848 1444 1063 1526 explicaretur.
1108 1444 1189 1507 Vera
1219 1442 1311 1505 lectio
1339 1449 1457 1506 constat
1480 1461 1519 1504 ex
1542 1445 1766 1525 comparatione

395 1561 462 1605 cum
485 1541 551 1605 aliis
574 1542 715 1622 Graecis,
739 1544 889 1625 Syriacis,
911 1542 1112 1625 Aegyptiacis
1135 1550 1165 1605 et
1187 1541 1391 1622 Aethiopicis:
1416 1541 1491 1604 adeo
1514 1549 1547 1604 ut
1569 1542 1648 1604 illam
1670 1544 1765 1606 relin-

395 1660 472 1725 gere
499 1659 632 1705 summae
660 1643 836 1705 temeritatis
867 1643 916 1722 sit,
940 1660 1006 1705 cum
1029 1641 1100 1705 nihil
1123 1641 1232 1704 habeat
1253 1641 1451 1704 Nestorianae
1474 1649 1577 1704 sectae
1599 1645 1765 1723 proprium,

395 1741 451 1804 sed
474 1758 660 1804 communem
683 1742 831 1823 exprimat
854 1741 1015 1805 Orientalis
1037 1741 1194 1805 Ecclesiae
1205 1741 1389 1823 Liturgicam
1410 1739 1607 1822 disciplinam.
1653 1742 1767 1804 Petitur

396 1859 453 1922 per
475 1841 554 1902 illam
577 1840 753 1916 orationem,
776 1842 873 1925 gratia
898 1841 1026 1922 Spiritus
1049 1843 1155 1920 sancti,
1177 1847 1210 1903 ut
1232 1839 1381 1917 adveniat,
1404 1856 1465 1901 non
1486 1839 1575 1902 modo
1599 1858 1691 1922 super
1713 1861 1766 1904 sa·-

396 1939 551 2002 cerdotem
573 1956 661 2002 sacra
683 1938 853 2016 facientem,
875 1939 931 2002 sed
954 1941 1041 2002 etiam
1063 1958 1159 2022 super
1180 1957 1287 2020 panem
1301 1946 1331 2002 et
1344 1938 1483 2016 calicem:
1506 1957 1607 2019 neque
1630 1939 1667 2002 ad
1690 1941 1765 2002 sim-

395 2039 505 2121 plicem
528 2046 640 2101 tantum
663 2039 914 2116 benedictionem,
937 2046 970 2100 ut
991 2040 1023 2100 in
1045 2041 1131 2120 aquis
1153 2038 1389 2120 baptismalibus,
1413 2038 1543 2120 oleoque
1563 2039 1767 2104 Cateehume-

397 2157 504 2202 norum
530 2138 580 2200 vel
600 2135 785 2217 Chrismate,
809 2139 915 2200 autad
937 2155 1010 2200 vasa
1033 2155 1138 2201 sacra:
1171 2138 1227 2201 sed
1249 2144 1283 2200 ut
1304 2136 1458 2215 inhabitet,
1481 2137 1598 2201 scilicet
1620 2138 1767 2222 singulari

395 2239 631 2302 sanctificatione
653 2243 813 2318 utrumque
836 2245 1009 2316 consecret,
1032 2235 1169 2301 laniendo
1192 2244 1225 2300 ut
1247 2255 1303 2319 per
1317 2238 1457 2299 virtutem
1474 2236 1614 2315 divinam,
1637 2237 1696 2303 hoc
1719 2246 1767 2300 est

394 2356 451 2418 per
479 2336 668 2414 miraculum,
697 2337 784 2418 panis
813 2337 865 2399 ilat
893 2353 1003 2418 corpus
1031 2338 1148 2400 Domini
1177 2335 1252 2400 Jesu
1284 2335 1404 2400 Christi.
1451 2335 1537 2397 Hanc
1566 2343 1664 2398 auteur
1695 2355 1766 2399 esse

397 2456 499 2500 verum
530 2435 729 2499 luvocationis
758 2436 922 2500 secundum
947 2435 1144 2499 Nestorianos
1173 2437 1366 2514 sententiam,
1397 2434 1572 2498 confirmant
1601 2437 1766 2514 orationes,

396 2556 474 2618 quae
497 2556 514 2600 a
535 2537 673 2599 Diacono
696 2535 845 2616 dicuntur,
869 2543 899 2599 et
921 2543 1063 2599 notantur
1085 2538 1115 2599 in
1136 2535 1332 2619 Euchologiis
1356 2534 1582 2616 etHorologiis,
1606 2535 1765 2616 inquibus

394 2637 434 2699 ita
457 2635 607 2698 scribitur.
651 2635 732 2698 Ecce
760 2655 865 2698 meraco
890 2637 993 2714 positu
1022 2643 1068 2698 est
1088 2636 1120 2698 iu
1141 2643 1248 2698 sancto
1274 2633 1455 2696 Sanctorum
1461 2655 1475 2707 ;
1504 2636 1682 2714 inoooulque
1702 2633 1768 2695 Su-

397 2734 507 2796 cerclos
527 2733 671 2814 Spiritum
694 2743 831 2797 sonetum
852 2736 904 2815 qui
924 2734 1067 2810 illabitur,
1090 2742 1120 2796 et
1140 2735 1259 2797 habitat
1279 2735 1311 2795 in
1329 2751 1426 2814 pone,
1448 2734 1646 2814 misceturque
1668 2733 1767 2797 calici.

397 2833 482 2906 Quae
504 2839 537 2893 ut
560 2831 616 2912 elia
640 2832 787 2914 ejusmodi
809 2833 916 2913 muita,
944 2831 1091 2896 floridiori
1113 2832 1308 2896 Orientalium
1331 2831 1400 2895 stilo
1424 2848 1571 2912 expressa
1595 2830 1768 2912 simpliciter

396 2929 582 3013 significant,
610 2931 848 3012 potentissimam
876 2933 907 2993 in
930 2929 1009 2994 dona
1031 2934 1186 3012 proposita
1210 2932 1418 3014 operationem
1441 2929 1570 3011 Spiritus
1592 2935 1708 3010 sancti,
1734 2941 1768 2994 ut

395 3029 469 3092 fiant
489 3029 520 3092 id
543 3028 624 3111 quod
646 3047 707 3092 non
731 3037 828 3108 eruut,
851 3046 962 3110 eorpus
984 3031 1102 3092 scilicet
1124 3038 1155 3092 et
1171 3029 1299 3113 Sanguis
1313 3029 1437 3092 Christi:
1460 3045 1521 3090 non
1543 3030 1573 3090 in
1594 3031 1768 3109 suscipien-

396 3137 453 3208 tes,
476 3136 509 3190 ut
531 3128 698 3210 perfidem
721 3127 853 3191 batillis
878 3129 997 3210 Corpus
1020 3136 1051 3192 ct
1074 3127 1203 3211 Sanguis
1227 3127 1352 3190 Christi:
1375 3125 1483 3190 sedin
1507 3145 1572 3206 eos,
1596 3127 1768 3204 suomodo,

397 3237 430 3292 ut
457 3228 508 3291 illa
539 3228 631 3310 digne
663 3228 840 3311 suscipiant.
884 3217 1011 3308 Reliqua
1040 3227 1078 3290 ad
1107 3227 1332 3292 invocationem
1356 3234 1387 3289 et
1408 3224 1481 3288 alias
1503 3223 1590 3305 hujus
1613 3223 1768 3309 Liturgiae

396 3337 500 3411 partes
523 3328 719 3408 explicandas
742 3327 933 3410 pertinentia,
954 3328 986 3389 in
1008 3328 1088 3390 notis
1111 3326 1149 3390 ad
1171 3325 1403 3409 praecedentes,
1427 3333 1567 3406 quantum
1590 3343 1666 3406 opus
1690 3332 1767 3405 erat,

397 3427 536 3508 exposita
558 3433 636 3489 sunt.

435 5186 521 5230 Turnus
535 5187 560 5229 11.
