4730 6038
700 409 777 484 320
1203 412 1560 490 LITURGIA

728 681 763 754 3.
790 685 924 776 Aprem
937 684 1029 755 illum
1047 685 1198 778 leqolenr,
1216 709 1289 757 com
1306 685 1408 757 tomba
1422 685 1663 780 discipulorum
1682 689 1815 760 tuorum
1830 689 2038 763 comedisset.

813 875 890 954 loen
911 887 1023 969 legitur
1044 889 1073 950 in
1097 889 1191 970 priori
1212 888 1358 973 Liturgia‚
1381 891 1461 952 etin
1482 889 1657 971 quibusdam
1680 890 1757 972 aliis,
1780 911 1821 955 err
1842 895 1990 957 communi
2002 894 2065 958 Ec-

698 991 856 1054 clesiarum
877 1009 975 1074 prope
997 993 1126 1055 omnium
1142 993 1316 1056 traditione:
1338 995 1369 1056 in
1392 1011 1450 1075 qna
1472 1002 1570 1057 tamen
1593 995 1734 1076 opinione
1755 1014 1815 1060 non
1833 995 1928 1060 inisse
1945 997 2065 1080 Hippo-

697 1090 792 1171 lytum
814 1090 994 1170 Romanum,
1022 1100 1054 1154 ιιι
1084 1092 1167 1156 illum
1187 1100 1299 1156 vocant
1321 1092 1505 1171 orientales,
1535 1111 1634 1175 neque
1656 1093 1723 1157 Mar
1744 1095 1909 1175 ioannem,
1936 1104 2065 1162 testatur

697 1188 879 1253 Barsalibi
870 1208 900 1252 ιιι
928 1190 1148 1256 Commentario
1171 1192 1209 1255 ad
1231 1192 1429 1276 Evangelium
1455 1191 1613 1272 Matthaei,
1643 1201 1675 1255 ut
1697 1193 1728 1255 in
1751 1195 1892 1258 Tractatu
1913 1195 1953 1258 de
1975 1195 2065 1259 Feria

699 1291 799 1370 qmnta
828 1290 935 1371 majori
964 1298 995 1353 et
1022 1291 1228 1356 Eucharistiae
1256 1291 1442 1355 institutione
1470 1309 1536 1373 cap.
1559 1292 1589 1354 5.
1617 1292 1748 1355 videnda
1776 1312 1854 1376 quae
1882 1295 2041 1358 diximus
2032 1313 2063 1357 ιιι

697 1388 777 1450 notis
800 1387 838 1450 ad
859 1388 1024 1472 Litnrgiam
1046 1389 1196 1454 Dioscori.

1147 1699 1624 1746 40⁶——
1681 1723 1685 1730 ·

1073 2095 1674 2274 LITURGIA

927 2427 1218 2546 sunam
1287 2427 1795 2548 runroonnru

785 2667 885 2756 outo
910 2666 952 2743 lu
975 2665 1074 2746 ALIIS
1103 2665 1300 2746 consonus
1327 2666 1509 2746 ΤΙΜΟΤΗΕΙ
1533 2668 1789 2746 ALEXANDRINI
1814 2667 1976 2750 pronun

1105 2941 1226 3013 Oratio
1255 2891 1336 3013 onte
1362 2941 1509 3013 osculana
1535 2941 1652 3012 Pacis.

762 3137 879 3242 Deus
906 3163 1023 3259 opifex
1050 3168 1212 3255 omnium,
1236 3168 1417 3261 praecipue
1443 3187 1529 3238 vero
1555 3161 1713 3254 hominis,
1744 3187 1843 3259 quem
1876 3165 2057 3244 secundum

693 3281 935 3354 similtudinem
960 3293 1061 3371 tuam,
1087 3281 1195 3355 iecisti
1220 3279 1433 3370 rationalem,
1465 3289 1499 3352 et
1530 3278 1572 3352 ad
1598 3279 1632 3351 id
1659 3278 1748 3376 qnod
1774 3291 1827 3354 est
1850 3280 1940 3354 illum
1965 3306 2055 3380 pro-

692 3397 826 3487 duxisti,
852 3397 1008 3493 illumque
1034 3396 1130 3471 donis
1155 3400 1220 3471 tuis
1246 3396 1367 3470 divinis
1399 3398 1539 3469 ornasti:
1571 3399 1626 3491 qni
1650 3395 1762 3489 legem
1794 3401 1940 3472 cantatis
1973 3422 2054 3471 mu-

691 3525 768 3588 tuae
793 3513 891 3587 nohis
916 3515 1069 3609 posuisti,
1096 3516 1151 3608 qui
1176 3516 1230 3586 vis
1256 3525 1292 3586 ut
1318 3533 1435 3586 omnes
1460 3533 1561 3584 unum
1588 3515 1707 3604 simus,
1742 3515 1827 3586 sicut
1853 3523 1888 3586 tn
1914 3523 1959 3598 et,
1973 3517 2054 3586 nni-

588 3661 594 3676 ·
691 3633 823 3723 genitus
849 3629 953 3702 Filius
987 3638 1082 3719 tuns,
1108 3629 1269 3702 Dominus
1303 3639 1337 3701 ot
1368 3629 1463 3700 Deus
1494 3639 1611 3702 noster
1641 3629 1743 3702 Jesus
1770 3628 1921 3702 Christus
1954 3629 2054 3702 unun'r

691 3751 788 3822 estis:
814 3757 849 3817 tn
876 3766 959 3838 ergo
985 3765 1049 3818 nos
1075 3743 1118 3817 ab
1146 3749 1234 3818 omni
1260 3745 1432 3844 hypocrisi
1456 3743 1614 3836 liberans,
1641 3756 1675 3817 et
1701 3745 1803 3818 corda
1822 3756 1937 3821 nostm
1964 3767 2054 3818 con-

585 3905 587 3912 .
687 3864 832 3956 jungens
865 3884 926 3958 per
958 3864 1305 3950 communicationem,
1344 3872 1378 3934 et
1411 3861 1566 3954 gaudium
1601 3860 1743 3957 Spiritus
1769 3865 1816 3934 tui
1842 3865 1965 3950 sancti,
1997 3860 2056 3934 iao

690 4001 755 4051 nos
782 3978 903 4072 dignos
930 3977 1131 4074 apprecandi
1157 3987 1300 4050 ιιιιιιιιιιιιι
1326 4000 1445 4075 pacem
1469 3979 1503 4048 in
1530 3975 1648 4050 osculo
1674 3988 1810 4068 sancto,
1843 4001 1943 4050 unum
1969 3999 2053 4050 cor-

691 4117 754 4190 pus
781 4105 815 4167 et
840 4115 924 4166 unus
950 4093 1093 4190 Spiritus
1120 4097 1321 4186 existentes,
1354 4097 1439 4167 sicut
1473 4103 1507 4166 et
1539 4097 1653 4167 vocati
1686 4115 1798 4166 sumus
1829 4097 1863 4166 in
1898 4117 1963 4167 uua
1990 4117 2052 4191 spe

689 4213 877 4284 vocationis
902 4220 1051 4284 nostrae:
1077 4232 1138 4306 per
1165 4189 1330 4285 dhnstum
1354 4211 1469 4285 Jesum
1496 4209 1672 4283 Dominum
1698 4221 1860 4320 nostrum,
1887 4233 1962 4283 cnm
1984 4233 2050 4306 quo

691 4334 725 4396 te
751 4325 848 4398 decet
872 4326 980 4419 gloria
1007 4335 1041 4398 et
1065 4325 1182 4402 honor.

792 4442 977 4514 Sacerdos.
1029 4442 1111 4514 Pax.

684 4603 686 4610 .
794 4556 954 4651 Populos.
1006 4556 1149 4630 Etcum
1175 4558 1299 4655 Spiritu
1324 4569 1392 4632 tuo.

792 4675 979 4746 Diaconos.
1031 4675 1157 4748 Demus
1182 4696 1301 4772 pacem
1328 4677 1561 4770 unusquisque,
1587 4683 1650 4746 etc.

794 4789 954 4884 Populos.
1010 4789 1133 4864 Coram
1159 4800 1193 4863 te
1218 4793 1370 4864 Domine.

793 4907 978 4980 Sacerdos.
1029 4906 1172 4982 Domine
1204 4908 1296 4982 Deus
1330 4912 1385 5005 qui
1420 4909 1571 4982 dilectum
1607 4906 1724 4980 Filium
1765 4917 1854 4980 ιιιιιιιι
1890 4903 2049 4980 demisisti
