4782 6068
721 627 799 708 634
1292 632 1523 709 aot-at

719 817 923 898 Auapborce,
951 835 1026 898 seu,
1054 825 1088 880 ut
1113 823 1237 880 veteres
1257 816 1356 879 Latini
1381 815 1538 896 dicebant,
1566 813 1716 878 Maras
1737 824 1768 878 et
1787 813 1959 878 oblationis
1979 815 2093 879 initium

720 925 778 982 eat
819 916 917 1001 Igitur
937 918 1037 980 omnia
1060 933 1138 998 quae
1161 915 1211 978 bic
1232 916 1355 990 desunt,
1382 932 1445 979 uon
1473 915 1588 978 idcireo
1616 916 1807 994 omittuntur,
1835 913 1892 977 sed
1919 933 1961 976 ex
1989 915 2094 980 oficio

719 1016 869 1080 connati
899 1015 1004 1098 perlici
1034 1015 1151 1090 solent,
1177 1034 1287 1098 nempe
1316 1015 1509 1097 praeparatio
1538 1014 1659 1092 altaris,
1688 1031 1845 1078 sacrorum
1875 1012 2023 1076 donorum
2053 1035 2095 1078 ex

719 1117 894 1182 secretario
915 1115 955 1180 ad
975 1116 1151 1195 Protbesin,
1181 1124 1212 1179 et
1233 1115 1344 1178 deinde
1367 1115 1406 1178 ad
1426 1115 1523 1178 altare
1544 1113 1674 1190 delatio;
1706 1115 1811 1177 variae
1832 1113 1871 1176 ad
1893 1115 1951 1176 ista
1972 1131 2095 1195 preces,

718 1217 936 1297 scripturarum
958 1216 1117 1293 lectiones,
1140 1216 1438 1278 commemorationes
1452 1213 1578 1294 aliquot,
1600 1215 1698 1294 ipsum
1713 1213 1833 1276 tandem
1846 1217 1931 1295 pacis
1945 1213 2093 1292 osculum,

719 1323 750 1379 et
772 1315 870 1379 oratio
893 1315 932 1377 ad
953 1315 1028 1378 illud
1049 1315 1188 1398 propria,
1217 1333 1295 1396 quae
1318 1322 1417 1378 mmen
1440 1312 1532 1395 vulgo
1554 1313 1709 1394 reperitur
1730 1315 1761 1376 in
1784 1311 1922 1374 omuibus
1944 1312 2010 1375 aliis
2031 1313 2094 1374 bi-

718 1415 838 1497 turgiis,
860 1414 1023 1498 singularis
1046 1414 1083 1478 ad
1106 1433 1195 1477 uuam
1217 1433 1381 1496 quamque,
1412 1430 1473 1474 non
1496 1431 1536 1475 ex
1558 1413 1708 1475 communi
1729 1411 1831 1493 aliquo
1855 1411 1952 1474 obicio
1975 1410 2093 1494 ‹lepro-

718 1513 838 1578 menda.
883 1513 967 1578 llaec
995 1513 1169 1577 observatio
1190 1515 1373 1592 ¹necessaria
1402 1519 1466 1590 est,
1495 1518 1526 1574 et
1555 1531 1595 1574 ex
1623 1529 1661 1574 ea
1689 1511 1832 1592 neglecta
1859 1510 1910 1573 vel
1939 1513 2091 1592 ignorata,

718 1617 808 1674 natae
835 1621 906 1675 sunt
936 1613 1050 1694 aliquot
1080 1611 1231 1676 absurdae
1253 1611 1292 1675 de
1313 1611 1458 1695 Liturgiis
1481 1611 1685 1692 conjecturae.
1730 1610 1782 1674 Sic
1808 1611 1856 1672 vir
1882 1629 1921 1674 eo
1950 1611 2040 1673 etiam
2060 1611 2093 1673 in

719 1727 837 1793 genere
858 1711 1052 1776 doctissimus
1072 1712 1213 1776 Andreas
1235 1712 1365 1790 Masius,
1395 1729 1464 1774 cum
1495 1711 1650 1791 Syriacam
1679 1710 1760 1774 illam
1787 1711 2004 1792 interpretatus
2033 1719 2093 1786 est,

719 1827 798 1890 quac
818 1811 922 1874 Basilii
943 1829 1052 1876 nomeu
1073 1810 1222 1893 praefert,
1249 1811 1330 1874 illam
1352 1810 1476 1874 Graecis
1499 1809 1673 1892 vulgaribus
1697 1811 1895 1892 antiquiorem
1917 1828 1988 1872 esse
2005 1810 2093 1892 jucli-

719 1911 798 1972 cavit
820 1911 901 1991 quod
923 1911 1048 1974 brevior
1069 1910 1158 1976 toret.
1203 1910 1264 1974 Sed
1286 1929 1354 1974 cum
1376 1909 1499 1992 incipiat
1520 1910 1558 1972 ab
1581 1909 1727 1973 Oratione
1750 1910 1849 1974 osculi
1870 1910 1970 1990 pacis,
1993 1909 2092 1972 media

717 2008 824 2071 saltem
847 2009 913 2092 ejus
935 2029 1008 2092 pars
1031 2008 1208 2090 deficiebat,
1237 2010 1368 2091 petenda
1397 2023 1439 2072 ex
1459 2007 1566 2072 Jacobi
1592 2007 1642 2072 vel
1665 2009 1760 2071 altera
1783 2009 1923 2090 quapiam
1944 2007 2091 2090 Liturgia.

716 2107 751 2170 ln
774 2109 831 2172 ista
853 2109 985 2173 Nestorii
1008 2126 1070 2173 vox
1099 2107 1223 2192 Syriaca
1252 2127 1331 2192 quae
1354 2109 1500 2172 οἰνσιιὶιιιιι
1523 2107 1683 2190 significat,
1707 2125 1768 2172 uon
1791 2107 1880 2170 aliter
1901 2107 2020 2170 videtur
2041 2109 2093 2168 in-

717 2205 900 2289 telligenda,
930 2227 1018 2292 quarn
1049 2208 1129 2290 quod
1157 2209 1303 2272 versione
1332 2207 1548 2288 expressimus.
1594 2205 1744 2270 Circuitus
1768 2207 1847 2268 enim
1869 2208 1920 2287 qui
1941 2205 2000 2268 boe
2021 2205 2090 2268 loco

715 2305 783 2368 beri
805 2305 884 2372 solet
906 2310 1020 2372 circum
1041 2308 1137 2370 altare
1159 2308 1219 2370 ritu
1241 2307 1403 2384 Orientali,
1425 2305 1573 2390 significat
1595 2305 1625 2368 id
1648 2305 1729 2387 quod
1750 2305 1846 2388 vulgo
1865 2306 2092 2384 processionum

717 2423 874 2485 vocamus,
897 2425 976 2487 quac
997 2406 1112 2489 duplex
1133 2414 1195 2470 est:
1224 2425 1283 2470 nna
1306 2426 1374 2470 cum
1394 2406 1481 2470 Dona
1504 2405 1713 2468 consecranda
1735 2403 1904 2468 offeruntur
1925 2403 1964 2464 ad
1986 2403 2090 2482 altare,

717 2505 814 2568 altera
837 2524 903 2568 cum
926 2503 1124 2590 Evangelium
1146 2505 1363 2570 adAmboncm
1384 2503 1530 2582 defertur,
1552 2524 1595 2567 ex
1616 2521 1676 2588 quo
1699 2505 1762 2587 legi
1784 2503 1883 2568 debet.
1909 2501 1983 2566 Eam
1995 2503 2090 2566 disci-

715 2603 828 2686 plicam
840 2607 1036 2686 exposuimus
1059 2607 1090 2667 iu
1111 2605 1191 2668 notis
1214 2606 1252 2669 ad
1265 2605 1366 2670 Basilii
1376 2604 1544 2686 Liturgiam
1557 2601 1717 2685 Coptitam,
1739 2610 1771 2665 et
1791 2621 1859 2666 cum
1882 2602 1989 2664 eadem
2011 2601 2091 2684 apud

716 2703 822 2786 Syros,
844 2701 1075 2787 Aethiopesque
1096 2705 1293 2784 observetur,
1315 2713 1348 2768 ut
1371 2704 1450 2785 apud
1474 2701 1625 2784 Graecos,
1655 2721 1673 2766 a
1703 2701 1811 2784 quibus
1844 2701 1942 2779 illam,
1972 2709 2002 2764 ut
2031 2702 2089 2765 alia

718 2803 834 2881 omnia,
863 2802 1034 2866 orientales
1064 2813 1264 2886 acceperuut,
1294 2804 1471 2867 familiarem
1500 2820 1622 2885 quoque
1650 2803 1840 2866 Nestorianis
1870 2820 1960 2879 esse,
1993 2819 2091 2883 pauca

718 2904 977 2965 caeremoniarum
1005 2922 1084 2985 quae
1110 2905 1140 2966 iu
1169 2903 1254 2967 libris
1284 2912 1389 2967 extant
1419 2901 1588 2987 fragmenta
1613 2902 1713 2984 palam
1735 2900 1864 2980 iaciunt,
1894 2910 1926 2964 et
1956 2902 1997 2964 ita
2024 2901 2090 2964 lieri

721 2999 803 3083 apud
825 3019 898 3065 suos
918 3001 1001 3066 Elias
1024 3011 1054 3066 et
1076 3002 1124 3067 lsa
1146 3003 1329 3069 Sacerdotes
1350 3003 1588 3083 mesopotameni
1610 3000 1699 3085 uobis
1721 3001 1791 3066 olim
1813 3002 1914 3066 testati
1935 3008 2015 3065 nmt.

1030 3391 1065 3472 q,
1100 3399 1219 3495 Sapra
1245 3405 1282 3472 in
1308 3400 1455 3473 eccelsia
1479 3398 1685 3488 sublimibus,
1712 3405 1776 3471 etc.

817 3625 1026 3705 Oasunvnru!
1049 3645 1096 3700 est
1119 3636 1156 3700 ad
1179 3637 1400 3719 praecedentes
1423 3636 1497 3701 duas
1520 3637 1683 3721 Liturgias,
1705 3636 1895 3700 Nestorianis
1917 3636 1991 3700 solis
2014 3657 2091 3720 pro-

715 3741 813 3823 prium
837 3759 906 3805 ease
929 3741 1091 3804 verborum
1114 3759 1131 3802 a
1153 3742 1261 3823 quibus
1283 3739 1433 3805 Praefatio
1456 3743 1574 3823 incipit,
1604 3740 1803 3822 paraphrasin
1831 3739 1993 3816 adbibere,
2021 3761 2090 3805 cum

715 3839 850 3921 reliquae
873 3859 970 3923 prope
993 3858 1098 3904 omnes
1121 3839 1277 3904 Ecclesiae
1300 3839 1406 3904 eadem
1434 3842 1610 3922 simpliciter
1639 3840 1810 3921 exprimant
1832 3847 1864 3902 et
1887 3838 2027 3921 Coptitae
2050 3860 2089 3904 ex

716 3941 899 4021 antiquitatis
922 3941 1108 4015 reverentia,
1136 3939 1185 4004 illa
1215 3940 1274 4003 buc
1302 3957 1399 4022 usque
1427 3939 1544 4003 Graece
1566 3941 1776 4020 pronuncient.
1821 3937 1854 4001 ln
1876 3940 1934 4000 ista
1956 3939 2089 4004 Nestorii

716 4040 878 4102 verbosior
900 4057 989 4122 quam
1011 4040 1042 4102 in
1064 4038 1180 4102 duabus
1203 4040 1306 4104 alteris
1330 4047 1377 4104 est
1392 4057 1495 4102 earum
1517 4038 1710 4102 formularum
1732 4039 1909 4120 explicatio:
1931 4038 2018 4119 cujus
2040 4037 2089 4100 di-

714 4140 867 4204 versitatis
895 4140 973 4202 ratio
1003 4139 1112 4202 idonea
1140 4139 1206 4202 dari
1235 4139 1315 4202 ιιιιΙΙιι
1344 4146 1456 4220 potest.
1508 4136 1568 4204 Sed
1598 4155 1805 4220 qaaecumque
1836 4138 1886 4216 sit,
1920 4136 2090 4218 disquirere

714 4256 821 4320 param
841 4239 980 4316 interest,
1002 4255 1071 4300 cum
1092 4239 1242 4302 sententia
1263 4239 1304 4302 sit
1325 4238 1441 4302 eadem.
1486 4238 1602 4301 Primae
1616 4253 1711 4320 porro
1728 4235 1913 4317 antiquitatis
1927 4235 2089 4299 esseillam

715 4336 883 4414 formulam,
906 4357 946 4402 ne
967 4338 1118 4403 levissima
1142 4338 1261 4420 quidem
1285 4340 1461 4422 conjectura
1474 4336 1597 4419 probari
1612 4344 1724 4418 potest,
1748 4354 1816 4399 cum
1831 4353 1892 4398 non
1905 4333 2089 4416 respondeat

714 4439 880 4520 primorum
902 4437 1094 4501 saeculorum
1116 4437 1307 4518 simplicitati,
1331 4455 1389 4501 uec
1412 4437 1537 4518 reliquis
1558 4436 1710 4520 Liturgiis,
1733 4453 1791 4498 nec
1812 4433 1947 4514 plurimis
1959 4433 2089 4496 Sancto-

714 4553 782 4598 rum
805 4537 943 4617 Patrum,
974 4539 1024 4619 qui
1055 4535 1161 4600 eadem
1189 4538 1285 4600 verba
1307 4537 1493 4616 retulenrnt,
1522 4535 1710 4600 testimoniis.
1753 4533 1796 4596 At
1817 4532 2089 4615 praeclarissimum

715 4653 791 4700 sane
821 4635 894 4700 illud
924 4643 972 4700 est
995 4636 1076 4719 quod
1103 4637 1133 4698 in
1156 4637 1230 4716 ipsis
1252 4636 1310 4699 illis
1332 4635 1435 4701 verbis
1458 4637 1628 4700 continetur
1650 4635 1689 4698 de
1711 4634 1839 4698 veritate
1861 4631 2001 4696 sacrificii
2022 4633 2089 4695 Eu-

715 4735 866 4798 cbaristici
892 4737 1109 4812 testimonium,
1138 4753 1200 4818 quo
1229 4741 1361 4800 ratlones
1385 4736 1614 4800 Protestaotium
1638 4734 1819 4799 Criticorum
1840 4730 1971 4794 funditus
1994 4751 2089 4796 ever-

713 4841 827 4900 tuntur.
872 4836 971 4919 Vulgo
995 4837 1073 4899 enim
1096 4837 1127 4898 iu
1150 4835 1336 4900 Graecorum
1356 4835 1501 4920 Liturgiis
1523 4835 1616 4898 ullam
1638 4832 1779 4898 sacribcii
1801 4831 1940 4913 eorporis
1963 4833 2088 4896 etSau-

713 4936 814 5018 guinis
837 4935 947 5002 Christi
970 4953 1026 5016 pro
1047 4933 1256 5017 redemptione
1277 4937 1414 5000 vivorum
1437 4945 1468 5000 et
1489 4942 1675 4998 mortuorum
1704 4931 1798 4996 oblati
1819 4932 2000 4994 mentionem
2022 4931 2088 4996 lieri

712 5044 845 5119 uagant;
867 5020 922 5100 aed
945 5021 1075 5118 λογικὴν
1096 5027 1264 5119 λατρείαν,
1285 5038 1457 5116 pretiorum
1479 5036 1630 5109 actiones,
1653 5035 1759 5096 haclea
1780 5032 1855 5108 net,
1884 5031 2089 5113 eleemosynas

712 5136 746 5196 ia
767 5155 841 5198 caua
859 5154 1025 5217 pauperum
1042 5135 1209 5214 praeczpue
1231 5133 1335 5216 offerri
1355 5133 1526 5218 affirmant:
1571 5133 1672 5196 Verba
1702 5139 1773 5196 sunt
1800 5129 1923 5194 Davidis
1947 5127 2088 5211 Clrytraei
