4712 6032
570 543 648 618 aas
1078 501 1495 623 nrrunoru'

674 707 858 802 Sacerdos.
912 731 1078 824 Propitius
1105 733 1207 822 igitur
1232 741 1306 804 esto
1333 733 1486 806 omnibus
1513 734 1736 828 iniquitatibus
1763 735 1886 806 nostris
1913 747 1947 808 et

569 847 700 920 iDorum
728 848 891 936 Domine,
918 867 1027 941 neque
1054 849 1087 916 in
1114 852 1308 920 memoriam
1334 871 1480 920 revoces
1508 851 1643 920 crimina
1679 871 1765 945 quae
1796 875 1816 922 a
1849 849 1946 922 nobis
2008 925 2018 930 ,

569 973 604 1034 et
630 962 671 1034 ab
699 961 763 1033 illis
791 964 970 1032 commissa
997 971 1090 1033 sunt:
1117 985 1237 1034 verum
1263 985 1348 1055 rege
1374 985 1437 1036 nos
1465 968 1497 1034 in
1524 963 1590 1036 hoc
1608 964 1745 1037 saecrdo
1772 963 1897 1036 liberos
1924 988 1944 1037 a

524 1131 527 1147 .
566 1077 698 1168 judiciis
726 1079 768 1149 et'
786 1081 966 1169 angustiis,
994 1086 1028 1149 et
1060 1081 1093 1149 in
1128 1076 1239 1150 iutnro
1274 1078 1330 1151 iac
1365 1101 1428 1152 nos
1461 1083 1641 1178 pervenire
1676 1080 1719 1152 ad
1755 1079 1944 1152 habitacula

568 1192 663 1280 lucis,
691 1193 864 1286 gaudii·et
893 1193 1058 1265 laetitiae:
1086 1205 1121 1266 ut
1147 1193 1201 1266 hio
1228 1204 1261 1264 et
1278 1193 1344 1266 illic
1357 1194 1595 1286 glorificemus
1621 1194 1804 1287 laudemus
1829 1217 1944 1267 vene-

568 1330 681 1380 remur
707 1317 741 1379 et
767 1308 967 1381 extollamus
994 1332 1115 1382 nomen
1142 1320 1231 1381 tuum
1263 1309 1362 1382 valde
1394 1309 1623 1383 honorandum
1659 1321 1691 1382 et
1723 1308 1944 1392 benedictum,

568 1424 730 1519 simulque
756 1425 892 1496 Domini
918 1427 1023 1496 nostri
1049 1424 1133 1496 lesa
1160 1423 1302 1514 Christi,
1330 1406 1363 1496 et
1389 1424 1531 1521 Spiritus
1558 1428 1603 1496 tui
1631 1429 1746 1498 sancti.

671 1540 834 1632 Populus.
888 1539 991 1610 stem.

671 1656 857 1727 Sacerdos.
910 1655 994 1727 Pax.

672 1771 832 1864 Populus.
885 1770 1029 1842 Etcum
1056 1774 1172 1865 spiritu
1199 1782 1266 1844 tuo.

568 1915 574 1928 ·
672 1885 857 1957 Sacerdos.
911 1885 1164 1958 Misericordiae
1191 1888 1254 1958 Dei
1282 1890 1355 1958 sint.

672 2001 804 2072 Postea
826 2005 962 2095 frangit
989 2001 1146 2072 Oblaiam
1172 2009 1207 2072 ei
1232 2005 1345 2096 ripuar
1371 2003 1506 2073 diceas:
1533 1999 1717 2076 Credimus.

672 2117 852 2188 Diaconos
879 2118 964 2186 dicit
991 2117 1211 2188 Catholicam.

808 2475 983 2545 Sacerdos
1009 2475 1093 2544 dicit
1121 2475 1319 2574 Oratiomm
1344 2479 1425 2544 ante
1450 2473 1551 2544 Pater
1577 2485 1701 2547 noster.

670 2695 830 2790 Princeps
857 2718 980 2787 magne
1007 2707 1040 2766 et
1067 2697 1167 2767 Pater
1192 2719 1276 2768 vere
1308 2683 1478 2790 utriusque
1512 2697 1655 2782 saeculi,
1688 2694 1850 2787 Domine,
1884 2699 1940 2791 qui

565 2832 629 2883 uos
658 2819 703 2881 e'x
730 2810 829 2884 nihilo
857 2811 1011 2897 eduxisti,
1038 2823 1073 2882 ut
1100 2833 1263 2902 essemus,
1291 2822 1325 2911 et
1350 2815 1425 2883 vias
1452 2821 1564 2883 rectus
1592 2810 1719 2902 salutis,
1746 2834 1808 2907 per
1821 2811 1939 2883 Filium

565 2937 655 2998 tuum
682 2929 886 3018 unigenitum
914 2927 1054 2998 docuisti
1081 2949 1159 2998 nos:
1187 2938 1220 2999 tu
1248 2950 1334 2999 nanc
1362 2929 1460 2998 etiam
1487 2950 1548 3022 per
1572 2929 1712 3018 gratiam
1731 2937 1821 2998 tuam
1839 2951 1938 3001 com-

564 3046 694 3138 patiens
722 3042 893 3114 nobiscum
920 3042 1081 3127 Domine,
1117 3043 1286 3115 sanctifica
1313 3053 1441 3114 mentes
1475 3053 1509 3113 et
1540 3042 1672 3134 linguas
1707 3050 1857 3132 nostras,
1895 3066 1936 3116 eo

563 3158 630 3229 fine
655 3171 691 3230 ut
717 3181 800 3254 pure
826 3153 1022 3230 invocemus
1049 3168 1082 3228 te
1097 3157 1203 3229 Deum
1219 3157 1350 3229 Patrem
1367 3161 1637 3253 omnipotentem,
1664 3168 1825 3244 sanctum,
1852 3180 1937 3230 ore-

563 3295 703 3368 musque
730 3284 763 3345 et
790 3273 953 3346 dicamus:
980 3275 1080 3344 Pater
1106 3283 1221 3344 noster
1250 3277 1304 3366 qui
1332 3295 1369 3364 es
1396 3277 1429 3344 in
1456 3273 1571 3346 coelis.

668 3388 829 3482 Populus.
882 3388 1161 3459 Sanctificetur..

666 3503 849 3574 Sacerdos.
904 3502 1046 3597 Semper
1073 3513 1147 3574 esto
1182 3512 1347 3574 armatura
1385 3514 1515 3591 nostra,
1551 3504 1708 3575 Domine:
1745 3503 1936 3591 auxiliator,

516 3657 521 3665 ·
563 3628 597 3689 et
624 3618 773 3710 adjutor3
810 3629 843 3690 et
869 3643 889 3689 a
916 3619 1151 3691 tentationibus
1181 3629 1422 3713 praeservatur
1457 3629 1491 3690 et
1523 3618 1701 3690 liberator:
1737 3621 1812 3712 quia
1847 3629 1936 3690 tuum

563 3745 615 3806 est
641 3756 802 3826 regnum,
835 3743 868 3805 et
900 3743 1049 3828 potestas
1084 3733 1230 3820 atinus,
1263 3737 1490 3830 unigenitique
1516 3733 1590 3805 Filii
1625 3737 1687 3822 tui,
1723 3743 1757 3805 et
1791 3733 1936 3830 Spiritus
2057 3725 2061 3732 ’

561 3851 625 3939 tui,
652 3860 714 3921 etc.

576 3957 581 3970 ¹
664 3965 828 4058 Populus.
881 3967 1000 4038 Amen.

665 4081 850 4152 Sacerdos.
903 4083 986 4152 Pax.
1090 4135 1093 4144 -

665 4194 827 4287 Populus.
879 4194 1022 4267 Etcum
1050 4199 1165 4293 spiritu
1186 4207 1259 4268 tuo.

569 4376 577 4390 ,
665 4309 852 4382 Diacoaus.
908 4311 1077 4384 Inclinate.

666 4425 827 4518 Populus.
883 4426 1006 4500 Coram
1034 4438 1067 4500 te
1094 4427 1247 4501 Domine.

664 4541 848 4612 Sacerdos.
901 4542 1085 4617 Adorande
1119 4547 1175 4638 qui
1208 4555 1259 4617 ter
1298 4544 1470 4633 adoraris,
1506 4555 1540 4616 et
1572 4551 1688 4617 sancte
1724 4542 1933 4635 glorificaris,

560 4656 730 4727 sanctifica
757 4656 900 4728 Domine
928 4663 1054 4731 animas
1088 4669 1122 4730 et
1155 4681 1299 4755 corpora
1335 4682 1450 4732 eorum
1484 4662 1538 4754 qui
1575 4679 1689 4731 curam
1723 4669 1756 4730 te
1788 4657 1934 4730 inclinati

560 4782 647 4860 sunt,
675 4783 710 4843 ut
737 4783 853 4844 sancte
881 4776 1048 4868 mysteriis
1074 4777 1147 4856 istis
1175 4779 1465 4863 communicemus,
1493 4785 1527 4846 et
1553 4773 1738 4846 referemus
1765 4771 1834 4846 tilri⁴
1850 4772 1934 4868 glo·

558 4887 662 4974 riam,
691 4898 754 4958 etc.

663 5000 824 5094 Populus.
875 5004 998 5079 Amen.
