4712 6032
682 591 760 664 202
1192 588 1553 665 tiburtin

679 779 739 866 tui,
764 799 827 871 per
854 799 951 871 quem
979 787 1013 848 et
1040 798 1115 847 cnm
1143 795 1208 870 quo
1236 783 1271 844 te
1297 772 1394 844 decet
1419 771 1539 866 gloria,
1571 749 1679 846 honor
1705 786 1739 847 et
1764 777 1951 871 imperium,
1978 795 2053 844 cmn

681 893 806 988 Spiritu
831 901 889 965 tuo
916 894 1137 963 sanctissimo.

784 1005 947 1094 Populus.
999 1009 1120 1073 Arnen.

785 1115 969 1187 Sacerdos.
1022 1116 1106 1187 Pax.

785 1232 947 1325 Populus.
999 1231 1144 1302 Etcum
1171 1233 1287 1326 spiritu
1313 1240 1381 1302 tuo.

784 1349 974 1418 Diacomts.
1027 1345 1095 1418 Det
1120 1368 1239 1440 pacem
1265 1347 1499 1442 unusquisque.

783 1463 947 1556 Populus.
1002 1463 1138 1535 Omnes.

784 1579 974 1650 Diaconos.
1027 1579 1120 1650 Post.

783 1693 946 1788 Papulas.
1000 1693 1124 1766 Coram
1150 1702 1184 1764 te
1210 1690 1363 1764 Domine.

782 1808 967 1881 Sacerdos.
1020 1810 1127 1881 Dator
1165 1810 1348 1880 sanctitatis
1387 1815 1421 1876 et
1461 1803 1603 1898 largitor
1636 1809 1742 1879 omnis
1781 1804 1862 1880 boni
1894 1808 2051 1900 Domine,

681 1927 735 2018 qui
762 1947 894 1996 omnem
928 1937 1115 1997 creaturam
1148 1921 1346 2022 rationalem
1380 1925 1557 1993 sanctitate
1584 1943 1669 2015 quae
1702 1945 1722 1993 a
1756 1934 1789 1995 te
1820 1933 1890 2011 est,
1923 1929 2053 1998 sancti-

679 2039 777 2112 ficas:
813 2039 983 2114 sanctifica
1010 2037 1255 2136 perspiritum
1288 2047 1378 2107 tuum
1412 2047 1583 2126 sanctum,
1614 2059 1678 2108 nos
1714 2059 1839 2112 servos
1873 2051 1967 2129 trias,
2000 2044 2053 2135 qui

679 2154 875 2227 inclinamur
905 2178 1021 2227 coram
1055 2165 1105 2226 te:
1139 2154 1246 2226 libera
1273 2174 1336 2225 nos
1364 2152 1406 2225 ab
1440 2150 1592 2223 omnibus
1625 2155 1838 2248 passionibus
1873 2154 2051 2228 servilibus

679 2272 822 2362 peccati,
849 2267 891 2338 ab
919 2268 1056 2356 invidia,
1083 2267 1172 2353 dolo,
1201 2267 1410 2362 deceptione,
1438 2266 1533 2353 odio,
1561 2270 1754 2356 inimicitiis,
1790 2279 1824 2339 et
1858 2268 1900 2340 ab
1929 2292 1970 2341 eo
1998 2273 2051 2364 qui

679 2381 798 2454 eadem
824 2393 998 2479 operatur,
1034 2393 1070 2454 ut
1101 2404 1288 2454 mereamur
1323 2392 1441 2454 sancte
1479 2382 1644 2477 perlicere
1683 2387 1897 2457 ministerium
1936 2383 2050 2456 borum

679 2496 973 2570 sacramentorum
998 2497 1254 2588 vindicantium,
1280 2519 1343 2593 per
1367 2497 1556 2594 pontificem
1590 2497 1772 2570 coelestem
1805 2498 1920 2570 lesum
1949 2497 2051 2572 Chri-

678 2621 764 2686 stum
789 2615 993 2705 unigenitum
1017 2612 1136 2684 Filium
1161 2622 1271 2703 tuum,
1305 2634 1367 2708 per
1393 2635 1491 2709 quem
1518 2622 1652 2685 etcum
1674 2636 1740 2709 quo
1762 2624 1796 2686 te
1823 2613 1919 2687 decet
1945 2615 2051 2708 gloria

679 2738 713 2798 et
737 2724 856 2800 honor.

782 2843 944 2936 Populus.
997 2846 1116 2917 Amen.

784 2958 968 3031 Sacerdos.
1022 2959 1181 3034 Existens
1216 2957 1438 3033 essentialiter
1469 2969 1505 3032 et
1537 2957 1579 3029 ab
1616 2965 1773 3048 aeterno,
1808 2962 1903 3053 cajus
1935 2973 2050 3034 natura

678 3073 1019 3171 incomprehensibilis
1047 3087 1117 3167 est,
1153 3079 1207 3171 qui
1234 3098 1426 3170 prapaes,
1460 3085 1494 3146 et
1527 3095 1690 3170 praesens
1717 3073 1889 3166 omnibus,
1925 3075 2050 3173 absque

679 3189 745 3262 ulla
772 3189 978 3264 sublimitatis
1006 3203 1083 3264 tuae
1109 3195 1306 3264 mutatione:
1333 3195 1428 3282 cujus
1456 3190 1637 3263 bonitatem
1664 3195 1788 3285 appetit
1821 3201 1855 3262 et
1886 3192 2050 3264 desiderat
2101 3199 2108 3208 '

679 3307 907 3402 quodcumque
935 3310 1065 3396 existit3
1091 3305 1313 3400 intelligibiles
1340 3307 1471 3402 quidem
1499 3315 1533 3377 et
1559 3304 1727 3378 intellectu
1748 3305 1920 3402 praeditae
1946 3331 2049 3380 crea-

678 3432 793 3513 turae,
824 3422 1092 3514 intelligibiliter,
1125 3445 1228 3495 sensu
1262 3445 1347 3495 vero
1380 3421 1572 3517 praeditae,
1608 3419 1818 3495 sensibiliter.
1872 3423 1936 3509 Oui
1978 3428 2049 3496 cum

678 3558 762 3608 unus
798 3541 845 3612 sis
881 3537 1123 3628 essentialiter,
1158 3548 1268 3610 umen
1304 3538 1386 3610 ades
1417 3537 1592 3610 nobiscum
1626 3547 1660 3608 et
1695 3540 1781 3609 inter
1813 3561 1893 3627 nos,
1930 3544 1962 3611 in
1989 3540 2050 3613 bac

676 3650 773 3742 bora,
801 3676 865 3748 qua
892 3653 933 3724 ad
961 3652 1046 3726 haec
1072 3656 1233 3750 mysteria
1260 3664 1315 3725 tua
1342 3663 1458 3725 sancta
1485 3655 1618 3725 vocasti
1652 3663 1686 3723 et
1712 3651 1879 3725 adduxisti
1906 3677 1984 3729 nos:
2019 3666 2051 3726 et

677 3768 785 3840 standi
819 3791 933 3843 coram
966 3768 1096 3841 sublimi
1130 3768 1266 3841 Tbrono
1301 3771 1484 3860 majestatis
1519 3778 1597 3839 tuae
1633 3767 1754 3858 dignos
1785 3766 1912 3859 iecisti,
1952 3779 2050 3864 atque

676 3884 841 3956 tractandi
867 3907 953 3956 vasa
981 3896 1096 3957 sancta
1123 3888 1296 3956 ministerii
1331 3889 1377 3955 tui
1402 3883 1554 3956 manibus
1590 3885 1713 3954 nostris
1745 3886 1891 3978 impuris.
1944 3884 2051 3956 Aufer

677 4011 786 4071 autem
816 4024 836 4072 a
861 3999 971 4089 nobis,
997 4002 1153 4090 Domine,
1179 4011 1310 4072 vestem
1338 4003 1517 4094 iniquitatis
1550 4021 1614 4093 qua
1649 4000 1758 4070 amicti
1793 4021 1922 4085 sumus,
1957 4011 1991 4071 ut
2030 4023 2050 4072 a

676 4114 759 4187 Jesu
785 4113 872 4188 Filio
905 4115 1056 4189 losedek
1089 4116 1276 4188 Sacerdote
1308 4137 1431 4207 magno
1466 4119 1667 4188 vestimenta
1703 4114 1838 4187 sordida
1872 4113 2050 4195 abstulisti:

678 4239 712 4301 et
738 4232 862 4324 pietate
889 4241 989 4327 atque
1012 4235 1138 4323 justitia
1173 4254 1302 4305 exorna
1329 4254 1409 4319 nos,
1445 4235 1530 4303 sicut
1561 4229 1652 4301 illum
1684 4235 1885 4302 vestimento
1921 4229 2050 4322 gloriae

679 4349 822 4434 ornasti;
849 4358 883 4417 ut
909 4358 943 4420 te
970 4347 1045 4420 solo
1073 4359 1226 4443 tanquam
1255 4358 1446 4440 tegumento
1474 4345 1589 4435 induti,
1617 4355 1650 4416 et
1676 4349 1760 4417 sicut
1787 4345 1908 4441 templa
1944 4367 2050 4417 coro-

679 4469 758 4531 nata
786 4460 895 4552 gloria
923 4468 1120 4554 existentes,
1147 4475 1181 4536 te
1208 4463 1335 4560 absque
1362 4463 1528 4537 velamine
1548 4461 1733 4548 videamus,
1759 4471 1870 4532 mente
1897 4461 2050 4535 divinitus

677 4575 853 4664 illustrata,
881 4590 914 4650 et
942 4579 982 4650 ad
1009 4603 1158 4653 mensam
1185 4583 1282 4672 regni
1308 4583 1353 4652 tui
1380 4579 1567 4676 epulemur,
1599 4577 1674 4648 dum
1700 4575 1766 4649 hoc
1793 4576 1957 4650 sacrificio
1985 4601 2049 4649 co-

678 4714 749 4763 ram
785 4693 883 4766 nobis
916 4699 1091 4791 proposito
1131 4699 1411 4770 communicantes
1445 4694 1673 4792 perfruemur,
1708 4705 1742 4766 et
1768 4687 1953 4766 referemus
1994 4694 2048 4765 tibi

677 4805 819 4899 gloriam
846 4818 880 4880 et
904 4807 1045 4882 laudem.

780 4925 943 5017 Populus.
994 4927 1114 4998 Arnen.

744 5055 750 5060 ·
781 5039 970 5113 Diaconos
1022 5043 1155 5117 Stemus
1183 5042 1350 5116 decenter.
