4728 6028
496 653 500 660 .
608 573 638 650 S.
666 573 773 652 PETRI
797 569 979 649 PRINCIPIS
1006 569 1290 648 apostatarunt
1536 568 1607 644 151

249 770 335 836 sunt:
363 759 519 832 auferens
546 770 581 832 et
606 761 769 832 dimittens
796 779 912 831 omnes
938 761 1125 854 iniquitates
1152 759 1281 832 illorum
1308 768 1343 830 et
1368 768 1520 850 nostrae,
1545 779 1608 854 per

248 853 333 950 tunm
361 899 444 968 erga
470 876 622 950 homines
649 897 810 966 amorem,
837 878 913 971 quia
939 874 1144 971 impossibiIe
1176 885 1229 948 est
1254 873 1317 947 illis
1345 879 1401 971 qni
1426 874 1483 947 vel
1509 877 1609 946 unico

247 1003 430 1080 momento,
457 993 598 1088 aliquam
638 991 857 1089 temporalem
889 990 1091 1087 voluptatem
1118 1002 1356 1089 perceperunt,
1389 999 1424 1062 ut
1458 1012 1525 1064 non
1559 991 1611 1062 rei

247 1112 466 1198 inveniantur,
491 1112 556 1182 nisi
583 1112 631 1197 ei,
658 1111 713 1204 qui
741 1131 792 1207 ex·
814 1111 887 1180 sinu
914 1117 970 1180 tuo
998 1107 1118 1204 prodiit
1143 1107 1185 1178 ah
1212 1117 1361 1196 aeterno,
1388 1108 1549 1180 Dominus
1576 1115 1611 1177 et

246 1224 402 1298 Salvator
427 1236 544 1298 noster
568 1225 668 1298 Iesus
696 1223 862 1310 Christus,
896 1245 958 1319 per
994 1245 1090 1319 quem
1124 1227 1223 1296 etiam
1257 1247 1320 1298 nos
1347 1222 1609 1296 misericordiam

246 1345 404 1435 consequi
430 1363 620 1437 speramns,
655 1349 689 1412 et
721 1343 953 1412 remissionem
986 1349 1220 1435 peccatorum,
1255 1362 1341 1436 quae
1366 1349 1505 1436 propter
1532 1361 1608 1411 eum

245 1468 308 1546 est,
335 1466 369 1529 et
393 1457 493 1530 nohis
521 1468 555 1531 et
579 1460 670 1553 ipsis.

346 1572 507 1668 Populus.
563 1574 714 1660 Quietem
740 1580 885 1668 praesta.

310 1765 316 1780 ,
346 1688 530 1761 Sacerdos.
581 1689 722 1776 Libera,
755 1687 852 1761 solve
886 1699 919 1760 et
951 1688 1074 1761 dirnitte
1100 1687 1261 1777 Domine,
1294 1709 1429 1762 errores
1462 1699 1495 1760 et
1520 1690 1609 1760 insi·
1746 1779 1750 1786 ⁵

243 1808 383 1902 pientius
410 1793 598 1878 servorum'
614 1812 647 1876 et
680 1802 870 1876 ancillarum
901 1815 1030 1878 tuarum
1046 1815 1196 1877 secretas
1223 1815 1257 1877 et
1283 1804 1443 1894 occultas,
1470 1802 1609 1876 abstru-

243 1945 299 1998 sas
326 1932 361 1994 et
384 1920 546 2016 publicas,
571 1923 769 2017 praeteritas
802 1930 837 1992 et
867 1919 1013 2008 futuras,
1049 1921 1180 2016 quando
1215 1922 1272 1995 tibi
1304 1919 1451 2017 placebit
1484 1941 1547 1994 nos
1575 1927 1610 1990 et

242 2037 316 2112 illos
349 2037 493 2111 liberare
529 2061 549 2109 a
584 2036 780 2110 connstone
813 2038 846 2107 in
879 2047 1059 2132 conspeetu
1099 2049 1172 2109 tna:
1209 2048 1242 2108 et
1275 2036 1317 2109 ad
1356 2035 1493 2110 delicias
1535 2045 1608 2107 tuas

130 2148 133 2157 ’
241 2151 359 2226 beems
385 2157 595 2250 perveniant,
621 2155 716 2225 utin
742 2150 856 2239 nobis,
890 2175 953 2248 pro
978 2153 1096 2244 nobis,
1123 2164 1157 2224 et
1182 2163 1320 2249 propter
1352 2173 1431 2242 nos,
1473 2151 1607 2245 glorifi-

243 2280 354 2360 cetur,
381 2281 414 2342 et
440 2268 591 2342 laudetur
616 2291 737 2341 nomen
773 2277 872 2363 tuum¹
886 2265 1114 2357 benedictum,
1151 2279 1184 2342 et
1216 2269 1349 2343 Domini
1383 2269 1489 2341 nostri
1521 2265 1604 2340 lesu

243 2382 366 2462 Christi
392 2397 426 2458 et
452 2385 594 2482 Spiritus
621 2388 666 2456 tui
693 2387 811 2473 sanati,
838 2375 930 2457 nune¹
951 2395 984 2458 et
1010 2407 1152 2481 semper,
1181 2397 1242 2458 eto.

344 2518 506 2612 Populea.
558 2518 678 2590 Amen.

343 2634 527 2706 Sacerdos.
579 2635 663 2706 Pax.

345 2749 504 2843 Papulae.
556 2748 700 2821 Etcum
727 2749 841 2844 spiritu
867 2757 934 2819 tuo.

344 2864 527 2938 Sacerdos.
578 2866 833 2938 Benedictiones
859 2865 923 2935 Dei
950 2866 1025 2955 sint,
1052 2873 1113 2936 eto.

343 2981 504 3076 Populos.
556 2980 698 3056 Etcum
725 2983 841 3078 spiritu
867 2989 934 3053 tuo.

343 3097 529 3170 Dinooaae.
582 3098 703 3170 ltermn
730 3107 829 3193 atque
855 3099 981 3170 iterum.

270 3455 283 3474 „
333 3492 507 3565 Sacerdos
530 3496 662 3586 sraopr't
689 3493 958 3572 Eunomianam,
984 3512 1065 3561 moa
1090 3490 1175 3562 diar't
1202 3490 1399 3562 Orationem
1424 3497 1505 3564 orate

702 3647 710 3656 ·
791 3610 891 3680 Pater
916 3615 1040 3680 noster.

342 3846 570 3941 Depreoamnr
597 3853 629 3915 te
655 3843 747 3915 Deus
774 3854 881 3940 pater,
908 3855 1042 3916 curator
1073 3853 1207 3934 noster,
1240 3843 1432 3917 consolator
1457 3846 1602 3916 moesti-

241 3959 359 4032 tudinis
392 3969 544 4048 nostrae,
581 3969 614 4031 et
645 3959 850 4032 confortator
884 3963 1077 4034 infirmitatis
1112 3970 1268 4034 nostrae:
1300 3963 1355 4054 qui
1387 3960 1471 4032 ultra
1505 3980 1603 4031 omne

241 4087 370 4172 tempus
398 4099 498 4172 super
528 4075 677 4149 thronum
713 4087 801 4148 tuum
836 4081 1040 4174 requiesco,
1074 4086 1108 4147 et
1141 4101 1160 4148 a
1192 4077 1366 4149 virtutihus
1402 4075 1602 4148 coelestibus

240 4203 395 4289 potenter
420 4191 634 4285 glorificaris:
662 4197 716 4288 qui
741 4193 894 4285 legiones
921 4197 1042 4288 ignitas
1070 4193 1191 4265 ardore
1222 4202 1278 4266 tuo
1305 4191 1428 4264 infinito
1455 4213 1602 4264 suecen-

242 4311 309 4398 dis3
336 4313 391 4405 qui
417 4312 575 4404 primitias
603 4319 637 4381 et
663 4306 847 4382 oblationes
878 4310 938 4383 has
964 4320 1116 4398 nostras,
1151 4332 1237 4404 quae
1263 4333 1283 4381 a
1309 4308 1406 4382 nobis
1433 4307 1491 4380 tihi
1516 4306 1603 4380 hand

240 4425 398 4519 indigenti
425 4424 558 4498 oblatae
585 4435 670 4512 sunt,
697 4425 916 4515 sanctificare,
943 4426 1107 4521 perlicere
1133 4435 1166 4497 et
1182 4428 1353 4521 suscipere
1379 4424 1531 4515 dignatus
1552 4445 1602 4515 es,

240 4565 301 4639 per
326 4543 549 4638 praesentiam
574 4545 734 4634 unigeniti
760 4541 833 4614 Filii
860 4544 917 4633 tui,
943 4552 978 4613 et
1003 4541 1155 4638 illapsum
1172 4540 1314 4639 Spiritus
1335 4545 1455 4614 sanati:
1483 4542 1602 4614 munda

239 4657 369 4732 nasah
397 4661 486 4730 omni
513 4657 652 4748 maana,
680 4669 713 4730 et
739 4661 970 4732 Immnnitatem
998 4656 1039 4730 ab
1067 4662 1156 4730 omni
1182 4660 1366 4754 impuritate
1398 4657 1601 4749 (danobis)

240 4786 275 4847 ut
299 4797 366 4848 uno
394 4777 507 4870 spiritu
534 4787 644 4862 reato,
681 4786 715 4846 et
740 4779 879 4848 cantate
904 4778 1096 4866 inextincta,
1124 4797 1209 4870 qnae
1231 4774 1321 4846 'filins
1340 4771 1447 4865 decet,
1475 4775 1602 4871 absque

240 4889 447 4981 confusione,
472 4889 650 4963 clamemus
677 4901 711 4963 et
737 4891 893 4964 dieamus.
945 4894 1046 4964 Pater
1072 4901 1188 4964 noster
1214 4894 1268 4987 qni
1295 4914 1332 4965 es
1359 4895 1392 4964 in
1419 4893 1532 4966 coelis.

342 5006 501 5101 Papulas.
555 5006 783 5080 Sanotfflaetur
809 5031 930 5081 nomen
957 5017 1146 5100 taumate.
