4782 6068
634 596 882 674 BEATDRUM
915 593 1260 673 nrosrononttn
1299 603 1350 669 oc.
1608 589 1685 664 583

311 812 374 886 per
406 784 665 860 misericordiam
698 795 795 858 tuam.
856 781 894 855 Si
926 783 1114 876 iniquitates
1151 745 1391 854 observaveris
1418 778 1577 874 Domine,
1611 781 1684 876 quis

311 907 433 1002 poterit
460 901 672 977 consistere?
701 903 777 996 qnia
805 898 893 994 apud
918 909 952 970 te
978 900 1169 995 propitiatio
1197 907 1259 970 est.

430 1190 473 1264 In
499 1191 571 1263 clio
598 1190 726 1260 Codice
750 1185 929 1262 Sacerdos
955 1189 1040 1258 dicit
1064 1187 1154 1260 bone
1182 1185 1381 1258 Orationem
1407 1190 1554 1257 secreto.

417 1379 527 1453 llater
560 1379 694 1451 Domini
737 1382 842 1452 nostri
874 1377 955 1449 lesu
991 1373 1134 1466 Christi,
1168 1375 1352 1472 deprecare
1386 1397 1449 1472 pro
1481 1396 1536 1447 me
1567 1374 1687 1446 Filium

313 1499 517 1590 unigenitum
548 1497 603 1591 qui
629 1517 675 1566 ex
701 1504 735 1565 te
761 1503 858 1567 natus
885 1502 949 1583 est,
975 1505 1011 1568 ut
1036 1494 1181 1564 remittat
1206 1490 1283 1564 mibi
1318 1491 1456 1580 delicta,
1487 1499 1522 1562 et
1547 1498 1688 1586 peccato

313 1637 399 1702 mea,
427 1623 461 1684 et
486 1613 644 1705 suscipiat
670 1633 716 1682 ex
743 1610 893 1682 manibus
911 1613 995 1681 meis
1012 1609 1148 1682 infirmis
1166 1619 1200 1681 et
1227 1605 1468 1704 peccatricibus
1487 1605 1687 1681 sucrificium

314 1728 379 1802 hoc
406 1727 496 1824 quod
521 1725 616 1799 ollert
642 1724 850 1799 imbecillitas
872 1748 966 1815 mea,
984 1748 1085 1821 super
1104 1724 1168 1799 hoc
1189 1724 1306 1814 altare,
1332 1746 1394 1820 per
1413 1727 1686 1796 intercessionem

314 1856 404 1918 tuam
430 1865 492 1940 pro
520 1866 590 1933 me,
616 1843 726 1915 Mater
752 1850 878 1914 sancta.

425 1956 458 1998 ¹⁰
485 1959 566 2030 Com
592 1959 722 2030 dicerit
746 1957 933 2030 Diaconos.
987 1955 1175 2050 Vigilanter
1201 1966 1236 2028 et
1262 1966 1404 2048 attente,
1439 1958 1552 2030 statim
1578 1957 1689 2048 carpit

314 2076 491 2148 Sacerdos
518 2083 552 2146 et
578 2076 789 2167 discooperit
813 2079 1041 2160 sacramenta,
1077 2068 1283 2167 ¹¹anserens
1300 2073 1408 2145 celum
1433 2094 1499 2167 qno
1516 2071 1690 2168 tegebar-r

314 2201 386 2266 tur:
412 2193 584 2264 benedicit
609 2194 780 2261 incensam
806 2194 841 2261 et
867 2189 951 2262 dicit
978 2189 1160 2277 Canonem,
1188 2189 1263 2260 alta
1287 2211 1382 2261 coco.

425 2304 456 2348 ¹²
483 2306 598 2381 Gratia
624 2305 758 2378 Domini
793 2309 898 2378 nostri
923 2305 1006 2377 Jesu
1034 2303 1174 2378 Christi:
1208 2316 1242 2378 et
1274 2293 1397 2379 caritas
1428 2305 1495 2375 Dei
1521 2306 1628 2378 Patris
1654 2317 1689 2377 et

315 2428 570 2501 communicatio
598 2423 740 2520 Spiritus
768 2425 884 2510 sancti,
913 2425 956 2494 sit
982 2444 1057 2494 cum
1085 2420 1236 2494 omnibus
1262 2420 1359 2494 nobis
1386 2444 1484 2509 nunc,
1511 2430 1574 2495 etc.
1627 2419 1630 2426 ’

417 2541 543 2634 Sipnat
568 2545 796 2632 sacramenta,
823 2543 858 2610 et
882 2539 1099 2632 respondent.
1150 2540 1272 2613 Amen.

418 2655 596 2729 Sacerdos
617 2659 849 2750 prosequitur.
911 2649 942 2693 ¹³
968 2655 1107 2727 Sursum
1135 2658 1201 2727 sint
1226 2664 1355 2728 mentes
1382 2665 1530 2729 vestrae.

421 2772 653 2866 Respondent.
706 2773 791 2844 Sunt
825 2771 867 2842 ad
894 2782 928 2844 te
954 2771 1047 2844 Deus
1073 2771 1257 2862 Abraham,
1283 2771 1393 2862 Isaac,
1420 2782 1453 2845 ct
1478 2769 1584 2844 lsrael
1610 2771 1689 2844 Rex

187 2909 191 2916 ·
316 2889 478 2986 gloriose.

420 3004 604 3078 Sacerdos.
658 3003 792 3077 0blatio
810 3003 887 3076 Deo
914 3006 1058 3078 omnium
1085 2971 1219 3077 domino
1248 3003 1392 3078 offertur.

421 3121 652 3215 Respondent.
706 3122 851 3214 Dignum
878 3129 912 3191 et
933 3121 1058 3212 justum
1085 3128 1146 3192 est.

421 3238 609 3309 Diaconos.
661 3235 736 3306 Pax
761 3233 944 3309 nobiscum.

474 3510 651 3584 Sacerdos
676 3513 818 3604 imponit
843 3513 1013 3582 incensam
1040 3517 1075 3582 et
1100 3512 1186 3582 dicit
1211 3511 1301 3582 banc
1324 3510 1532 3583 Orationem.

422 3702 578 3788 Domine,
613 3700 756 3771 Domine
791 3699 832 3770 da
865 3697 942 3771 mihi
977 3712 1128 3797 apertam
1160 3699 1279 3774 faciem
1316 3723 1429 3774 coram
1462 3711 1514 3788 te,
1546 3709 1581 3771 ut
1615 3723 1689 3772 cum

317 3817 436 3891 fiducia
463 3837 549 3910 quae
577 3838 596 3887 a
624 3823 657 3886 te
683 3817 737 3904 sit,
763 3814 973 3913 perficiamus
989 3817 1186 3889 sacrificium
1212 3813 1277 3889 hoc
1303 3816 1508 3889 tremendum
1536 3825 1571 3888 et
1596 3815 1690 3886 divi-

318 3957 408 4018 num,
435 3935 649 4004 conscientiis
677 3931 719 4002 ab
748 3935 837 4006 omni
863 3936 1007 4027 nequitia
1035 3943 1069 4006 et
1096 3933 1312 4005 amaritudine
1338 3936 1440 4030 puris.
1493 3931 1629 4004 Semina
1656 3933 1688 4002 in

317 4052 416 4124 nobis
443 4049 585 4121 Domine
612 4045 835 4138 dilectionem,
862 4069 980 4143 pacem
1007 4059 1041 4120 et
1062 4049 1275 4122 concordiam
1293 4048 1334 4121 ad
1361 4052 1518 4137 invicem,
1545 4057 1580 4120 et
1606 4067 1691 4140 erga

314 4185 554 4262 quoscumque.

422 4281 470 4353 Et
496 4286 631 4353 erectrn
657 4281 743 4352 dicit
768 4286 913 4353 secreto.
970 4281 1117 4374 Dignum
1152 4292 1204 4354 est
1236 4281 1344 4375 gloria
1371 4281 1414 4357 ab
1442 4283 1531 4355 omni
1559 4301 1629 4366 ore,
1657 4289 1692 4350 et

320 4396 547 4487 conlocatam,
574 4396 615 4470 ab
644 4395 795 4469 omnibus
822 4397 954 4490 linguis,
981 4407 1015 4469 et
1048 4397 1244 4470 adoratione
1277 4409 1378 4493 atque
1411 4397 1612 4470 exaltatione
1647 4393 1690 4468 ab

315 4511 473 4590 ,omnihus
500 4516 673 4600 creaturiS,
700 4537 821 4585 nomen
849 4513 1052 4586 odorandum
1079 4523 1113 4585 ct
1138 4513 1322 4606 gloriosum
1338 4515 1460 4603 Patris,
1486 4522 1521 4585 et
1546 4511 1630 4598 Filii,
1658 4521 1692 4584 et

315 4626 464 4723 ¹Spiritus
491 4633 612 4702 sancti:
640 4632 694 4723 qui
721 4633 852 4703 creavit
877 4629 1029 4702 mundam
1047 4633 1264 4727 pergratiam
1292 4653 1400 4721 suam,
1426 4640 1459 4702 et
1485 4627 1690 4701 habitatores

315 4747 394 4838 ejus
422 4767 484 4840 per
511 4747 718 4818 clementiam
744 4767 851 4836 suam,
887 4749 941 4842 qui
975 4747 1119 4818 salvavit
1150 4743 1301 4819 homines
1333 4769 1395 4843 per
1428 4744 1689 4819 misericordiam

321 4881 426 4948 suam,
454 4871 488 4932 et
514 4863 676 4956 praestitit
702 4866 844 4955 gratiam
872 4883 1026 4954 magnam
1053 4885 1135 4955 erga
1163 4863 1331 4936 mortales.
1363 4863 1573 4956 Majestatem
1600 4871 1691 4955 tuam

323 4975 467 5048 Domine
493 4975 693 5053 benedicunt
720 4990 753 5052 ct
779 4980 930 5070 adorant,
965 4979 1083 5051 millies
1108 4979 1231 5051 milleni
1258 4981 1392 5076 superni
1426 4977 1619 5074 (Spiritus)
1655 4988 1690 5048 et

321 5089 446 5172 decies*
461 5090 550 5166 mille
576 5093 746 5191 myriades
761 5096 982 5196 ‚Angelorum
1014 5095 1224 5189 Sanctorum,
1260 5099 1427 5170 exercitus
1461 5094 1690 5195 spiritualium,
