4728 6028
594 596 667 714 tue
1091 596 1447 674 urrunnun

590 805 674 857 vera
701 785 874 881 voluptate
900 783 1092 879 perfundes:
1119 806 1180 857 eos
1209 795 1331 857 sunm
1345 787 1401 879 qui
1427 783 1677 856 declinaverunt
1703 805 1722 853 a
1750 784 1867 855 semita
1893 786 1953 855 vi-

589 911 656 989 tae,
683 903 716 972 in
741 900 928 994 gehennam
954 902 1041 994 ignis
1068 897 1312 973 comburendos
1337 903 1457 974 mittes.
1509 899 1562 972 Ne
1588 897 1755 971 suffundas
1788 921 1852 972 nos
1884 923 1954 995 pu-

591 1017 674 1090 dore
699 1029 912 1112 peccatorum
944 1026 1151 1103 nostrorum,
1184 1037 1294 1111 neque
1325 1018 1376 1088 rei
1409 1018 1511 1088 simus
1544 997 1784 1088 communionis
1817 1026 1952 1112 myste-

589 1137 715 1206 riorum
742 1109 931 1208 sanctdrnm
955 1134 1111 1221 istorum,
1138 1133 1215 1228 quia
1241 1134 1396 1224 imaginis
1430 1142 1508 1203 tuae
1533 1123 1665 1203 nomine
1691 1133 1798 1205 ornati
1825 1155 1954 1208 sumus:

591 1271 701 1345 neque
729 1248 770 1320 da
796 1249 893 1322 nohis
920 1247 1066 1340 gaudeat
1090 1269 1154 1318 rex
1181 1250 1282 1338 aeris,
1309 1270 1384 1319 cum
1409 1247 1562 1339 malignis
1588 1250 1736 1320 catervis
1762 1250 1853 1338 suis,
1879 1251 1974 1344 quia.

591 1367 755 1457 sanguine
781 1377 838 1438 tuo
871 1361 1008 1436 redemti
1041 1384 1169 1436 sumus:
1205 1363 1265 1436 sed
1299 1367 1380 1435 oriri
1412 1361 1466 1434 fac
1498 1385 1599 1459 snper
1633 1384 1696 1436 nos
1732 1365 1841 1436 lumen
1876 1364 1956 1438 illud

590 1489 692 1571 tuum,
725 1479 812 1575 quod
837 1480 892 1551 die
918 1479 1055 1552 secundi
1089 1478 1250 1552 adventus
1283 1484 1329 1552 tui
1364 1483 1495 1552 emittes
1530 1500 1631 1572 super
1658 1479 1809 1552 timentes
1836 1490 1888 1570 te,
1922 1489 1957 1552 et

591 1597 682 1670 salus
710 1601 776 1669 cito
802 1595 900 1669 nobis
927 1599 978 1668 sit.
1029 1593 1184 1668 Ecclesia
1210 1618 1352 1690 namque
1378 1606 1454 1684 tua,
1480 1604 1515 1666 et
1539 1617 1629 1688 grex
1655 1604 1728 1667 tuus
1756 1594 1953 1694 deprecatur

534 1723 537 1736 ·
590 1721 634 1800 te,
660 1724 695 1785 et
719 1735 781 1810 per
806 1721 851 1802 te,
878 1735 919 1784 ac
945 1722 1053 1784 tecum
1078 1713 1210 1805 Patrem
1237 1721 1327 1784 tuum
1353 1710 1477 1785 dicens.

693 1829 853 1922 Popnlns.
904 1827 1077 1901 Miserere.

693 1945 876 2018 Sacerdos.
929 1943 1001 2017 Nos
1029 1965 1169 2040 quoqne.

605 2127 609 2140 .
695 2060 856 2156 Populus.
909 2059 959 2132 'l'e
983 2059 1165 2132 laudamus.

694 2176 882 2248 Diaconas.
936 2173 1043 2282 Quam
1068 2173 1212 2248 timenda
1238 2185 1292 2249 est
1317 2174 1400 2248 lraec
1425 2175 1518 2249 hora.

568 2499 572 2513 '
625 2501 801 2574 Sacerdos
826 2459 1015 2576 ‘inclinatas
1041 2501 1126 2572 dicit
1153 2457 1349 2574 Orationem
1374 2502 1608 2576 invocationis
1633 2501 1784 2595 Spiritus
1809 2506 1929 2574 sancti.

695 2726 858 2798 Miserere
884 2728 1008 2814 nostri,
1034 2728 1196 2814 Domine,
1223 2728 1384 2798 miserere
1409 2729 1537 2816 nostri,
1569 2737 1603 2799 et
1636 2731 1727 2799 mitte
1761 2727 1803 2799 ad
1833 2749 1897 2800 nos
1933 2749 1954 2798 e

592 2843 678 2917 solio
704 2852 761 2914 tuo
788 2844 899 2934 regio,
934 2851 967 2913 et
992 2865 1040 2914 ex
1065 2840 1183 2913 throno
1215 2852 1271 2915 tuo
1305 2843 1447 2934 infinito,
1483 2842 1641 2938 Spiritum
1674 2853 1764 2914 tuum
1795 2852 1956 2932 sanetum,

592 2963 627 3031 ct
652 2957 863 3050 Parasitum,
890 2959 1039 3052 ejusdem
1065 2981 1138 3030 curn
1166 2967 1220 3029 tua
1246 2963 1422 3052 majestate
1448 2969 1604 3050 naturae3
1622 2956 1955 3047 consubstantialem,

592 3077 683 3147 vitae
717 3074 932 3167 largitorem,
968 3073 1086 3147 throno
1120 3081 1154 3145 et
1193 3077 1386 3147 aeternitate
1419 3075 1608 3171 aequalem:
1646 3077 1701 3170 qui
1735 3083 1889 3172 operatur
1923 3079 1958 3147 in

591 3191 778 3287 ProphetiS,
806 3201 840 3262 et
864 3191 1051 3287 Apostolis,
1075 3188 1277 3287 martyribus
1305 3201 1339 3262 et
1365 3191 1627 3280 confessoribus,
1653 3191 1811 3284 regilone,
1836 3202 1956 3264 recto-

592 3307 697 3395 ribuS,
725 3301 955 3380 sacerdotibus
982 3316 1016 3380 et
1042 3305 1194 3380 omnihus
1222 3307 1390 3380 ordinibus
1401 3307 1578 3380 Ecclesiae
1604 3307 1720 3380 tidelis.
1755 3308 1818 3394 Qui
1845 3331 1957 3405 appa-

592 3426 658 3494 ruit
683 3427 716 3493 in
744 3420 918 3495 columbae
945 3425 1058 3520 specie
1085 3445 1187 3519 super
1212 3423 1388 3497 Dominum
1415 3435 1563 3531 nostrum
1589 3423 1706 3496 desum
1733 3420 1898 3497 Christum
1924 3427 1956 3496 in

592 3539 740 3612 dordone
766 3537 886 3612 llnvio:
914 3544 969 3636 qui
995 3540 1166 3613 deseendit
1191 3563 1293 3637 super
1314 3539 1500 3636 Apostolos
1527 3551 1603 3613 tuos
1622 3547 1756 3612 sanctos
1782 3543 1817 3612 in
1844 3543 1958 3637 specie

592 3655 778 3747 linguarum
812 3656 907 3746 ignis.
951 3655 1017 3733 lit,
1035 3679 1122 3729 nunc
1156 3661 1366 3751 requiescat,
1399 3667 1433 3728 et
1465 3665 1596 3729 maneat
1630 3677 1732 3752 super
1772 3653 1957 3728 oblationes

592 3773 745 3859 nosnos,
782 3780 816 3842 et
846 3793 947 3869 super
979 3793 1041 3844 nos
1068 3773 1234 3862 inlinnos,
1267 3781 1303 3844 ut
1334 3776 1501 3867 possimus
1535 3775 1712 3870 percipere
1747 3771 1893 3844 adlatum
1924 3781 1959 3843 ct

592 3887 722 3960 radium
748 3887 910 3960 adventus
936 3891 1021 3982 ejus,
1049 3900 1082 3960 et
1107 3886 1259 3960 illabatur
1286 3912 1387 3985 super
1412 3911 1475 3962 nos
1503 3900 1536 3962 et
1562 3889 1744 3986 superbas
1771 3886 1958 3961 oblationes

593 4004 797 4100 propositas,
824 4026 950 4098 easque
977 4003 1167 4077 sanctificet.

698 4117 881 4191 Sacerdos.
908 4119 1041 4192 Exaudi
1067 4142 1121 4192 me
1149 4120 1300 4192 Domine.

698 4235 859 4330 Populos.
910 4216 1016 4335 llyr'ie
1043 4238 1169 4312 eleison
1196 4246 1259 4312 ter.

697 4351 880 4427 Sacerdos.
933 4353 979 4426 Ut
1003 4354 1159 4446 illabens,
1194 4354 1312 4428 elliciat
1342 4379 1461 4455 panem
1494 4356 1625 4453 quidem
1660 4355 1746 4429 hunc
1781 4359 1958 4454 icorpus

596 4465 761 4558 salutare,
788 4469 816 4556 †
843 4492 965 4566 corpus
996 4471 1183 4560 vivificum,
1221 4473 1249 4560 †
1283 4496 1404 4570 corpus
1435 4473 1568 4546 Domini
1599 4473 1664 4562 Dei
1704 4484 1739 4546 et
1770 4469 1958 4546 Salvatoris

594 4586 699 4655 nostri
725 4584 808 4658 Jesu
835 4584 967 4677 Christi,
994 4587 1035 4658 ad
1062 4589 1285 4684 expiationem
1313 4590 1523 4681 delictorum,
1557 4594 1789 4664 remissionem
1828 4611 1959 4683 pecca-

595 4706 715 4791 torum,
741 4712 775 4773 et
801 4705 903 4774 vitam
930 4711 1100 4775 aeternam
1125 4703 1189 4778 illis
1217 4708 1271 4800 qui
1298 4709 1483 4803 suscepturi
1509 4717 1593 4780 sunt.

700 4817 860 4911 Populos.
910 4821 1029 4893 Amen.

697 4932 882 5006 Sacerdos.
936 4935 1093 5009 Similiter
1134 4940 1234 5010 etiam
1273 4939 1410 5012 calicem
1450 4937 1554 5028 hunc,
1600 4944 1746 5016 instituat
1788 4953 1808 5029 †
1846 4955 1958 5042 potum

595 5047 789 5141 coelestem,
815 5056 836 5132 †
863 5055 1056 5145 sanguinem
1083 5052 1273 5144 salutarem,
1300 5061 1320 5137 †
1347 5059 1542 5150 sanguinem
1556 5057 1738 5151 vivificum,
1764 5065 1959 5154 sanguinem
