4782 6068
720 485 796 558 562
1138 486 1644 564 urssununlto

718 672 871 766 Regibus
911 677 1045 768 saepius
1085 675 1186 744 armis
1220 683 1400 768 occupata,
1437 683 1540 778 tutum
1571 671 1725 746 exulibus
1760 673 1890 770 asylum
1925 673 2094 770 praebuit:

719 793 919 885 praesertim
946 813 1019 861 cum
1048 786 1217 876 cosroes,
1246 811 1342 882 quem
1371 789 1474 882 vulgo
1501 788 1767 862 Nuscbiruanum
1782 800 1920 876 vocant,
1946 789 2010 862 illis
2036 789 2096 862 fa-

720 917 818 977 veret
843 909 1042 1001 impensius3
1071 905 1155 976 adeo
1181 913 1217 975 ut
1249 903 1438 976 Ecclesiam
1472 906 1681 978 Edessenam
1717 909 1799 1003 ipsis
1834 905 2019 978 attribuerit
2050 930 2097 978 ex

516 1081 541 1132 T·
557 1079 608 1151 ,p
625 1081 698 1132 ΗΜ
722 1045 787 1115 qua
815 1019 856 1093 ab
885 1021 1041 1092 Heraclio
1070 1019 1192 1112 dejecti
1219 1031 1310 1092 suut:
1345 1021 1493 1115 reliquos
1527 1025 1627 1094 etiam
1660 1021 1867 1094 Christianos
1903 1021 1946 1092 ad
1979 1044 2095 1096 eorum

576 1119 616 1134 '¹
699 1115 874 1209 'haeresin
909 1135 1173 1230 amplectendam
1208 1147 1366 1227 cogeret,
1399 1148 1554 1230 quantum
1589 1141 1621 1208 in
1654 1137 1710 1211 illo
1747 1147 1829 1209 erat.
1883 1135 1934 1208 lla
1967 1141 2096 1210 ratione

720 1252 842 1325 lactum
871 1261 905 1323 ut
930 1257 1049 1345 ingens
1078 1251 1240 1348 Syrorum
1268 1251 1439 1348 multitudo
1467 1253 1509 1324 ad
1537 1275 1597 1325 eus
1633 1275 1671 1324 se
1706 1254 1915 1346 adjunxerit,
1951 1257 2096 1324 maxime

592 1405 595 1410 ·
722 1391 797 1440 cum
831 1367 963 1440 scholas
990 1367 1183 1440 Nisibenam
1212 1377 1246 1437 ει
1271 1365 1480 1440 Edessenam
1509 1377 1744 1464 occupassent,
1777 1367 1969 1464 exquibus
1997 1369 2095 1440 cele-

721 1484 858 1557 berrimi
883 1483 1059 1555 Ecclesiae
1085 1482 1251 1579 Syriacae
1278 1483 1446 1556 Doctores
1464 1483 1676 1579 prodierant,
1704 1495 1878 1578 antequam
1894 1467 2095 1556 Nestoriana

321 1155 323 1158 ι
398 1077 501 1133 Cedren.

722 1600 874 1672 haeresis
900 1599 1179 1694 Mesopotamiam
1205 1597 1385 1671 iniecisset.

371 1747 375 1754 ·
432 1747 710 1817 11„„„,1,g„,3„
828 1715 883 1786 ΙΙΙ.
936 1715 1047 1786 Prima
1073 1713 1226 1806 Liturgia
1256 1737 1341 1807 quae
1368 1715 1567 1810 reliquarum
1595 1715 1713 1788 Canon
1741 1715 1873 1810 quidam
1901 1725 1962 1802 est,
1991 1724 2096 1788 etex

398 1849 466 1903 v=¹⁰⁰
483 1835 577 1886 dicitur
594 1831 710 1902 apono-
725 1854 790 1927 qua
816 1841 935 1928 preces
964 1852 1155 1903 communes
1182 1829 1305 1901 multae
1331 1834 1416 1902 sumi
1448 1830 1576 1920 solent,
1611 1831 1728 1904 dicitur
1759 1831 1965 1903 Sanctorum
1990 1833 2096 1926 Apo-

335 1992 339 1998 ·
397 1920 491 1974 ’Μ
722 1946 975 2018 steteramus
1002 1945 1523 2021 Nestorianivocant'Adaeum
1551 1949 1739 2038 etMarin,
1775 1959 1871 2043 quos
1888 1951 1987 2018 ctiam
2014 1946 2096 2018 Do-

432 2092 526 2144 Aram
542 2094 569 2144 ι,
586 2092 649 2144 gar,
661 2091 709 2142 Μ..
724 2069 839 2134 ctores
866 2064 1017 2133 Orientis
1045 2061 1232 2157 appellant,
1261 2072 1294 2133 et
1321 2062 1363 2133 de
1391 2063 1509 2158 quibus
1537 2061 1638 2134 multa
1664 2074 1802 2135 narrant
1827 2063 1957 2135 illorum
1985 2061 2096 2135 bisto-

397 2176 445 2231 Ar.
722 2182 812 2268 riae,
853 2178 914 2251 sed
950 2200 1036 2272 quae
1080 2201 1154 2249 cum
1198 2179 1404 2271 antiquorum
1439 2179 1645 2250 Graecomm
1684 2182 1880 2251 testimoniis
1917 2177 2096 2251 conciliare

721 2293 821 2367 facile
854 2316 922 2366 uon
956 2305 1017 2366 est.
1070 2293 1214 2366 Nomina
1246 2293 1357 2365 Adaei
1390 2304 1422 2365 et
1457 2295 1562 2366 Maris
1588 2316 1654 2365 non
1681 2304 1935 2390 repraesentant
1962 2292 2096 2366 codices

721 2412 950 2499 recentiores,
978 2413 1063 2482 sicut
1089 2408 1144 2480 illa
1172 2413 1297 2480 omissa
1324 2420 1400 2481 sunt
1425 2413 1457 2480 in
1473 2409 1593 2483 Latina
1609 2413 1768 2483 versione
1784 2411 1911 2482 Missae
1927 2407 2096 2481 Christia-

723 2549 843 2598 norum
871 2524 958 2621 apud
984 2523 1095 2598 Indos.
1148 2524 1204 2596 An
1231 2545 1332 2618 porro
1359 2527 1466 2620 primo
1491 2529 1555 2597 ista
1570 2524 1720 2618 Liturgia
1746 2537 1898 2598 veterem
1916 2524 2096 2600 Ecclesia-

722 2664 794 2715 mm
820 2642 1087 2735 Mesopotamiae
1114 2639 1320 2736 disciplinam
1352 2643 1539 2730 contineat,
1576 2664 1672 2736 quam
1707 2641 1897 2714 Nestoriani
1928 2647 2096 2739 propriam

723 2755 882 2851 deinceps
910 2754 974 2828 sibi
1000 2754 1158 2844 iecerint,
1185 2766 1241 2827 aut
1267 2779 1391 2828 novam
1419 2755 1461 2828 ab
1482 2759 1563 2853 ipsis
1582 2756 1813 2844 introductam,
1836 2756 1989 2848 judicare
2009 2758 2095 2833 dilli-

724 2872 788 2944 cde
814 2879 876 2942 est.
929 2873 1091 2959 Quamvis
1118 2855 1205 2943 enim
1232 2875 1350 2945 merito
1378 2880 1534 2966 suspecta
1567 2873 1609 2943 sit
1641 2871 1917 2946 Nestorianorum
1952 2873 2096 2963 traditio,

593 3067 595 3070 ,
724 2987 856 3084 quaudo
884 2988 959 3061 solo
986 2993 1134 3083 ipsorum
1161 2991 1351 3062 testimonio
1377 2989 1509 3077 nititur,
1535 2986 1592 3059 ubi
1619 2999 1730 3060 tamen
1763 2988 1903 3060 aliorum
1935 2989 2095 3062 Orienta-

722 3104 801 3176 lium
827 3107 1047 3179 monumentis
1080 3104 1312 3194 contirmatnr,
1347 3107 1553 3177 autoritatem
1586 3101 1696 3177 habet.
1747 3106 1795 3178 At
1827 3105 1916 3199 quod
1948 3105 2096 3193 Adaeus,

723 3223 798 3293 sive
824 3219 1020 3312 Thadaeus,
1046 3219 1230 3294 Edessenis
1256 3217 1478 3312 Evangelium
1505 3220 1770 3316 praedicaverit,
1802 3232 1880 3316 post
1915 3226 2096 3295 ascensio-

722 3360 798 3408 nem
825 3336 976 3424 Domini,
1004 3359 1187 3430 omnesque
1213 3335 1510 3431 Mesopotamenos
1536 3337 1570 3406 in
1596 3335 1661 3408 lide
1688 3335 1875 3409 Christiana
1911 3339 2097 3428 instituerit,

723 3451 885 3546 simulque
911 3453 1060 3525 ordinem
1087 3451 1263 3524 Ministerii
1290 3455 1378 3524 sacri
1406 3451 1494 3548 apud
1521 3473 1582 3524 eos
1610 3450 1829 3542 ordinaverit,
1857 3475 1931 3523 cum
1947 3454 2016 3546 Agi
2035 3477 2094 3527 suo

723 3566 906 3663 discipulo;
934 3570 1116 3641 communis
1143 3577 1195 3638 est
1221 3589 1354 3661 quoque
1379 3566 1608 3640 Jacobitarum
1635 3566 1777 3639 traditio.
1831 3567 1924 3639 Mam
1960 3573 2095 3665 reperi-

723 3705 796 3754 mus
823 3687 857 3754 in
885 3686 1016 3777 antiqua
1044 3679 1251 3782 Collectionc
1282 3681 1474 3772 Canonum,
1509 3683 1784 3777 diversarumque
1820 3682 2097 3758 Constitutiouum

723 3796 868 3894 Syriaca
894 3798 984 3870 MS⁸.
1037 3797 1266 3886 Bibliothecae
1291 3798 1464 3870 Palatinae
1492 3797 1608 3872 Cosmi
1633 3799 1688 3870 ΠΙ.
1716 3797 1834 3891 Magni
1859 3797 2096 3894 Ducisttru-

723 3916 794 3985 riae
822 3911 882 3986 sub
911 3914 976 3987 boc
1003 3913 1105 3987 titulo.
1158 3913 1332 3985 Doctrina
1358 3917 1475 3988 Adaei
1500 3916 1679 4010 Apostoli,
1707 3920 1765 4010 qui
1792 3918 1908 3988 docuit
1934 3923 1969 3987 ει
1995 3923 2096 3987 cote-

727 4031 874 4102 cbisueit
899 4030 1094 4101 Edessenos
1120 4034 1156 4100 et
1182 4051 1295 4101 ornnes
1319 4030 1626 4124 Mesopotamenos.
1679 4033 1770 4104 Fieri
1796 4035 1895 4125 igitur
1921 4037 2038 4130 potuit,
2063 4041 2098 4104 ut

724 4146 780 4219 illa
807 4144 1047 4218 Ecclesiastica
1075 4143 1266 4240 disciplina,
1294 4169 1380 4239 quae
1407 4151 1588 4242 praecipue
1615 4148 1655 4220 ad
1673 4146 2096 4221 sacramentacelebranda

724 4265 886 4358 pertinet,
914 4264 1090 4355 antiquitus
1116 4265 1149 4331 in
1175 4261 1440 4356 Mesopotamiae
1466 4262 1630 4336 Ecclesiis
1656 4267 1822 4357 viguerit,
1850 4275 1884 4336 et
1905 4263 2097 4336 Nestoriani

726 4401 818 4467 eam,
845 4381 898 4450 cui
924 4379 1102 4471 indigenae
1129 4381 1253 4452 assueti
1280 4390 1376 4450 erant
1401 4382 1604 4452 retinuerint
1655 4378 1776 4475 Neque
1796 4383 1883 4452 enim
1903 4378 2097 4475 exprobra·
2152 4443 2155 4453 ι

726 4505 793 4565 tum
820 4492 997 4589 aliquando
1025 4492 1089 4566 illis
1114 4492 1220 4566 luisse
1246 4494 1399 4566 videmus
1427 4494 1469 4567 eb
1498 4493 1703 4569 Orthodoxis
1730 4505 1786 4566 aut
1803 4494 1983 4584 Jacobitis,
2012 4495 2099 4589 quod

725 4631 849 4681 novam
883 4608 1159 4681 celebrandorum
1193 4609 1487 4683 Sacrameutomm
1518 4610 1661 4683 iormam
1694 4614 1905 4703 invexerint,
1938 4621 2097 4706 practer-

727 4748 825 4821 quam
853 4725 894 4797 ab
921 4748 987 4797 uno
1014 4725 1175 4814 Leontio,
1204 4726 1246 4796 de
1274 4748 1339 4821 quo
1367 4726 1494 4798 dicetur
1520 4726 1667 4799 inferius.

437 4851 529 4922 Magna
543 4853 612 4908 itlius
625 4855 714 4907 artur·
830 4841 887 4915 IV.
940 4841 1032 4938 Sane
1059 4851 1215 4936 quantum
1243 4864 1289 4914 ex
1316 4845 1566 4938 comparatione
1593 4841 1731 4915 aliarum
1766 4841 1892 4914 diversi
1923 4845 2007 4915 ritus
2034 4841 2097 4914 Li-

403 4938 462 5007 ⁸l¹⁰
480 4939 626 5008 ''ullum''
727 4961 921 5054 turgiarnm⁶
938 4959 1107 5049 conjicere
1134 4979 1330 5053 possumus,
1358 4962 1505 5030 maxima
1531 4966 1584 5031 est
1609 4960 1641 5028 in
1660 4957 1869 5031 Nestoriauis
1896 4957 2097 5053 simplicitas,
