4712 6032
585 703 805 782 nunonem
834 705 864 780 s.
891 703 1089 782 Joanms
1118 649 1454 800 onuvsosromss
1625 643 1700 778 24³

436 891 619 965 Sacerdos.
671 890 855 964 Adorande
896 893 950 986 qui
984 890 1025 963 ab
1059 891 1201 984 Angelis
1238 890 1448 966 benediceris
1481 900 1513 963 et
1549 892 1702 964 sanctifi-

333 1009 432 1096 caris,
453 1019 487 1082 et
501 1009 541 1082 ab
554 1009 740 1082 hominibus
755 1010 896 1079 terrenis
911 1007 1092 1083 celebraris
1115 1019 1149 1080 et
1163 1009 1335 1096 exaltaris,
1353 1010 1473 1104 quique
1488 1006 1531 1082 ab
1551 1009 1703 1082 omnibus

334 1128 496 1197 creaturis
523 1149 598 1197 omn
622 1127 740 1198 timore
752 1134 785 1196 et
801 1134 945 1196 tremore
960 1124 1112 1196 adoraris
1132 1135 1165 1196 et
1177 1125 1393 1217 glorificaris3
1408 1127 1534 1222 aspice,
1548 1127 1702 1216 Domine,

333 1239 475 1314 famulos
504 1251 589 1331 tuos,
617 1244 671 1337 qui
697 1225 784 1312 nunc
810 1249 844 1310 te
868 1244 1037 1329 invocant,
1064 1240 1165 1313 etde
1192 1239 1266 1328 illis,
1294 1251 1330 1312 ut
1355 1263 1429 1313 cum
1456 1245 1597 1338 puritate
1624 1245 1702 1314 ani-

333 1379 409 1428 mae
441 1368 475 1428 et
509 1361 682 1430 sanctitate
714 1359 866 1452 corporis
899 1354 1076 1429 oliorumus
1110 1357 1169 1430 tibi
1203 1359 1372 1431 orationes
1399 1378 1519 1452 puras,
1552 1354 1702 1428 oblatio-

333 1493 460 1568 nesque
492 1472 733 1570 acceptabiles:
761 1483 794 1543 et
819 1472 945 1544 imctus
971 1472 1134 1546 labiomm
1160 1483 1348 1546 nostrorum
1376 1475 1440 1547 sint
1466 1471 1508 1546 ad
1533 1470 1702 1569 benepla-

334 1589 431 1660 citum
460 1599 506 1661 et·
519 1588 725 1661 voluntatem
753 1588 932 1664 divinitatis
958 1598 1047 1678 tuae,
1075 1599 1109 1661 et
1134 1586 1319 1662 referemus
1354 1589 1413 1661 tibi
1448 1589 1606 1682 gloriam,
1640 1602 1702 1664 etc.

437 1703 599 1798 Populus.
652 1706 771 1777 Amen.

436 1819 623 1892 Diaconos.
677 1820 810 1892 Stemus
837 1820 1004 1894 decenter.

436 1934 598 2027 Populus.
652 1934 915 2009 Misericordiae.

437 2051 621 2123 Sacerdos.
674 2050 806 2124 Caritas
833 2053 952 2126 Patris.

436 2167 598 2261 Populus.
650 2161 694 2240 m
720 2191 793 2241 cum
822 2171 940 2264 spiritu
967 2179 1032 2242 tuo.

437 2281 619 2386 Sacerdos.
672 2284 812 2356 Sursum
839 2285 951 2356 corda.

437 2400 598 2494 Populus.
650 2399 819 2473 Habemus
845 2400 888 2471 ad
914 2402 1098 2472 Dominum.

421 2501 620 2588 'Sacerdos
674 2517 806 2590 Gratias
834 2539 973 2610 agamus
999 2518 1085 2590 Deo.

438 2631 598 2726 Populus.
651 2634 796 2725 Dignum
822 2643 857 2705 et
878 2635 1001 2726 justum
1029 2642 1090 2706 est.

435 2750 610 2822 Sacerdos
641 2750 833 2821 inclinatus.
885 2749 978 2821 Vere
1004 2749 1104 2842 digne
1130 2760 1165 2822 et
1187 2752 1311 2842 justum
1338 2760 1402 2838 est,
1429 2761 1464 2822 ut
1490 2750 1549 2823 tibi
1575 2754 1702 2842 malias
1777 2827 1779 2832 ,

333 2888 489 2960 agamus:
517 2866 707 2956 adoremus,
733 2865 967 2958 glorificemus,
994 2866 1165 2938 laudemus
1193 2876 1226 2938 et
1244 2868 1442 2958 exaltemus,
1469 2866 1599 2938 honore
1625 2865 1702 2936 alli-

334 2985 479 3072 ciamus,
508 2981 706 3076 jubilemus,
739 2981 975 3059 benedicamus
1014 2993 1049 3055 et
1086 2983 1328 3057 sanctificemus
1362 3006 1461 3056 unam
1493 2984 1703 3073 majestatem

334 3099 504 3171 Trinitatis
531 3107 677 3185 senche,
705 3092 855 3190 ejusdem
882 3098 1108 3190 substantiae,
1143 3110 1176 3171 et
1207 3098 1398 3172 adorandae
1425 3103 1457 3172 in
1485 3098 1589 3170 tribus
1616 3119 1702 3193 per-

335 3219 437 3303 sonis,
463 3214 584 3324 Patris,
610 3212 695 3302 Filii,
723 3224 757 3287 et
783 3215 925 3310 Spiribrs
951 3220 1072 3303 sancti,
1108 3238 1216 3311 neque
1248 3219 1333 3288 enim
1367 3215 1467 3288 laude
1499 3225 1614 3286 nostra
1641 3217 1700 3285 in·-

334 3330 427 3424 diget
459 3334 616 3424 majestas
652 3343 728 3420 tua,
755 3331 916 3422 Domine,
948 3353 1056 3427 neque
1090 3342 1204 3404 nostra
1237 3336 1419 3424 gratiarum
1455 3334 1585 3402 actione
1619 3351 1702 3424 opus

335 3444 448 3520 babes.

438 3563 588 3636 mecam
614 3587 738 3636 cocem.
791 3564 876 3637 Sunt
902 3568 990 3637 enim
1016 3563 1074 3636 tibi
1100 3563 1290 3636 laudatores
1310 3565 1482 3650 innumeri,
1510 3574 1543 3635 ct
1562 3565 1703 3634 virtutes

337 3678 495 3752 excelsae
521 3679 679 3769 infinitae,
713 3678 890 3752 Cherubim
926 3684 1141 3774 congregati,
1169 3677 1340 3774 Seraphim
1369 3676 1533 3775 praeclari
1567 3678 1702 3767 milleni,

338 3805 372 3868 et
397 3801 616 3888 congregatio
643 3796 908 3870 innumerabilis:
936 3796 1157 3870 multitudines
1186 3807 1220 3868 et
1248 3799 1380 3888 agmina
1414 3817 1499 3890 quae
1534 3798 1704 3890 supputari

337 3934 404 3984 non
425 3923 586 4008 possunt:
614 3912 747 3986 ordines
774 3917 913 4010 expansi
940 3917 1027 4006 ignis
1043 3912 1254 3986 devorantis:
1280 3915 1420 3983 virtutes
1434 3911 1602 3982 mirandae
1620 3934 1702 3982 car-

337 4026 434 4100 bonis
463 4027 638 4118 ardentis,
659 4029 811 4122 legiones
838 4029 1051 4104 absconditae
1093 4052 1180 4124 quae
1215 4031 1376 4101 sustinent
1409 4049 1540 4100 currum
1567 4025 1703 4098 Cheru-

338 4143 417 4233 bim,
444 4149 538 4239 cujus
561 4149 801 4218 conversiones
819 4147 961 4218 infinitae
983 4158 1073 4221 suut:
1100 4156 1227 4217 turmae
1250 4143 1435 4240 Seraphim,
1463 4163 1548 4238 quae
1575 4141 1702 4213 alarum

339 4281 473 4336 suarum
500 4265 608 4333 sonitu
636 4261 897 4358 superliminaria
925 4273 1154 4336 commovent:
1187 4259 1357 4333 multitudo
1387 4257 1582 4356 praeclara,
1616 4279 1703 4352 quae

340 4376 495 4448 emedio
522 4399 699 4472 prunarum
726 4378 920 4467 ardentium,
942 4390 1033 4450 motu
1060 4401 1121 4451 suo
1147 4379 1339 4474 percipitur:
1370 4374 1458 4446 mille
1491 4375 1589 4446 millia
1618 4397 1703 4469 quae

339 4501 425 4562 stant
450 4515 563 4564 coram
592 4503 636 4578 te,
664 4502 696 4564 et
723 4493 889 4590 myriades
917 4493 1100 4589 myriadum
1128 4517 1213 4589 quae
1232 4493 1365 4564 laudant
1390 4493 1567 4563 essentiam
1595 4481 1726 4584 tuam:
1801 4581 1811 4590 ι

340 4619 372 4681 ct
397 4631 462 4681 una
490 4630 588 4710 voce'
605 4608 718 4699 nitide,
744 4631 876 4705 unoque
903 4619 1065 4683 concentu
1086 4609 1228 4698 amabili,
1258 4620 1354 4681 cantu
1381 4610 1488 4694 suavi,
1515 4608 1703 4701 linguisque

339 4727 498 4797 materiae
526 4723 731 4820 expertibus,
758 4727 899 4807 clamant
926 4725 1009 4797 alter
1036 4727 1076 4798 ad
1105 4726 1257 4813 alterum,
1284 4723 1434 4796 laudibus
1461 4725 1604 4795 aeternis
1630 4744 1702 4794 vo-

339 4839 518 4913 ciferantur
545 4851 578 4912 et
605 4839 724 4914 dicunt.

441 4957 602 5051 Populus.
647 4957 805 5032 Sanctus.

441 5073 618 5146 Sacerdos
644 5076 834 5146 inclinatos.
887 5075 1002 5148 Voces
1028 5075 1180 5162 Domine,
1208 5070 1383 5167 Seraphim
1409 5074 1586 5143 essentiam
1612 5079 1701 5142 tuam

236 5243 239 5246 -
339 5189 526 5286 explicant:
558 5200 686 5263 turmae
714 5191 891 5265 thmbim
924 5189 1150 5263 absconditam
1184 5199 1332 5261 naturam
1367 5197 1455 5260 mam
1488 5182 1702 5258 benedicunt:

377 5326 500 5371 nummu.
1448 5301 1497 5376 34
