4814 6060
691 918 1377 1100 DlSSlllllbllO
1515 1024 1519 1029 ·

492 1253 1576 1374 nntnstotilltottun

785 1497 1277 1592 LITURGIIS.
1409 1593 1483 1602 ,.

397 1797 422 1886 1,
448 1769 656 1874 Itrrunoms
684 1805 773 1886 tres,
801 1819 938 1891 quarum
967 1821 1013 1871 ex
1039 1798 1192 1896 Syriacis
1220 1797 1392 1872 codicibus
1424 1803 1618 1872 versionem
1655 1800 1721 1873 da·-

346 1935 441 2006 mus,
467 1917 621 2010 proprias
649 1935 728 1986 esse
753 1911 1047 2004 Nestorianorum,
1075 1918 1130 2010 qui
1157 1912 1332 1988 canones
1359 1939 1517 2012 supremo
1544 1916 1631 1990 illius
1658 1940 1722 1992 se-

1753 1902 1771 1939 V

1788 1801 1918 1872 Liturgiae
1943 1820 2049 1874 quarum

1773 1889 1841 1940 arrio
1868 1905 1935 1941 nunc
1961 1893 2049 1960 prodit

1753 1976 1875 2042 propriae
1912 1975 2047 2034 Nestoris·

346 2039 421 2102 ctae
446 2027 660 2101 Patriarohae
686 2026 917 2120 subjiciuntur,
952 2033 1138 2102 certissimo
1171 2039 1312 2103 constat.
1367 2030 1445 2105 lllas
1472 2035 1558 2105 enim
1588 2034 1722 2106 descri-
1752 2073 1844 2112 norum
1862 2067 1930 2118 aunt.

345 2149 471 2241 psimus
504 2167 551 2216 ex
586 2143 766 2216 codicibus
799 2149 1049 2240 manuscriptis,
1077 2148 1133 2241 qui
1165 2156 1232 2217 tam
1264 2149 1460 2242 perspicuas
1487 2158 1602 2220 sectae
1638 2150 1722 2222 illius

345 2271 442 2334 notas
463 2259 606 2348 babent,
633 2270 669 2331 ut
696 2259 738 2331 de
766 2259 835 2365 iltis
856 2259 997 2333 dubitari
1022 2282 1090 2332 uon
1116 2265 1234 2356 possit.
1287 2263 1457 2348 Attamen,
1483 2285 1558 2336 cum
1585 2265 1620 2333 in
1648 2265 1721 2338 aliis

347 2375 468 2450 Officiis
495 2397 582 2472 quae
610 2399 655 2447 ex
683 2373 832 2465 Graeca,
858 2377 1091 2474 Aegyptiace,
1120 2386 1153 2448 et
1178 2376 1322 2473 Syriaca
1348 2377 1470 2470 linguis
1495 2381 1722 2476 interpretata,

345 2491 420 2566 huic
447 2493 637 2566 collectioni
664 2494 880 2582 inseruimus,
909 2491 1045 2566 codices
1073 2495 1224 2588 antiquos
1251 2494 1373 2565 multos
1408 2491 1638 2583 babuerimus,
1675 2517 1721 2567 ex

346 2609 463 2706 quibus
489 2618 603 2714 textus
630 2609 805 2678 sinceritas
839 2610 998 2700 agnosci,
1033 2618 1067 2679 et
1099 2613 1133 2680 in
1167 2609 1251 2683 locis
1285 2607 1411 2703 aliquot
1443 2608 1625 2683 difficilibus
1661 2609 1721 2682 lux
1828 2640 1839 2650 ·

346 2725 457 2796 allerri
483 2730 618 2818 posset,
644 2724 679 2793 in
705 2722 915 2816 Nestorianis
949 2725 1114 2796 caruimus
1147 2724 1203 2796 tali
1238 2734 1372 2820 tanaquo
1403 2727 1599 2798 necessario
1633 2723 1719 2797 sub·
1795 2821 1800 2830 ‚

344 2839 439 2913 sidio.
492 2839 579 2912 Nam
604 2840 825 2912 recentissimi
857 2838 989 2910 luerunt
1015 2837 1080 2928 illi,
1114 2860 1199 2934 quos
1230 2838 1479 2936 interpretando
1515 2843 1621 2912 secuti
1656 2862 1719 2913 su-

343 2979 436 3044 mus,
465 2978 510 3028 ex
539 2955 657 3051 quibus
690 2977 793 3043 onos,
828 2957 884 3048 qui
915 2952 1017 3050 paulo
1053 2956 1127 3049 plus
1163 2959 1339 3030 vetustatis
1374 2952 1500 3026 babere
1530 2955 1720 3043 videbatur,

344 3071 500 3144 loliorum
527 3072 703 3144 multorum
726 3075 891 3164 jacturam
918 3073 1135 3160 sustinuerat,
1169 3094 1255 3167 quae
1281 3069 1432 3167 suppleta
1462 3077 1555 3141 erant
1580 3074 1719 3158 recenti,

343 3211 407 3259 nec
432 3187 521 3261 bona
543 3210 652 3258 manu.
705 3187 802 3259 Alius
820 3189 989 3258 recentior
1003 3189 1146 3282 scriptus
1161 3185 1222 3258 luit
1237 3186 1367 3260 Romae
1383 3206 1470 3256 anno
1482 3179 1719 3256 MDCXCVII.

344 3327 364 3376 a
391 3302 540 3400 Josepbo
569 3301 735 3398 quondam
760 3301 954 3374 Patriarcha
981 3300 1240 3389 Chaldaeorum,
1269 3305 1326 3396 qui
1352 3324 1371 3371 a
1398 3304 1467 3375 suis
1494 3300 1627 3395 pulsus,
1654 3297 1720 3371 illic

344 3420 432 3492 diem
459 3440 554 3492 suum
582 3417 672 3490 obiit.
725 3418 758 3490 ls
786 3428 894 3490 autem
921 3417 1034 3491 codex
1061 3421 1177 3490 mirum
1205 3421 1238 3488 in
1266 3417 1399 3490 modum
1418 3415 1635 3514 interpolatus
1657 3426 1719 3504 est,

344 3558 418 3607 cum
446 3535 488 3607 ad
514 3533 662 3607 blissalis
692 3530 863 3606 Chaldaici
889 3532 1019 3606 Romae
1046 3534 1125 3606 editi
1151 3533 1310 3621 lormam,
1338 3536 1481 3631 scriptor
1512 3531 1607 3630 plura
1639 3555 1719 3604 mu-

342 3653 480 3739 taverit,
518 3661 552 3722 ut
584 3661 704 3744 postea
739 3645 1004 3722 observabimus.
1066 3649 1103 3720 ln
1130 3651 1232 3723 variis
1269 3671 1401 3746 quoque
1436 3647 1539 3739 locis,
1580 3645 1719 3738 alicujus

341 3789 422 3840 usus
449 3766 509 3840 tuit
534 3766 662 3840 Missae
689 3765 955 3838 Christianorum
981 3764 1068 3858 apud
1095 3765 1196 3837 Indos
1222 3763 1341 3866 Latina
1369 3767 1501 3853 versio,
1536 3785 1622 3858 quae
1654 3763 1719 3834 lti-

341 3885 475 3954 nerario
501 3882 737 3976 Historiaequo
763 3879 934 3952 Missionis
960 3879 1220 3971 Angamalensis
1256 3878 1370 3952 Alexii
1404 3881 1546 3954 lllenesii
1574 3876 1719 3951 Goensis

341 3997 600 4095 Arcbiepisoopi
627 3996 819 4090 subjuncta,
846 3998 880 4066 in
906 3991 1147 4068 Bibliothecam
1173 3997 1309 4069 Patrum
1336 3996 1498 4069 translata
1531 4005 1593 4068 est.
1645 3993 1719 4067 Etsi

340 4137 426 4187 vero
454 4113 563 4186 multis
590 4112 766 4209 praesidiis
794 4111 956 4198 destituti,
989 4110 1129 4182 formam
1156 4122 1267 4184 tamen
1293 4110 1520 4184 Nestorianae
1546 4109 1718 4202 Liturgiae

340 4252 458 4304 veram
485 4252 549 4302 nos
576 4227 722 4316 habero,
750 4229 850 4299 certis
878 4229 1081 4318 argumentis
1109 4225 1330 4299 demonstrari
1358 4229 1595 4300 existimamus.

444 4346 485 4417 ll.
539 4344 624 4416 Tres
651 4343 774 4416 babent
800 4345 976 4437 antiquitus
1003 4340 1171 4434 Litargias
1198 4329 1411 4431 Nestoriarii,
1448 4363 1508 4414 seu
1544 4336 1718 4431 Chaldaei,
1745 4357 2042 4427 resupinatam-

342 4473 377 4534 ut
404 4461 445 4534 ab
474 4459 546 4534 aliis
574 4458 797 4564 appellantur:
825 4461 889 4554 ipsi
914 4479 1000 4529 vero
1029 4456 1236 4531 Christianos
1265 4455 1452 4529 Orientales
1480 4477 1520 4529 se
1551 4452 1718 4528 lubentius
1731 4459 1780 4497 ¹¹⁰⁵
1799 4443 1938 4516 liturgiae.

344 4576 527 4674 appellant,
554 4585 590 4648 ut
623 4599 668 4648 ex
704 4573 875 4648 autoribus
909 4572 1057 4666 ejusdem
1090 4583 1204 4650 sectae
1248 4570 1325 4644 alibi
1356 4569 1583 4669 probabimus.
1637 4570 1722 4644 Sunt

344 4680 453 4766 autem
480 4692 526 4764 illi
552 4691 716 4788 Syrorum
743 4700 894 4763 veterum
914 4688 1177 4761 Christianorum
1202 4688 1381 4783 reliquiae,
1409 4689 1464 4783 qui
1479 4697 1558 4783 post
1573 4685 1717 4784 damna-

340 4819 410 4879 tum
436 4809 470 4878 in
495 4804 664 4902 Ephesina
691 4805 832 4902 Synodo
860 4805 1070 4891 Nestorium,
1096 4806 1182 4899 pulsi
1208 4801 1340 4895 legibus
1358 4803 1536 4892 Romame,
1565 4812 1598 4874 et
1624 4822 1716 4897 qno-

344 4922 520 4996 dammodo
535 4925 723 5022 proscripti,
750 4926 784 4994 in
809 4923 1084 5017 Mesopotamiam
1100 4943 1138 4997 so
1153 4931 1368 5018 receperunt,
1395 4943 1482 5020 quac
1500 4921 1716 5025 achrsarum
