4804 6026
661 631 714 705 40
1168 629 1528 706 LITURGIA

593 809 599 830 '
660 819 781 904 nostri,
810 839 884 890 cnm
911 839 977 912 quo
1003 812 1154 889 laudatus
1182 825 1216 887 et
1241 813 1435 888 benedictus
1462 836 1518 903 es,
1544 817 1579 888 in
1606 816 1710 888 coelis
1737 825 1772 887 et
1797 817 1936 887 interra
1955 836 2030 886 cum

662 935 779 1029 spiritu
805 943 878 1020 tuo,
907 941 969 1002 etc.

765 1048 926 1140 Populus.
952 1048 1073 1120 Amen.

766 1163 943 1234 Sacerdos
969 1155 1058 1234 Pan.¹
1212 1161 1374 1255 Populea.
1401 1160 1445 1234 lit
1473 1183 1557 1234 cum.
1652 1222 1655 1228 .

764 1278 949 1350 Sacerdos.
975 1276 1230 1349 Misericordiae
1256 1276 1330 1348 Dei.
1369 1305 1374 1313 ⁸

764 1393 926 1486 Populus.
953 1391 998 1464 Et
1024 1415 1098 1464 cum
1124 1395 1239 1490 spiritu
1266 1403 1332 1466 tuo.

763 1508 951 1580 Diaconos.
978 1507 1214 1604 Unusquisque
1246 1530 1321 1579 cum
1347 1510 1467 1580 timore
1494 1516 1528 1579 et
1554 1515 1700 1578 tremore
1727 1507 1770 1580 ad
1797 1510 1904 1580 Deum
1937 1511 2035 1604 aspi-

661 1625 746 1714 ciat,
773 1633 808 1695 et
834 1623 1095 1698 misericordiam
1122 1631 1156 1696 et
1182 1627 1323 1716 gratiam
1351 1646 1371 1695 a
1396 1625 1540 1697 Domino
1567 1621 1722 1718 postulet.

763 1737 948 1810 Sacerdos.
973 1738 1129 1828 Sanctus,
1159 1739 1320 1830 Sanctus,
1346 1737 1488 1811 Sanctus
1509 1738 1672 1811 Dominus
1698 1739 1792 1811 Deus
1820 1750 1939 1834 potens
1962 1739 2034 1812 Sa-

658 1852 776 1944 baoth,
803 1854 894 1950 pleni
920 1863 997 1928 sunt
1023 1855 1110 1927 coeli
1138 1865 1171 1926 et
1198 1863 1288 1926 terra
1314 1854 1466 1928 laudibus
1493 1859 1567 1928 tuis.
1620 1853 1783 1926 Exultare
1803 1876 1904 1948 super
1920 1855 2034 1928 coelos

659 1969 767 2057 Deus,
796 1979 829 2041 et
856 1992 957 2066 super
984 1992 1115 2042 omnem
1141 1979 1265 2041 terram
1291 1970 1400 2062 gloria
1423 1979 1496 2043 tua:
1524 1970 1566 2043 ad
1596 1969 1771 2042 toleravi
1797 1971 1913 2044 oculos
1941 1989 2036 2044 meos
2081 1963 2086 1976 ’

660 2089 715 2179 qui
741 2084 871 2158 habitas
899 2088 933 2156 in
959 2085 1084 2173 coelis,
1113 2095 1177 2158 etc.

762 2200 810 2271 El
824 2207 906 2294 post
922 2223 1041 2294 pauco
1062 2200 1320 2271 Eucharistiam
1342 2204 1517 2293 occipiens
1532 2203 1568 2270 ἐπ
1580 2199 1734 2270 ocooiboa
1751 2199 1836 2270 dicit
1861 2201 1923 2270 tito
1941 2223 2035 2273 coca.

763 2315 887 2388 Sancta
919 2319 1042 2388 sanctis
1076 2317 1111 2387 in
1142 2313 1365 2412 perfectione,
1398 2318 1542 2411 puritate
1575 2324 1610 2386 et
1642 2319 1820 2392 sanctitate
1854 2315 2035 2388 traduntur.

766 2431 847 2501 Tum
873 2431 990 2501 dicuat
1016 2454 1129 2502 omnes
1154 2431 1260 2503 simul.
1288 2429 1379 2502 Unus
1406 2432 1507 2502 Pater
1534 2439 1682 2520 sanctus,
1709 2453 1794 2503 unus
1817 2427 1921 2503 Filius
1948 2453 2034 2505 san-

658 2553 746 2634 ctus,
773 2569 858 2620 unus
885 2545 1028 2642 Spiritus
1055 2559 1200 2620 sanctus.
1236 2545 1287 2619 Sit
1313 2569 1436 2619 nomen
1456 2549 1592 2621 Domini
1617 2544 1840 2636 benedictum„
1869 2551 1924 2643 qui
1950 2568 2035 2620 unus

657 2667 768 2734 estin
795 2660 892 2734 coelo
920 2672 954 2733 et
979 2666 1013 2734 in
1040 2673 1145 2736 terra:
1172 2667 1236 2757 ipsi
1263 2664 1371 2756 gloria
1398 2661 1601 2736 insaecula.
1658 2661 1773 2733 Gloria
1789 2663 1879 2734 Patri
1909 2674 1943 2735 et
1968 2663 2034 2736 Fi-

534 2801 535 2806 *
656 2776 723 2868 lio,
750 2787 783 2850 et
809 2777 944 2872 Spiritui
970 2789 1107 2869 sancto,
1135 2783 1246 2851 omnia
1273 2778 1506 2866 sanctificanti,
1534 2788 1568 2851 et
1595 2780 1706 2850 omnia
1735 2781 1894 2871 expianti.

760 2891 945 2965 Sacerdos.
997 2896 1142 2968 Domine
1167 2917 1253 2968 vere
1280 2907 1313 2967 et
1339 2904 1432 2966 certo
1459 2892 1643 2981 credimus,
1674 2901 1707 2964 et
1732 2895 1766 2963 in
1794 2903 1827 2964 te
1853 2893 2033 2986 credimus,

657 3009 931 3102 quemadmodum
960 3009 1124 3082 creditur
1158 3022 1192 3083 te
1227 3011 1382 3083 Ecclesia
1418 3021 1535 3082 sancta
1570 3016 1604 3080 et
1636 3005 1824 3080 Catholica:
1863 3009 1952 3102 quod
1987 3012 2034 3082 sis

655 3145 740 3198 unus
767 3123 868 3198 Pater
894 3136 1048 3217 sanctus,
1076 3129 1129 3197 cui
1155 3130 1198 3198 sit
1224 3127 1351 3218 gloria,
1377 3127 1498 3202 Amen.
1538 3123 1632 3197 Unus
1658 3122 1764 3195 Filius
1790 3132 1946 3213 sanctus,
1973 3127 2037 3219 ipsi

654 3239 747 3331 leue,
778 3240 899 3313 Amen.
934 3240 1027 3314 Unus
1053 3241 1202 3339 Spiritus¹
1229 3252 1376 3331 sanctus⁷
1412 3244 1475 3335 ipsi
1500 3240 1608 3332 gloria
1635 3250 1668 3310 et
1689 3241 1871 3330 gratiarum
1894 3243 1981 3311 actio
2003 3242 2038 3311 in

653 3355 802 3449 saecula,
829 3357 949 3429 Amen.

764 3473 954 3546 Diacoara.
1011 3473 1049 3545 ln
1084 3476 1332 3547 resurrectione
1367 3472 1491 3546 Christi
1525 3471 1632 3562 Regis
1670 3472 1874 3563 accipiamus
1903 3475 2037 3544 veniam

657 3587 832 3664 animabus
867 3591 990 3662 nostris
1025 3590 1059 3659 in
1092 3587 1178 3681 fide,
1220 3600 1254 3662 ct
1270 3588 1435 3661 'dicamus
1472 3608 1588 3660 onmes
1621 3587 1821 3681 aequaliter,
1858 3587 1944 3660 Filio
1981 3590 2037 3682 qui

653 3703 802 3778 salvavit
827 3726 890 3777 nos
917 3726 980 3800 per
1006 3726 1138 3776 crucem
1166 3727 1270 3778 suam.
1323 3703 1524 3775 Benedictus
1551 3701 1710 3774 Salvator
1736 3713 1853 3774 noster
1878 3703 2033 3788 Sanctus,

653 3817 817 3910 Sanctus,
847 3819 992 3892 Sanctus
1019 3841 1057 3892 es
1085 3819 1237 3892 omnibus
1263 3818 1392 3908 modis,
1418 3817 1636 3909 magnificans
1668 3821 1862 3889 memoriam
1889 3819 2034 3910 genitri-

653 3937 704 4006 cis
731 3956 833 4025 suae,
861 3946 1052 4008 sanctorum
1079 3946 1112 4006 et
1140 3933 1367 4006 defunctorum
1393 3932 1553 4022 fidelium,
1579 3932 1732 4004 Alleluia.
1766 3932 1917 4005 Virtutes
1944 3955 2032 4004 coe-

655 4049 765 4122 lorum
792 4061 880 4123 stant
905 4049 1081 4123 nobiscum
1107 4053 1141 4120 in
1175 4049 1285 4121 medio
1318 4052 1517 4138 sanctuarii,
1559 4060 1592 4120 et
1627 4050 1843 4120 ministerium
1878 4045 2037 4119 exhibent

655 4169 792 4260 corpori
816 4165 892 4237 Filii
917 4165 1001 4258 Dei,
1030 4168 1085 4261 qui
1111 4164 1299 4237 immolatus
1327 4176 1380 4239 est
1406 4187 1522 4237 coram
1555 4162 1661 4236 nobis.
1721 4162 1903 4250 accedite,
1937 4165 2035 4235 acci-

654 4282 723 4376 pite
751 4303 797 4352 ex
823 4303 866 4354 eo
893 4283 1126 4354 remissionem
1151 4291 1367 4376 peccatorum
1394 4291 1427 4352 et
1464 4279 1676 4368 delictorum,
1708 4277 1864 4352 Alleluia.
1925 4277 2035 4374 Super

655 4393 762 4490 altare
789 4406 880 4468 tuum
906 4406 1055 4470 sanctum
1082 4397 1244 4486 Domine,
1277 4398 1439 4470 memoria
1466 4397 1523 4468 liat
1548 4407 1697 4493 patrum,
1723 4393 1881 4485 fratrum,
1909 4393 2033 4465 docto-

655 4533 795 4607 rumque
822 4523 1031 4602 nostrorum‚
1057 4522 1301 4609 resmgantque
1329 4514 1371 4584 ad
1398 4513 1571 4586 dexteram
1599 4524 1687 4586 tuam
1715 4513 1749 4580 in
1772 4509 1826 4580 die
1845 4519 1938 4582 ortus
1956 4531 2034 4580 ma·
2128 4545 2142 4556 ·

652 4629 784 4718 jestatis
811 4639 908 4714 tuae,
935 4626 1014 4698 Rex
1041 4625 1182 4701 Christe.
1235 4628 1390 4701 Alleluia.
1444 4628 1645 4700 Benedictus
1675 4627 1836 4698 Dominus
1864 4627 1919 4717 qui
1946 4623 2035 4695 dedit

565 4833 568 4839 Δ
658 4742 756 4817 uobis
784 4765 907 4838 corpus
932 4755 969 4814 et
996 4747 1193 4835 sanguinem
1221 4767 1314 4817 suum
1342 4749 1476 4832 vivum,
1507 4755 1544 4816 ut
1569 4766 1631 4838 per
1657 4740 1712 4811 illa
1739 4742 1874 4812 veniam
1907 4761 2036 4811 conse-

657 4881 811 4960 quamur,
839 4869 902 4930 etc.
958 4855 1041 4930 Cum
1068 4862 1161 4934 statis
1189 4863 1223 4931 in
1251 4863 1441 4933 sanctuario
1468 4859 1671 4932 Sacerdotes
1700 4857 1828 4950 aperite
1850 4859 1936 4928 ostia
1952 4877 2037 4926 cor-

657 4971 744 5046 dium
760 4985 968 5066 vestrorum,
992 4975 1089 5046 dicite
1113 4975 1277 5070 psalmum
1297 4985 1331 5046 et
1350 4973 1537 5047 benedicite
1559 4994 1662 5070 super
1682 4969 1926 5046 Eucharistiam
1948 4969 2034 5040 hanc

660 5090 693 5158 in
721 5093 910 5162 sanctuario
937 5093 1090 5188 positam.
1143 5091 1299 5164 Psolmas
1328 5089 1415 5161 150.
