4712 6032
632 589 677 666 ru
709 587 970 665 urrunnun
1002 589 1033 665 s.
1067 589 1324 667 unsriuuu.
1569 589 1645 664 241

271 784 301 838 et
322 776 349 837 si
373 772 500 836 ellectus
523 790 584 835 non
608 772 683 834 alius
707 778 764 850 est,
788 790 876 851 quam
898 779 930 833 ut
945 771 1104 854 significet,
1120 772 1511 854 designetquesanguincm
1526 770 1647 852 Christi,

272 874 329 936 alia
353 889 429 934 voco
452 871 495 932 nti
518 871 669 934 debebant
690 869 845 952 liturgiae
875 877 1015 946 autoreS,
1045 887 1133 950 quarn
1162 890 1198 933 ea
1230 889 1308 950 quae
1339 870 1460 952 efficere
1488 871 1648 954 significat.

272 971 303 1035 Si
332 988 408 1034 vere
440 957 566 1033 elicitur
594 987 709 1032 merum
738 985 816 1049 aqua
846 971 982 1043 mistum,
1012 970 1135 1051 sanguis
1159 969 1288 1048 Christi,
1318 988 1393 1032 vere
1416 987 1537 1051 quoque
1560 971 1647 1051 panis

272 1070 396 1135 ellicitur
420 1068 539 1149 Corpus
563 1068 682 1132 Christi.
730 1066 832 1148 ltaque
855 1067 974 1129 dubium
997 1085 1162 1148 superesse
1185 1067 1296 1130 nullum
1320 1075 1436 1149 polest,
1465 1073 1537 1150 quin
1559 1075 1647 1132 utra-

180 1225 191 1237 .
273 1189 331 1250 que
353 1187 426 1244 vox,
448 1168 589 1231 diversae
611 1168 682 1229 licet
705 1166 831 1246 originis
855 1173 885 1228 et
908 1165 1124 1249 etymologiae,
1148 1166 1255 1228 eodem
1279 1167 1447 1246 significatu
1470 1169 1646 1249 accipienda

273 1271 325 1332 sit:
350 1266 430 1349 quod
453 1269 542 1329 etiam
563 1268 714 1330 variarum
737 1265 862 1326 aliarum
884 1263 1087 1347 liturgiarum
1111 1282 1277 1327 consensus
1301 1264 1495 1328 demonstrat.

358 1365 390 1426 ln
413 1365 546 1428 Romana
576 1366 707 1428 editione
738 1363 833 1426 forma
863 1362 1064 1425 invocationis
1087 1364 1207 1445 integra
1230 1363 1337 1425 relicta
1361 1372 1422 1442 est,
1447 1381 1484 1427 eo
1508 1364 1646 1427 soluma

192 1451 195 1464 ’
229 1503 232 1508 Δ
274 1461 436 1527 Codicibus
450 1464 521 1526 Mss.
535 1463 714 1536 discrimine,
737 1461 817 1543 quod
835 1463 1005 1541 inutraque
1027 1460 1167 1540 periodo,
1190 1463 1292 1523 tamin
1315 1479 1351 1522 ca
1374 1480 1452 1541 quae
1476 1463 1512 1526 ad
1537 1482 1646 1544 panem

274 1571 402 1644 spectat,
425 1581 514 1644 quarn
537 1564 566 1624 in
591 1562 696 1638 altera,
720 1578 798 1641 quae
826 1561 863 1622 ad
887 1561 1022 1637 calicem,
1046 1561 1179 1622 occurrit
1201 1577 1262 1622 vox
1285 1561 1391 1622 eadem
1413 1574 1499 1629 nibl-
1533 1561 1583 1624 An
1605 1564 1647 1626 ita

272 1661 432 1724 habuerint
453 1659 586 1724 Codices
609 1658 681 1723 blss.
705 1679 744 1722 ex
767 1659 875 1740 quibus
899 1659 989 1722 editio
1014 1657 1091 1721 lacta
1114 1667 1174 1736 est,
1190 1657 1305 1722 'dicere
1327 1677 1390 1721 non
1410 1678 1588 1741 possumus:
1615 1661 1647 1725 id

274 1767 371 1822 autem
394 1759 483 1823 lacile
506 1758 570 1837 fnit,
593 1778 659 1822 cum
683 1758 752 1840 Syri
774 1765 901 1839 utraque
923 1775 1001 1820 voce
1022 1756 1230 1820 indifferenter
1252 1759 1294 1818 uti
1315 1757 1442 1821 soleant.
1486 1760 1597 1822 Verum
1621 1763 1648 1824 si

273 1859 393 1940 quidem
416 1857 619 1920 emendandae
642 1857 762 1920 luerunt
784 1859 814 1918 in
837 1857 913 1920 locis
936 1856 1001 1918 aliis
1014 1855 1213 1918 invocationis
1237 1855 1394 1933 formulae,
1416 1857 1447 1918 in
1469 1858 1536 1936 ista,
1560 1859 1648 1921 utin

272 1956 379 2020 Jacobi
408 1956 560 2038 Liturgia‚
590 1956 667 2019 idem
698 1964 763 2018 erat
791 1955 1027 2018 observandum:
1058 1973 1124 2016 nam
1153 1963 1293 2018 constare
1322 1955 1379 2017 sibi
1408 1956 1519 2018 debent
1549 1959 1579 2020 in
1610 1976 1646 2020 re

273 2062 333 2118 tam
356 2056 444 2138 gravi
467 2072 629 2117 censorum
647 2055 769 2136 judicia.
802 2053 833 2116 Si
853 2072 930 2134 quae
954 2055 983 2116 in
1008 2053 1122 2116 duabus
1146 2054 1204 2116 illis
1225 2053 1367 2135 liturgiis
1391 2055 1502 2117 intacta
1525 2063 1648 2118 servata

275 2163 331 2231 est,
355 2155 436 2217 omni
459 2154 574 2215 erroris
598 2155 773 2234 suspicione
797 2163 894 2215 caret:
918 2152 1074 2215 sollicitari
1086 2162 1116 2216 et
1131 2155 1277 2215 immutari
1300 2153 1377 2215 aliae
1400 2171 1461 2215 non
1485 2153 1647 2228 debebant,
1727 2219 1733 2226 ,

275 2261 324 2315 aul
343 2260 480 2334 utraque,
504 2251 556 2314 illa
578 2269 651 2332 prae
675 2249 804 2314 caeteris
819 2251 949 2314 debebat
963 2251 1126 2330 emendari,
1150 2269 1186 2314 ea
1208 2253 1275 2332 ipsa
1296 2253 1424 2328 ratione,
1448 2271 1526 2333 quae
1542 2255 1646 2334 ipsam,

275 2361 307 2414 ut
328 2351 492 2414 verisimile
514 2359 579 2427 est,
609 2370 626 2412 a
658 2369 788 2414 censura
817 2351 966 2414 liberavit.
1010 2351 1085 2412 Nam
1109 2351 1160 2431 qui
1182 2367 1260 2412 voce
1283 2362 1347 2426 Ὧν
1372 2369 1450 2430 quae
1472 2351 1581 2414 ποιεῖν
1602 2353 1648 2414 si-

275 2450 408 2535 gnificat,
430 2449 539 2513 ollensi
560 2458 644 2512 sunt:
668 2449 886 2527 alteramenta,
909 2438 1079 2526 ἀναδεῖξαι
1103 2449 1181 2511 aliud
1204 2449 1353 2529 quidpiam
1375 2449 1538 2530 significari
1563 2449 1649 2532 judi-

275 2556 433 2626 caverunt,
468 2548 584 2611 scilicet
612 2549 789 2628 desipuere,
824 2551 1047 2622 denmnstrore,
1075 2555 1133 2611 ctc.
1179 2547 1219 2610 At
1255 2549 1305 2628 qui
1342 2547 1561 2611 Eucharistiam
1586 2549 1649 2630 jam

276 2656 493 2726 consecratam,
518 2664 629 2729 corpus
646 2656 676 2709 et
693 2649 871 2730 sanguinem
883 2647 994 2710 Christi
1008 2647 1171 2730 designare
1193 2646 1275 2724 dicit,
1300 2655 1383 2709 errat
1397 2641 1488 2730 longe
1504 2647 1650 2726 deterius,
1769 2705 1772 2716 ,

276 2765 313 2809 eo
342 2748 393 2827 qui
422 2765 514 2827 super
544 2746 622 2808 dona
653 2749 824 2828 proposita,
854 2746 957 2810 verbis
988 2745 1099 2808 Christi
1129 2764 1145 2807 a
1169 2745 1335 2808 Sacerdote
1363 2747 1421 2807 rite
1443 2748 1650 2826 pronunciatis

276 2853 466 2923 consecrata,
490 2844 623 2907 invocari
647 2862 740 2925 posse
763 2847 859 2908 credit
875 2843 1015 2926 Spiritum
1038 2851 1184 2921 sancium,
1208 2853 1241 2906 ut
1263 2843 1373 2924 illapsu
1397 2863 1452 2906 suo
1476 2846 1650 2927 mysterium

275 2945 365 3026 plena
387 2942 623 3006 sanctificatione
646 2943 811 3007 confirmet.
855 2945 962 3024 Neque
983 2945 1119 3006 invocari
1149 2951 1251 3024 potest
1271 2943 1399 3024 Spiritus
1429 2951 1568 3019 sanctus,
1600 2951 1652 3006 aut

274 3042 354 3104 illius
376 3041 486 3123 illapsu
509 3049 539 3105 et
563 3043 791 3106 obumbratione
814 3061 890 3124 opus
914 3051 977 3122 est,
1000 3052 1033 3106 ut
1055 3043 1142 3124 panis
1165 3050 1197 3103 et
1220 3044 1320 3105 vinum
1343 3042 1515 3124 significent
1538 3061 1651 3123 corpus

276 3150 307 3204 et
328 3141 505 3224 sanguinem
529 3141 648 3205 Christi.
694 3143 768 3204 Nam
791 3145 918 3223 mystica
947 3142 1022 3204 baec
1046 3140 1234 3204 adumbratio
1257 3142 1355 3203 statim
1379 3141 1416 3202 ab
1439 3143 1523 3203 initio
1546 3140 1651 3201 Litur-

277 3242 358 3321 giae,
383 3241 472 3301 etium
495 3241 523 3301 in
544 3242 769 3322 praeparatoria
785 3243 913 3320 actione,
938 3258 997 3321 per
1019 3257 1129 3321 preces
1154 3245 1184 3300 et
1208 3240 1411 3300 caeremonias
1435 3241 1507 3302 satis
1531 3239 1652 3321 signill-

278 3346 377 3400 catnr:
401 3345 433 3400 ut
449 3357 514 3400 cum
529 3341 615 3419 panis
632 3341 670 3402 ad
688 3338 781 3402 altare
804 3340 941 3414 inlcrtur,
964 3347 995 3402 et
1018 3339 1141 3402 dicitur:
1171 3337 1322 3417 Tanquam
1337 3338 1405 3399 ovis
1417 3339 1652 3400 odoccisiouem

277 3439 384 3499 ductus
413 3445 476 3498 cst:
506 3446 536 3500 et
560 3439 597 3500 ad
621 3439 760 3501 calicem:
799 3440 881 3501 Unus
902 3439 1027 3500 militum
1049 3440 1157 3499 luccen
1179 3439 1259 3498 uua
1281 3439 1345 3514 ejus
1366 3439 1505 3515 operuit:
1535 3443 1566 3496 ct
1594 3435 1651 3496 alia

277 3535 398 3613 similia,
422 3535 532 3598 dudum
562 3547 632 3600 ante
661 3555 748 3619 quarn
771 3539 1010 3619 pronunciantur
1032 3535 1142 3600 Christi
1164 3534 1269 3598 verba.
1315 3534 1390 3596 'lota
1413 3535 1473 3596 imo
1494 3533 1650 3614 Liturgiae

276 3634 372 3696 series
397 3652 435 3697 eo
456 3643 585 3716 spectat,
608 3656 675 3700 cum
698 3639 937 3718 repraesentatio
960 3637 998 3698 sit
1022 3637 1112 3698 totius
1134 3635 1280 3696 humanae
1302 3631 1397 3713 ipsius
1419 3632 1561 3695 interris
1585 3631 1650 3695 dis-

276 3734 471 3813 pensationis.

363 3832 508 3912 Reliquae
532 3834 616 3897 istius
646 3835 800 3916 Liturgiae
829 3842 931 3917 partes
961 3853 1001 3896 cx
1030 3831 1290 3904 observationibus
1322 3831 1358 3892 ad
1382 3829 1456 3893 alias
1479 3829 1550 3892 satis
1573 3845 1649 3907 per-

277 3929 402 4010 spicuae
425 3939 503 3993 sunt.
