4804 6026
842 573 1256 654 llTUllGlbll.
1684 577 1734 650 27

467 767 559 859 Ignis
584 767 685 840 vium
713 768 865 862 corporis
891 767 938 838 tui
964 775 998 838 et
1024 766 1193 856 sanguinis
1219 765 1267 837 tui
1292 767 1447 860 pretiosi,
1481 761 1614 836 Christe
1640 766 1733 838 Deus

363 895 498 972 noster,
524 883 699 974 extingunt
725 883 890 956 curbones
916 883 1022 974 ignis,
1048 884 1281 976 cruciatusque
1306 880 1472 953 terribiles
1499 880 1733 954 etvehemsn-

364 1013 416 1073 tes
444 1025 464 1072 a
490 996 647 1071 membris
673 1001 776 1089 meis,
803 1010 837 1071 et
862 995 904 1069 ab
924 994 1096 1098 animabus
1116 997 1379 1094 corporibusque
1400 996 1627 1070 defunctorum
1645 997 1735 1070 tide-

364 1116 460 1204 lium,
487 1119 543 1210 qui
568 1112 744 1187 iuduenmt
769 1126 802 1188 te
829 1137 875 1186 ex
902 1137 988 1210 aqua
1015 1123 1049 1186 et
1075 1116 1200 1209 spiritu.
1252 1113 1350 1186 Voca
1377 1125 1412 1186 et
1438 1117 1601 1187 constitue
1624 1119 1736 1188 cosin

365 1231 478 1305 ultimo
505 1230 559 1302 die
584 1229 628 1302 ad
653 1241 782 1326 partem
809 1231 984 1304 dexteram
1008 1241 1116 1320 tuum,
1143 1233 1229 1302 sicut
1253 1229 1418 1326 pollicitus
1445 1253 1494 1302 es.

469 1361 647 1454 Levatque
674 1361 798 1456 dipitcr
822 1383 901 1433 ntor
927 1366 997 1447 ter,
1024 1361 1191 1452 incipiens
1216 1383 1240 1429 c
1266 1360 1412 1430 desiero
1437 1383 1556 1448 manc,
1584 1367 1619 1431 et
1642 1361 1735 1432 dicit.

469 1474 681 1550 Modulentur
714 1475 807 1568 digiti
839 1479 904 1547 mei
935 1473 1052 1548 laudes
1085 1486 1176 1563 tuae,
1208 1484 1242 1546 et
1276 1496 1315 1547 os
1346 1497 1454 1548 meum
1488 1475 1735 1550 contessionem

366 1604 464 1666 tuam.
491 1592 558 1663 Per
583 1589 702 1665 clavos
728 1591 878 1663 manibus
904 1593 968 1663 tuis
996 1589 1195 1686 etpedibus
1221 1589 1355 1680 inlixoS,
1382 1611 1445 1686 per
1470 1590 1621 1663 lanceam
1648 1614 1735 1687 quae

365 1707 451 1782 latus
479 1719 566 1780 tuum
593 1707 900 1796 transverberavit,
927 1728 1031 1801 parce
1057 1705 1135 1777 mibi
1162 1705 1281 1778 delicta
1308 1717 1343 1780 et
1368 1716 1507 1802 peccata
1539 1727 1625 1778 mea.
1677 1708 1737 1779 Ad

367 1847 499 1895 monam
524 1825 714 1911 scutram,
742 1823 838 1893 dicit.
892 1821 1029 1897 Custodi
1055 1844 1109 1893 me
1135 1823 1278 1894 Domine
1305 1821 1346 1893 ab
1375 1819 1526 1896 omnibus
1552 1819 1736 1914 fraudibus,

367 1953 401 2014 et
427 1940 567 2011 dextera
593 1949 648 2010 tua
676 1937 813 2030 adjuvet
837 1959 912 2028 me,
938 1949 972 2009 et
998 1936 1041 2009 ab
1073 1937 1229 2033 operibus
1263 1940 1404 2012 sinistris
1436 1950 1635 2035 praeservet
1669 1962 1736 2030 me,

365 2059 398 2129 in
424 2052 560 2129 saecula
586 2053 804 2128 saeculomm.

468 2173 516 2244 Et
543 2195 616 2242 curn
641 2169 728 2242 bibit
752 2174 864 2241 cineum
889 2171 980 2264 qaod
1003 2173 1136 2242 aduenit
1162 2191 1209 2240 ao
1236 2170 1425 2259 oblatione,
1452 2173 1545 2244 dicit.

469 2284 721 2360 Inebriabuntur
747 2285 789 2359 ab
815 2284 968 2360 ubertate
994 2286 1112 2360 domus
1138 2298 1216 2358 tuae
1243 2297 1277 2360 et
1301 2298 1450 2360 torrente
1482 2299 1538 2363 tuo
1574 2289 1734 2366 delicioso

367 2404 516 2500 potabis,
544 2414 608 2476 etc.

470 2537 583 2608 Lccct
607 2559 725 2608 manns
749 2560 830 2609 anos
856 2557 948 2630 aqna
960 2588 970 2626 ,
999 2541 1033 2607 ct
1058 2535 1143 2606 dicit
1168 2533 1256 2606 bcnc
1281 2536 1460 2608 Producam.

469 2669 588 2742 ludica
614 2691 669 2741 me
694 2669 837 2742 Domine
865 2671 1019 2764 quoniam
1044 2672 1078 2740 iu
1101 2671 1227 2760 justitia
1253 2691 1329 2740 mea
1356 2669 1543 2762 ambulavi,
1570 2681 1632 2744 etc.

469 2803 648 2896 Absterqit
673 2826 805 2892 monas,
834 2807 868 2873 et
894 2801 987 2874 dicit.
1039 2801 1168 2874 Allerte
1194 2803 1338 2875 Domino
1364 2801 1450 2877 lilios
1477 2807 1626 2878 arietum.

468 2936 567 3008 Dicit
592 2937 739 3008 Sadrom
761 2957 828 3030 pro
855 2936 1039 3029 defunctis,
1066 2940 1101 3005 et
1123 2938 1234 3028 primo
1260 2935 1485 3006 Prooemium.

468 3069 518 3142 llli
552 3073 608 3165 qui
639 3092 701 3165 per
734 3079 873 3143 mortem
910 3090 1003 3141 suam
1035 3067 1199 3142 destruxit
1230 3079 1370 3141 mortem
1403 3081 1575 3158 nostram,
1609 3081 1643 3144 et
1674 3093 1736 3168 par

366 3184 621 3258 immolationem
655 3206 749 3258 suam
781 3206 843 3279 pro
876 3182 994 3273 nobis,
1032 3185 1183 3279 expiavit
1218 3207 1334 3257 omnes
1366 3184 1453 3259 tilios
1488 3185 1612 3260 Adam:
1644 3186 1734 3263 bono

365 3300 428 3391 illi,
456 3299 612 3390 debetur,
639 3314 702 3374 etc.
755 3299 848 3372 Alta.
901 3299 1107 3372 Mortuerum
1134 3302 1331 3388 suscitator,
1359 3305 1480 3396 quique
1505 3306 1733 3378 resurrectio-

364 3438 442 3489 nem
467 3428 621 3513 praestas
649 3417 805 3513 sepultis3
832 3427 867 3487 tu
892 3416 1035 3488 Domine
1062 3418 1194 3510 suscipe
1227 3417 1353 3486 animas
1386 3437 1561 3489 servorum
1593 3428 1735 3509 tuorum,

366 3555 504 3628 quorum
529 3531 628 3606 bodie
655 3535 1002 3606 commemorationem
1030 3530 1255 3618 celebramus,
1287 3540 1321 3602 et
1347 3530 1477 3605 colloca
1504 3553 1565 3606 eos
1590 3533 1735 3608 Domine

365 3650 398 3719 in
424 3647 618 3723 habitaculis
645 3649 828 3722 benedictis
862 3647 978 3720 domus
1010 3649 1113 3742 patris
1146 3649 1209 3735 tui,
1243 3667 1316 3718 cum
1350 3645 1540 3738 Abraham,
1572 3649 1668 3722 lsaac
1701 3662 1735 3723 et

363 3763 470 3838 Jacob
499 3765 626 3838 dilectis
653 3769 742 3854 tuis,
770 3775 904 3836 etcum
931 3761 1082 3837 omnibus
1109 3760 1258 3836 fidelibus
1292 3774 1326 3835 et
1358 3763 1500 3851 sanctis,
1534 3767 1589 3858 qui
1624 3763 1733 3836 deeu-

363 3878 505 3954 buemnt
531 3904 606 3954 cum
633 3904 694 3978 spe
720 3893 787 3956 tua.
840 3879 972 3952 Suscita
1007 3878 1081 3953 illos
1115 3889 1149 3952 et
1179 3880 1342 3951 constitue
1375 3877 1451 3952 illos
1484 3876 1526 3949 ad
1559 3877 1733 3952 dexteram

363 4007 473 4087 mam,
500 4009 534 4090 et
560 4018 749 4092 supernos
776 4018 893 4070 omnes
920 3994 1123 4068 ellundantur
1149 3996 1380 4070 miserationes
1399 4005 1494 4084 tuae,
1520 3993 1729 4070 referemus-

365 4133 429 4206 que
462 4110 521 4186 tibi
553 4112 705 4204 laudem,
737 4112 980 4206 reddemusque
1006 4115 1187 4206 gratiarum
1215 4111 1379 4184 actionem
1404 4109 1554 4183 Trinitati
1583 4121 1731 4202 sanctae,

363 4249 469 4322 nunc,
496 4239 559 4300 etc.

475 4359 605 4434 Versus.
658 4359 736 4434 Non
760 4363 794 4432 in
818 4361 992 4452 Judioium,
1028 4368 1085 4433 aut
1117 4363 1151 4432 in
1176 4359 1356 4434 vindictam
1381 4381 1504 4456 corpus
1536 4370 1626 4432 tuum
1651 4361 1731 4433 Do-

364 4479 452 4549 mine
479 4477 754 4572 (acceperimus).
800 4476 924 4549 ‘Manus
953 4500 1038 4573 quae
1065 4476 1192 4572 palmas
1227 4497 1305 4548 suas
1338 4474 1574 4566 extendenmt,
1607 4498 1731 4550 susce-

364 4602 549 4689 peruntque
575 4615 621 4666 ex
646 4603 680 4665 te
705 4595 849 4666 Domine
875 4591 1096 4666 ambabonem
1122 4591 1220 4664 lilium
1246 4591 1327 4677 Dei,
1359 4612 1427 4664 non
1454 4590 1656 4688 abripiuntur
1689 4589 1732 4661 ad
1859 4660 1861 4676 ,

363 4708 507 4782 tribunal
531 4708 644 4799 judicii
669 4711 703 4782 in
730 4709 784 4781 die
809 4689 1013 4797 no'vissimo,
1040 4731 1101 4805 per
1128 4707 1281 4781 ardorem
1307 4703 1478 4798 flammae,
1506 4707 1637 4801 quando
1652 4709 1732 4803 qui-

365 4825 439 4896 dem
467 4846 590 4922 corpus
617 4836 706 4898 tuum
733 4837 960 4918 gestaverunt.
1003 4824 1077 4898 Tibi
1101 4825 1280 4898 olleruntur
1302 4822 1481 4912 sacrificia,
1507 4819 1585 4894 Rex
1601 4821 1733 4896 Christe

365 4963 411 5014 ex
435 4939 587 5014 manibus
614 4940 834 5016 sacerdotum
862 4963 1037 5014 servorum
1064 4951 1213 5029 tuorum,
1246 4940 1380 5034 suscipe
1409 4936 1465 5010 illa
1491 4959 1553 5034 per
1579 4933 1732 5008 clemen-

363 5059 442 5130 tiam
468 5068 558 5130 tuam
584 5058 745 5150 Domine,
772 5061 826 5153 qui
853 5080 945 5133 amas
971 5061 1196 5154 poenitentes:
1223 5051 1397 5150 placabilis
1425 5065 1498 5128 esto
1526 5051 1570 5126 ad
1595 5073 1647 5124 ea.

390 5197 511 5241 nemun
1501 5171 1525 5244 7
