4782 6068
680 617 754 692 572
1111 615 1614 695 nissutttuto

387 821 417 874 tn
434 821 510 875 ama
531 819 665 873 nestora-
782 807 856 880 XX.
871 805 967 895 Quod
979 804 1021 877 de
1032 779 1159 877 duabus
1174 806 1289 900 primis
1306 804 1426 876 dietum
1441 812 1512 892 est,
1527 805 1590 874 vix
1600 803 1775 900 quidquam
1790 806 1824 875 in
1841 803 2048 878 orationibus

354 910 428 960 ”imi
447 907 570 976 quaeram
589 915 664 960 ”⁰²⁸⁰
679 922 796 1019 quibus
830 932 984 996 constant
1015 923 1171 1018 reperiri,
1212 918 1301 1015 quod
1340 919 1384 992 ad
1415 917 1651 992 Nestorianam
1683 919 1838 992 haeresin
1872 921 2050 1013 pertineat,
2132 959 2136 976 ·

355 1003 421 1047 ’ω
679 1041 721 1112 de
746 1043 809 1114 ista
836 1040 947 1112 ultima
973 1060 1041 1110 non
1067 1040 1201 1111 omnino
1228 1058 1347 1109 verum
1374 1045 1435 1106 est.
1487 1035 1524 1106 In
1552 1059 1593 1108 ea
1620 1038 1743 1132 quippe
1770 1040 1936 1126 oratione,
1963 1059 2051 1132 qnae

676 1155 882 1231 Praelationi
914 1152 1113 1251 respondet,
1148 1151 1233 1225 haec
1267 1153 1431 1245 leguntur.
1493 1150 1755 1224 similitudinem
1781 1156 1875 1224 eeroi
1901 1157 2049 1247 aceepit,

675 1273 840 1344 nominem
863 1275 1053 1365 perfeetum
1080 1292 1126 1340 ec
1152 1273 1267 1339 anime
1289 1267 1472 1355 rationali,
1498 1267 1707 1362 intemperate
1733 1277 1769 1342 et
1794 1269 1989 1358 immortali,
2016 1275 2051 1340 et

676 1409 825 1482 corpore
858 1387 996 1458 mortali
1024 1386 1206 1472 dominam,
1243 1391 1278 1455 et
1313 1387 1491 1475 conjunxit
1516 1383 1608 1453 illnm
1633 1383 1711 1472 sibi,
1737 1391 1912 1481 ualuitque
1937 1409 2051 1459 seeum

575 1506 580 1514 ’
676 1509 714 1576 ia
738 1505 872 1598 pierio,
903 1508 1078 1597 potestate
1111 1507 1146 1573 et
1180 1501 1321 1572 loeore.
1373 1499 1468 1571 Haec
1503 1520 1586 1571 sane
1616 1501 1745 1594 verba,
1777 1505 1976 1600 praesertim
2004 1494 2076 1575 errv

679 1645 740 1695 ore
774 1621 1070 1706 Nestorianorum,
1111 1621 1310 1690 sententiam
1344 1615 1550 1690 Catholicam
1582 1616 1715 1690 efficere
1747 1628 1934 1714 nequeunt,
1975 1643 2050 1692 cum

678 1741 835 1811 unionem
863 1759 961 1833 quam
988 1733 1180 1808 Orthodoxi
1211 1735 1413 1806 constituunt
1446 1735 1478 1803 in
1511 1735 1635 1805 unitate
1662 1757 1850 1830 personae,
1874 1734 2051 1808 Jacobitae

679 1859 864 1927 inanitate
898 1863 1057 1941 naturae3
1092 1850 1284 1924 Nestoriani
1319 1849 1362 1920 ad
1393 1848 1551 1938 honoris,
1584 1853 1778 1945 potestatis,
1814 1861 1849 1923 et
1883 1851 2051 1946 dignitatis

679 1975 882 2045 consortium
907 1970 1079 2054 reducant,
1105 1977 1141 2039 ut
1167 1966 1338 2062 explicant
1361 1965 1452 2038 illam
1478 1965 1571 2036 Elias
1591 1965 1791 2054 catholicus,
1817 1969 1943 2041 Amrus
1969 1969 2052 2042 Ma-

679 2087 767 2159 thaei
793 2087 892 2176 filius,
919 2085 1034 2160 etalii
1061 2105 1200 2179 quorum
1224 2085 1413 2156 testimonia
1440 2080 1545 2152 refert
1561 2081 1779 2156 Ebnassalus.
1832 2083 1891 2156 llla
1919 2109 2052 2182 quoque

682 2202 863 2300 explicatio
890 2202 1008 2275 iisdem
1033 2199 1149 2274 verbis
1175 2199 1297 2292 legitur
1330 2202 1363 2270 in
1389 2197 1590 2293 Paraphrasi
1616 2199 1752 2272 Persica
1779 2198 1983 2274 Lectiouarii
2010 2202 2052 2274 ad

681 2343 779 2394 usum
806 2318 1070 2393 Christianorum
1098 2315 1264 2405 Persidis,
1297 2316 1351 2409 qui
1386 2323 1422 2386 ut
1456 2313 1629 2410 plurimum
1666 2314 1860 2390 Nestoriani
1893 2329 1985 2406 sunt,
2020 2329 2054 2390 et

681 2438 809 2533 passim
831 2434 918 2508 alibi.
971 2434 1085 2529 ltaque
1113 2436 1142 2506 si
1165 2435 1235 2525 Jam
1262 2455 1282 2504 a
1309 2430 1456 2503 Nestorii
1484 2431 1620 2503 saeculo
1652 2430 1736 2504 haec
1769 2433 1853 2505 illius
1881 2433 2053 2507 doetrinae

681 2549 855 2625 confessio
883 2555 991 2622 sacris
1016 2547 1173 2645 precihus
1200 2550 1323 2619 inserta
1351 2557 1421 2635 est,
1448 2548 1521 2638 ejus
1547 2550 1737 2642 opinionem
1764 2549 1904 2622 fideliter
1930 2555 2053 2646 expri-

680 2669 755 2738 mit:
785 2669 813 2738 si
841 2665 882 2738 ah
911 2669 984 2758 ejus
1012 2662 1198 2760 discipulis,
1230 2671 1322 2758 patet
1355 2683 1416 2736 eos
1450 2686 1470 2734 a
1496 2665 1648 2754 magistri
1675 2667 1726 2738 sui
1753 2687 1870 2738 errore
1895 2687 1963 2739 nou
1989 2690 2052 2738 re-

682 2785 839 2872 cessisse,
867 2779 955 2876 quod
974 2778 1084 2854 multis
1111 2788 1237 2852 temere
1254 2781 1387 2850 nimium
1411 2781 1569 2875 scriptum
1588 2790 1654 2869 est,
1681 2789 1715 2852 et
1734 2780 1776 2853 ab
1795 2781 1869 2854 aliis
1883 2781 2053 2856 creditum.

393 2877 523 2976 tiaratae
541 2907 601 2960 ittae
620 2922 669 2961 usu
786 2899 877 2972 XXI.
917 2895 1052 2970 Habent
1082 2918 1185 2992 porro
1222 2903 1289 2969 tres
1322 2894 1399 2966 illae
1432 2894 1604 2988 Litargiae
1637 2907 1733 2970 notas
1761 2920 1877 2971 omnes
1904 2903 2055 2972 veritatis

358 2993 717 3131 {⁰⁰{⁰⁸⁵⁸¹¹¹“¹⁰⁰¹¹¹¹'¹⁰¹¹‘et
743 3017 953 3110 antiquitatis,
983 3012 1101 3109 quihus
1129 3009 1217 3110 apud
1240 3011 1387 3084 eruditos
1414 3012 1541 3084 illarum
1566 3008 1743 3088 αὐθεντία
1769 3013 1904 3111 probari
1930 3025 2053 3112 potest,

379 3095 463 3132 anu.
682 3155 779 3229 quam
807 3134 907 3202 etiam
934 3128 1173 3218 Ecclesiarum,
1200 3151 1286 3224 quae
1311 3128 1580 3220 Bagdadensium
1609 3125 1855 3203 catholicorum
1871 3131 2054 3206 Nestoria-

680 3272 745 3322 nee
772 3259 886 3322 sectae
912 3244 1175 3319 Patriarcharum
1203 3248 1370 3317 autoritati
1405 3243 1577 3338 subjectae
1604 3255 1697 3334 sunt,
1725 3258 1781 3319 aut
1807 3247 1885 3322 olim
1911 3249 2055 3334 fuerunt,

679 3388 760 3439 usus
788 3364 970 3438 confirmat.
1025 3361 1144 3458 Neque
1178 3365 1264 3434 onim
1299 3361 1342 3433 ad
1367 3361 1497 3434 indicas
1525 3360 1697 3434 Ecclesiae
1724 3385 1810 3458 quae
1844 3373 1920 3437 ante
1948 3388 2054 3438 annos

681 3483 813 3554 circiter
839 3481 1063 3571 octingentos,
1090 3488 1146 3550 aut
1167 3475 1337 3564 fundatae,
1364 3488 1420 3549 aut
1446 3477 1489 3548 ad
1509 3476 1742 3552 Nestorianam
1763 3477 1918 3552 haeresin
1938 3489 2055 3553 traus-

682 3597 802 3670 ductae
828 3594 961 3669 fuerunt
988 3592 1132 3691 perferri
1158 3601 1312 3690 poterant
1339 3592 1453 3667 officia
1480 3597 1566 3666 sacri
1603 3594 1726 3684 cultus,
1761 3617 1847 3691 quae
1873 3617 1940 3667 non
1968 3596 2055 3694 apud

683 3735 744 3786 eos
771 3735 856 3807 quos
883 3712 1019 3784 Petrum
1054 3720 1088 3783 et
1118 3711 1293 3783 Pastorum
1326 3709 1403 3783 loco
1436 3710 1603 3783 ltabebaut
1637 3721 1772 3806 recepta
1803 3734 1872 3783 non
1904 3711 2055 3786 fuissent.

688 3828 786 3916 Quod
815 3851 899 3902 vero
927 3829 1125 3900 mutationes
1151 3829 1266 3899 varias
1301 3849 1424 3924 passae
1453 3829 1518 3898 sint
1546 3825 1586 3898 alt
1613 3826 1791 3926 Episcopis
1819 3839 1875 3900 aut
1900 3828 2055 3902 Patriar-

689 3946 759 4018 chis
781 3945 857 4018 illae
881 3945 1068 4038 Liturgiae,
1088 3952 1124 4016 ut
1145 3943 1315 4017 Censores
1342 3941 1491 4016 Lusitani
1514 3947 1800 4035 existimaverunt,
1827 3943 1927 4017 futilis
1946 3968 2055 4041 neque

685 4063 760 4135 ullis
794 4065 999 4154 argumentis
1030 4059 1165 4133 fundata
1200 4065 1392 4155 conjectura
1428 4070 1498 4133 est:
1531 4083 1608 4133 nam
1640 4064 1673 4134 in
1705 4061 1828 4158 aliquot
1861 4061 1964 4149 tocie,
2000 4066 2057 4156 qui

671 4181 875 4274 'speciminis
903 4200 1005 4250 causa
1033 4176 1074 4249 ab
1102 4176 1165 4250 illis
1193 4187 1402 4268 annotantur,
1429 4187 1464 4250 ut
1490 4186 1543 4249 est
1568 4177 1702 4252 diversa
1738 4180 1906 4275 expositio
1933 4201 2056 4252 sacro-

684 4316 758 4366 rum
784 4293 965 4368 verborum
993 4292 1115 4368 Christi
1141 4292 1293 4382 Domini,
1328 4293 1397 4366 falli
1431 4315 1492 4367 eos
1523 4296 1733 4390 perspicuum
1774 4305 1844 4382 est,
1880 4317 1954 4366 cum
1980 4294 2057 4366 illae

685 4411 850 4484 formulae
876 4433 958 4507 quas
984 4413 1142 4484 novitatis
1169 4411 1402 4500 condemnant,
1430 4413 1679 4482 vetustissimae
1705 4413 1781 4497 sint,
1808 4418 1842 4482 et
1868 4411 1940 4482 aliis
1967 4432 2057 4483 con-

685 4527 823 4616 formes,
850 4528 893 4599 de
920 4549 1057 4624 quarum
1085 4531 1288 4624 antiquitate,
1315 4538 1371 4598 aut
1396 4529 1586 4620 integritate
1609 4529 1842 4600 controversia
1864 4549 1942 4600 esse
1968 4527 2058 4599 nulla

685 4654 809 4741 potest.

384 4771 673 4841 trabempamsomnes
791 4761 899 4834 XXII.
953 4759 1117 4856 Quidquid
1151 4759 1193 4832 ad
1225 4759 1488 4832 constituendam
1519 4761 1687 4855 legitimae
1718 4759 1890 4853 Liturgiae
1916 4757 2056 4831 formam

366 4856 829 4958 ⁰ffi⁰¹³f¹¹⁰¹¹⁸ff⁸²i⁰¹¹¹fnecesse
856 4886 919 4966 ast,
945 4879 978 4951 in
1005 4874 1109 4949 trihus
1135 4874 1199 4950 illis
1227 4880 1386 4952 occurrit:
1421 4899 1530 4972 neque
1564 4879 1664 4966 enim,
1689 4885 1725 4948 nt
1751 4874 1829 4950 alibi
1855 4875 2056 4972 explicatum

366 4959 500 4999 enarre.
688 5004 752 5083 est,
779 4996 949 5068 orationes
976 4997 1148 5088 praeviae,
1177 5004 1232 5065 aut
1259 5017 1346 5089 quae
1372 4997 1592 5066 communioni
1619 4995 1868 5090 praemittuntur
1886 4991 1943 5064 vel
1969 4991 2057 5064 sub-

684 5113 883 5204 junguntur,
922 5121 1036 5205 partes
1066 5114 1283 5183 necessariae
1316 5121 1406 5183 sunt:
1445 5120 1479 5182 et
1511 5113 1545 5182 iu
1571 5109 1686 5182 eadem
1713 5109 1869 5184 Ecclesia
1894 5131 1963 5182 non
1988 5131 2056 5182 uno
