4804 6026
422 2440 617 2496 Rfflmffi

425 2662 463 2718 lle
482 2665 614 2718 altaribus.

423 2991 470 3044 tls.
490 3011 539 3060 syr.

412 4725 507 4780 Eorum
524 4733 702 4782 consecratio-

388 4813 427 4865 uis
445 4817 516 4868 ritus.

716 589 765 663 56
1092 586 1711 666 destillationes

716 773 1091 836 nosOriontalesrestium
1111 791 1265 834 sacrarum
1287 789 1374 832 usum
1396 771 1559 833 retinuisse
1582 772 1640 832 buc
1662 787 1775 851 usque:
1806 778 1982 851 tantumque
2004 771 2091 833 abest

716 883 749 935 ut
772 875 1012 954 superstitiosum
1035 872 1115 933 illurn
1140 873 1327 948 existiment,
1358 872 1428 951 quin
1452 872 1551 950 potins
1574 870 1739 954 sacrilegio
1763 871 1931 950 proximum
1944 871 2091 952 Judicant,

716 971 831 1052 absque
861 971 947 1033 simili
974 979 1079 1033 ornatu
1108 971 1145 1033 ad
1175 971 1278 1032 altaris
1301 971 1498 1032 ministerium
1521 969 1681 1054 accedere,
1705 987 1783 1048 quae
1806 970 1960 1030 temeritas
1983 971 2090 1049 poenis

716 1070 871 1132 canonicIs
893 1069 1096 1150 gravissimis,
1126 1087 1223 1150 usque
1246 1067 1283 1130 ad
1307 1069 1527 1149 depositionem
1550 1067 1706 1148 plectitur:
1737 1071 1837 1150 deque
1859 1066 1910 1130 illa
1933 1067 2092 1148 disciplina

715 1172 819 1232 vanae
841 1177 911 1232 sunt
932 1168 1208 1231 Alexandrinorum
1231 1177 1263 1230 et
1277 1167 1535 1230 Antiochenorum
1558 1167 1796 1230 Patriarcbarum
1820 1167 2069 1231 constitutiones.

803 1269 836 1329 ln
858 1267 1009 1330 nonnullis
1033 1266 1212 1342 codicibus,
1242 1269 1327 1328 utin
1351 1266 1549 1346 Seguieriano
1572 1283 1649 1344 uuo,
1681 1266 1885 1349 adjungtmtnr
1913 1275 2091 1329 ornamenta

714 1366 900 1430 Pontilicalia
922 1367 998 1427 duo:
1021 1385 1112 1428 unum
1134 1365 1217 1448 quod
1239 1377 1359 1432 ttbttbrt
1383 1364 1530 1427 llomnico
1552 1372 1677 1442 vocant,
1702 1366 1739 1426 ad
1763 1365 1843 1446 quod
1867 1365 1991 1428 dicitur:
2015 1365 2092 1424 Glo-

713 1468 794 1528 riam
816 1473 846 1526 et
860 1467 1007 1550 ¹decorem
1029 1467 1200 1544 imposuisti
1221 1484 1313 1544 srtper
1334 1483 1397 1538 me,
1420 1465 1561 1543 quoniam
1580 1463 1685 1542 secani
1705 1483 1773 1525 eom
1794 1466 1827 1525 in
1848 1465 2092 1526 benedictionem.

713 1565 851 1628 Alterum
874 1573 921 1626 est
943 1577 1032 1632 noan
1056 1563 1177 1626 Corona
1207 1563 1272 1626 sive
1302 1563 1389 1624 blitra
1419 1561 1615 1641 Pontilicalis,
1652 1581 1739 1643 quam
1768 1563 1838 1626 duur
1866 1565 1991 1645 accipit,
2019 1562 2092 1624 dicit

712 1665 895 1745 Episcopus.
938 1663 1074 1726 Posuisti
1094 1683 1186 1752 snper
1208 1671 1300 1742 copul
1321 1664 1385 1741 q'us
1408 1681 1553 1724 coronom
1573 1663 1757 1741 gloriosam:
1786 1663 1882 1724 Vitam
1900 1664 1989 1742 petiit
2009 1681 2030 1724 o
2053 1671 2095 1737 te,

714 1765 898 1826 attribuisti
920 1766 950 1824 ei
970 1764 1184 1842 loarpibtdinem
1206 1763 1324 1823 dierum
1346 1763 1378 1821 in
1401 1761 1553 1821 coendum
1575 1763 1700 1824 soeculi.
1746 1761 1880 1824 Tandem
1902 1761 2014 1842 accipit
2036 1761 2094 1822 ba-

714 1865 813 1926 culum
835 1860 1034 1943 pastoralem,
1063 1869 1093 1923 et
1116 1861 1240 1922 dicitur:
1291 1861 1413 1939 Virpom
1434 1861 1555 1920 uirtutis
1576 1862 1671 1920 mittet
1693 1861 1748 1922 tibi
1766 1861 1915 1922 Domeros
1936 1881 1978 1921 ec
1999 1860 2092 1933 Sion;

714 1963 921 2024 Mariandena
942 1981 1034 2040 super
1055 1962 1195 2022 inimicos
1217 1969 1293 2022 tuos.
1338 1959 1466 2020 Primum
1490 1965 1696 2019 ornamentum
1719 1959 1789 2039 quid
1812 1961 1937 2041 proprie
1959 1961 2007 2036 sit,
2031 1977 2093 2021 nou

714 2061 787 2122 satis
817 2060 1022 2142 intelligimus.
1067 2059 1186 2122 blitram
1215 2077 1291 2120 vcro
1321 2076 1377 2120 seu
1406 2057 1529 2119 Cidarin
1560 2075 1629 2120 esse
1659 2058 1690 2120 in
1717 2077 1774 2120 usu
1805 2060 1884 2140 apud
1907 2059 2091 2138 Orientales,

715 2167 850 2222 constat:
874 2159 1010 2240 quamvis
1034 2157 1129 2221 lorma
1153 2157 1190 2218 ab
1214 2175 1250 2219 ea
1273 2175 1351 2237 quae
1374 2157 1453 2238 apud
1475 2173 1532 2218 nos
1555 2158 1586 2218 in
1609 2175 1667 2218 usu
1689 2166 1737 2220 est
1759 2159 1881 2221 diversa
1903 2159 1952 2222 sit.

1113 2417 1290 2526 Sacerdos
1316 2419 1472 2491 ascendit
1498 2419 1546 2488 od
1570 2418 1693 2489 altore.

814 2628 868 2705 De
893 2639 1037 2701 altaribus
1060 2647 1090 2700 et
1113 2638 1309 2710 Orientalium
1333 2639 1482 2722 religione
1505 2639 1543 2701 ad
1566 2658 1603 2701 ea
1619 2639 1836 2720 consecranda,
1860 2640 1991 2703 videnda
2014 2661 2092 2723 quae

716 2743 845 2806 diximus
868 2743 899 2804 in
912 2741 1133 2805 Commentario
1157 2742 1194 2804 ad
1209 2742 1363 2823 Coptieam
1376 2743 1479 2804 Basilii
1500 2743 1677 2826 Litttrgiam,
1700 2744 1753 2805 ubi
1774 2743 1917 2806 nonnulla
1933 2745 2091 2810 retulimus

716 2863 757 2906 ex
769 2845 892 2925 propria
904 2841 1050 2923 Syrorum
1064 2841 1231 2923 disciplina,
1256 2861 1333 2923 quac
1349 2843 1520 2904 continetur
1532 2843 1561 2905 in
1577 2844 1711 2923 ipsorum
1723 2842 1938 2906 Nomocanone
1956 2863 2022 2924 cap.
2046 2844 2090 2910 l⁰.

715 2949 745 3018 s.
770 2945 815 3006 5⁰.
842 2941 1008 3006 secundum
1031 2959 1119 3022 quam
1147 2941 1341 3022 prohibetur,
1371 2959 1410 3004 ne
1435 2941 1584 3006 Sacerdos
1607 2941 1772 3025 Liturgiam
1795 2941 1931 3005 celebret
1953 2943 1983 3005 in
2006 2943 2092 3006 ulturi

716 3042 796 3124 qnod
819 3043 855 3104 ab
879 3042 1033 3122 Episcopo
1056 3049 1266 3104 consecratum
1289 3059 1351 3104 non
1373 3039 1473 3117 luerit,
1497 3042 1562 3102 sive
1579 3041 1693 3103 Tublito
1716 3021 1856 3119 ιιιιιῦἱῧ,
1879 3041 1979 3104 tabula
2003 3044 2092 3106 ride-

714 3140 786 3203 licet
807 3139 910 3222 lignea
942 3139 992 3201 vel
1021 3139 1156 3220 lapidea,
1185 3141 1271 3221 cujus
1301 3139 1473 3202 benedictio
1496 3139 1601 3201 eadem
1625 3148 1689 3218 est,
1714 3160 1749 3202 ac
1769 3141 1875 3203 altaris
1898 3141 2000 3204 solidi:
2024 3160 2092 3206 nam

714 3239 812 3304 solida
834 3238 946 3301 habeut
968 3237 1141 3301 orientales
1164 3236 1345 3312 Christiani,
1375 3245 1408 3299 ut
1435 3237 1505 3299 alibi
1535 3238 1692 3319 probatum
1718 3249 1774 3302 est.
1818 3240 1918 3322 Vulgo
1942 3244 2041 3320 etiam,
2064 3243 2092 3306 si

715 3340 810 3402 altare
833 3337 960 3401 solidum
983 3345 1125 3416 nonest,
1149 3345 1273 3400 utuntur
1290 3337 1363 3399 solis
1386 3336 1444 3398 illis
1465 3338 1583 3417 tabulis,
1607 3357 1684 3418 quae
1698 3337 1883 3402 Graecorum
1895 3339 2092 3404 Αιιιίιιιειιείἰι

715 3437 936 3522 quodammodo
964 3437 1159 3517 respondent.
1204 3437 1252 3500 Ex
1282 3437 1389 3499 eodem
1418 3437 1634 3500 Nomocanone
1662 3439 1834 3518 retulimus,
1866 3457 1883 3501 a
1914 3440 2092 3518 quibusdam

714 3537 913 3602 Antiochenis
936 3536 1116 3599 Patriarchis
1139 3544 1281 3598 statutum
1306 3535 1410 3614 luisse,
1433 3545 1467 3598 ut
1489 3535 1609 3598 tabulae
1631 3535 1763 3612 delectu,
1786 3557 1824 3600 ne
1840 3537 1978 3600 Ecclesia
1991 3541 2092 3602 saeri-

715 3637 784 3700 lucio
815 3645 951 3715 careret,
980 3653 1075 3716 super
1103 3635 1204 3698 lolium
1229 3635 1348 3716 aliquod
1371 3636 1439 3698 libri
1461 3636 1697 3718 Evangeliorum
1719 3644 1825 3718 posset
1847 3636 1983 3718 liturgia
2004 3639 2092 3703 cele-

716 3737 811 3800 brari:
835 3746 868 3798 ut
890 3738 979 3798 etiam
1001 3735 1138 3796 manibus
1161 3735 1362 3797 Diaconornm
1386 3735 1510 3796 calicem
1532 3743 1563 3797 et
1586 3734 1700 3797 discum
1723 3737 1905 3814 tenentium,
1935 3734 2030 3800 altare
2059 3739 2091 3801 in

716 3853 829 3898 summa
860 3836 1042 3898 necessitate
1070 3835 1223 3915 suppleri,
1255 3834 1336 3913 qnod
1366 3832 1476 3895 lactum
1507 3833 1601 3896 relert
1630 3835 1660 3894 in
1690 3835 1844 3916 cujusdam
1877 3833 2091 3900 Anucboretae

714 3937 860 4017 gratiam,
891 3933 1100 3997 Theodoretus
1129 3935 1158 3994 in
1187 3933 1354 3998 Pbilotbeo.
1398 3934 1444 3995 Dc
1474 3934 1609 3995 altarium
1641 3937 1871 3998 consecratione
1893 3953 1950 4015 per
1972 3936 2090 4016 signum

717 4035 827 4108 crucis,
851 4036 1021 4096 unctionem
1044 4053 1084 4096 ex
1107 4032 1278 4109 chrismate,
1302 4041 1473 4096 sanctorum
1496 4034 1650 4114 reliquias,
1673 4043 1703 4096 et
1726 4050 1848 4115 preces,
1872 4033 1910 4095 ab
1926 4033 2090 4114 Episcopo,

717 4134 779 4212 agit
801 4132 963 4212 Dionysius
985 4133 1133 4195 Earsalibi
1155 4133 1187 4193 in
1209 4132 1315 4194 eodem
1337 4133 1551 4195 Nomocanone
1575 4152 1639 4213 cap.
1664 4131 1708 4195 1⁰.
1731 4152 1777 4194 nr.
1797 4137 1842 4196 7⁰.
1867 4133 1950 4196 Ritus
1972 4134 2093 4216 integer

717 4237 799 4291 extat
822 4234 853 4292 in
875 4233 967 4294 variis
991 4231 1156 4310 codicibus,
1180 4233 1264 4312 cujus
1289 4233 1454 4313 praecipua
1477 4234 1575 4314 capita
1598 4234 1734 4295 dabimus
1758 4253 1798 4295 ex
1821 4232 1936 4295 Codice
1958 4231 2091 4295 Floren-

717 4332 794 4392 tino:
819 4331 935 4394 'litolus
959 4339 1015 4394 est.
1043 4319 1243 4394 Ἀκολουθὶα
1265 4333 1331 4395 slve
1354 4335 1451 4394 series
1473 4341 1502 4394 et
1523 4335 1601 4395 ordo
1623 4333 1864 4394 consecrationis
1885 4332 2003 4407 weris,
2026 4333 2092 4394 sice

715 4429 847 4504 tabulae,
870 4449 947 4509 quoe
968 4450 1091 4493 meusne
1112 4433 1283 4510 imponitur.
1327 4431 1383 4492 ltto
1412 4439 1512 4493 autent
1533 4433 1724 4493 consecratio
1747 4431 1918 4493 celebratur
1939 4431 2030 4493 Feria
2058 4432 2089 4497 V.

714 4531 925 4609 mpstenomm
943 4541 1003 4590 senc
1019 4531 1049 4592 in
1063 4529 1165 4593 Coena
1181 4529 1310 4610 Domini,
1333 4540 1363 4593 et
1384 4531 1521 4593 omnibus
1535 4533 1634 4593 Feriis
1654 4531 1685 4595 V.
1702 4549 1723 4592 a
1743 4530 1977 4592 Remmectionc
1998 4549 2092 4610 osque

715 4629 758 4689 od
778 4629 1002 4692 decensionem.

804 4727 906 4788 Pm'mo
919 4735 1071 4806 porcator
1086 4729 1210 4790 tabulae
1232 4749 1272 4790 ee
1294 4731 1374 4809 lipuo
1397 4731 1491 4792 electo
1514 4737 1544 4791 et
1561 4732 1708 4810 pretioso,
1732 4737 1787 4792 ont
1808 4749 1848 4792 ec
1869 4749 2024 4792 marmore
2043 4730 2092 4792 cel

714 4827 815 4907 lupide
830 4827 912 4888 alio:
935 4833 965 4888 ct
984 4828 1159 4890 inscribitur
1181 4829 1257 4908 ipsis
1279 4829 1399 4906 tubulis,
1421 4848 1480 4909 quo
1503 4831 1552 4890 dic
1574 4838 1604 4891 et
1625 4848 1646 4890 o
1667 4848 1725 4909 quo
1748 4838 1948 4892 cmuecrotoe
1966 4828 2090 4907 fuerint,

713 4929 746 4988 ia
768 4927 846 4988 branc
868 4927 997 4989 modom.
1044 4925 1229 4992 Consecrata
1252 4935 1299 4991 est
1321 4928 1397 4991 baec
1419 4928 1520 4990 tabula
1543 4935 1658 5006 sancta,
1682 4946 1739 5009 per
1760 4945 1865 4991 manus
1888 4927 2031 5009 Episcopi
2054 4925 2090 4986 N.

714 5026 745 5088 in
766 5025 906 5088 Ecclesia
928 5025 965 5090 N.
989 5043 1067 5089 anno
1091 5027 1157 5091 tali:
1180 5047 1258 5108 quoe
1279 5030 1437 5108 immptto
1460 5029 1609 5091 dammum
1621 5028 1665 5108 fit,
1687 5028 1732 5090 ito
1745 5029 2091 5107 utpmametpostreum
