4730 6038
693 529 770 602 330
1070 523 1690 602 OBSERVATIONES

693 729 798 774 eorum
814 710 984 795 fragmenta
997 709 1109 791 passim
1131 709 1323 790 reperiantur
1344 707 1375 770 in
1392 707 1517 770 Graecis
1535 705 1669 782 Catenis,
1693 707 1797 787 plures
1811 705 1905 788 longe
1928 705 2072 780 indicavit

695 830 735 872 ex
757 810 970 890 antiquissimis
994 807 1157 873 Codicibus
1179 806 1384 869 Bibliothecae
1407 806 1635 888 Seguieriaaae,
1659 806 1713 866 Vir
1735 804 1926 868 doctissimus
1941 805 1978 869 D.
1991 807 2071 868 Ber-

693 908 806 970 nardus
836 909 874 971 de
904 907 1108 970 hlontfaucon.
1151 905 1217 968 Etsi
1246 903 1363 966 Graece
1391 905 1571 985 plerumque
1601 903 1762 986 scripsisse
1790 903 1948 982 videatur,
1979 905 2071 967 multa

694 1007 820 1086 Syriaco
843 1012 947 1068 extant
969 1005 1000 1065 in
1022 1005 1115 1066 variis
1138 1003 1360 1092 blanuscriptis.
1404 1003 1502 1064 Patria
1533 1003 1598 1084 ejus
1622 1002 1677 1064 luit
1701 1002 1878 1082 Sozopolis,
1901 1010 1933 1064 et
1955 1021 1990 1065 ea
2015 1021 2070 1063 ra-

692 1105 776 1166 tione
797 1103 909 1185 legitur
931 1105 961 1165 io
985 1103 1095 1166 Olliciis
1119 1102 1264 1182 Syrorum
1287 1100 1506 1163 Jacobitarum:
1530 1103 1569 1162 de
1592 1101 1706 1163 Severo
1726 1101 1878 1181 plor-lotar
1896 1101 2072 1182 Sozopolis:

693 1202 893 1282 laudaturque
924 1201 1006 1280 quod
1035 1201 1167 1263 Leonem
1197 1200 1378 1277 Romanum,
1407 1217 1482 1262 oves
1506 1197 1618 1262 Christi
1647 1198 1796 1262 devorare
1825 1202 2013 1280 cupientem,
2043 1205 2074 1257 et

695 1301 944 1364 Calchedoncnse
967 1298 1132 1364 Concilium
1155 1298 1363 1361 debellaverit.
1392 1297 1474 1360 llaec
1496 1295 1631 1380 Liturgia
1653 1299 1806 1378 reperitur
1828 1301 1857 1360 in
1880 1299 1984 1379 paucis
2008 1295 2074 1360 Co-

694 1399 820 1477 dicibus,
845 1416 944 1479 neque
967 1416 1040 1462 usus
1063 1397 1141 1460 illius
1165 1397 1309 1476 frequens
1332 1414 1403 1458 esse
1426 1396 1560 1458 videtur:
1584 1396 1639 1459 sed
1662 1395 1743 1476 quod
1759 1397 1824 1476 ejus
1837 1397 1979 1458 recensio
1992 1395 2073 1456 lacta

695 1497 790 1560 luisse
814 1495 931 1559 dicatur
954 1517 970 1559 a
993 1496 1139 1577 Dionysio
1161 1494 1326 1573 Barsalibi,
1349 1511 1410 1556 non
1433 1495 1615 1558 mediocrem
1646 1495 1743 1556 eidem
1770 1495 1924 1577 liturgiae
1954 1493 2074 1556 autori-

694 1603 785 1658 tatem
809 1594 958 1658 conciliat.
1004 1596 1083 1659 Sane
1106 1594 1288 1674 antiquitatis
1311 1593 1379 1673 plus
1403 1593 1542 1673 quiddam
1565 1593 1679 1655 habere
1701 1593 1832 1670 videtur,
1856 1611 1945 1673 quam
1960 1591 2072 1653 multae

695 1695 772 1756 aliac
795 1692 1017 1773 posterioribus
1040 1692 1170 1755 saeculis
1196 1692 1400 1771 compositae,
1431 1693 1460 1752 in
1491 1691 1600 1772 quibus
1631 1699 1753 1753 autores
1785 1692 1876 1774 genio
1899 1690 2073 1752 uberrimae

695 1790 816 1873 linguae
839 1811 913 1854 suae
929 1792 1050 1855 nimium
1063 1790 1263 1868 indulserunt,
1285 1791 1441 1872 majorque
1464 1797 1511 1852 est
1533 1791 1619 1852 istius
1642 1790 1827 1871 simplicitas.
1858 1789 1958 1851 Edidit
1975 1789 2072 1852 Guido

695 1889 850 1952 Fabricius
874 1889 1062 1953 Boderianus
1087 1888 1219 1952 Oilicium
1242 1888 1402 1969 baptismi,
1434 1889 1514 1970 quod
1544 1889 1624 1969 apud
1655 1888 1751 1970 Syros
1780 1889 1872 1970 vulgo
1897 1896 2072 1969 usurpatur,

695 1995 726 2051 et
749 1988 864 2051 Severo
886 1988 1042 2067 tribuitur,
1074 1987 1266 2050 Antiocheno
1289 1988 1420 2064 scilicet,
1448 1995 1482 2050 ut
1511 1988 1622 2050 habant
1650 2005 1757 2051 omnes
1785 1987 1930 2066 Codices,
1960 1996 1991 2049 et
2021 2003 2073 2049 res

694 2086 761 2166 ipsa
784 2087 985 2150 demonstrat:
1009 2105 1070 2149 non
1092 2086 1311 2164 Alexandrino,
1335 2087 1385 2166 qui
1408 2086 1506 2149 nullus
1529 2105 1659 2167 unquam
1683 2087 1747 2150 luit.
1772 2087 1907 2168 Subjecit
1929 2085 2073 2149 Ordinem

694 2184 848 2266 Liturgiae
872 2184 1062 2263 Generalem,
1086 2187 1136 2266 qui
1160 2187 1189 2247 in
1213 2185 1310 2247 multis
1333 2185 1497 2248 simillimus
1521 2187 1549 2248 ei
1574 2193 1630 2263 est,
1655 2204 1743 2266 quem
1760 2204 1799 2248 ex
1812 2184 1925 2248 Codice
1940 2185 2073 2272 Colbcr-

696 2285 757 2345 tino
782 2284 997 2363 transtulimus,
1021 2293 1163 2366 atquem
1187 2283 1374 2347 Boderianus
1398 2283 1512 2366 absque
1535 2286 1695 2347 autoritate
1720 2282 1836 2346 Severo
1860 2283 2007 2346 attribuit:
2032 2283 2070 2344 ad

696 2399 785 2461 quem
807 2380 978 2445 nullatenus
1002 2382 1184 2463 pertinebat,
1207 2388 1238 2443 et
1260 2382 1298 2444 de
1322 2402 1382 2468 quo
1405 2383 1514 2446 dictum
1537 2392 1585 2446 est
1607 2383 1757 2464 superius.

926 2659 959 2728 2.
1003 2659 1094 2750 Opas
1121 2664 1355 2754 cujuscumque
1381 2659 1525 2730 hominis
1551 2662 1640 2755 ignis
1665 2657 1840 2752 probabit.

795 2848 889 2926 Nuus
916 2859 974 2922 hoc
1001 2860 1070 2922 loco
1099 2860 1326 2943 intelligendum
1354 2870 1401 2924 ast
1431 2863 1470 2925 de
1500 2863 1571 2946 igne
1602 2864 1798 2944 purgatorio,
1826 2863 1961 2943 quamvis
1992 2861 2073 2923 hunc

695 2963 836 3044 Apostoli
862 2963 961 3024 locum
991 2962 1195 3046 Augustinus,
1231 2971 1262 3026 et
1290 2963 1458 3046 Gregorius
1486 2966 1644 3048 Nyssenus
1674 2967 1715 3027 ita
1738 2966 1927 3046 interpretati
1949 2963 2073 3044 luerint,

694 3071 728 3126 ut
751 3080 791 3125 ex
813 3079 851 3124 eo
869 3063 1034 3125 communis
1045 3061 1203 3125 Ecclesiae
1216 3061 1391 3127 Catholicae
1413 3063 1549 3127 doctrina
1573 3065 1670 3145 possit
1693 3063 1879 3126 confirmari:
1902 3063 1957 3125 sed
1973 3065 2074 3147 agitur

696 3161 734 3223 de
757 3170 895 3223 extremo
918 3159 1045 3222 iudicio.
1091 3159 1234 3233 Quamvis
1264 3163 1341 3224 enim
1372 3162 1410 3224 de
1440 3165 1668 3244 quaestionibus
1698 3164 1780 3225 circa
1810 3165 1972 3225 animarum
1996 3181 2073 3243 pur-

694 3261 865 3341 gationem,
897 3277 974 3340 quae
1002 3267 1160 3339 tantopere
1190 3259 1325 3323 Graecos
1348 3269 1379 3323 et
1400 3261 1524 3326 Latinos
1547 3270 1750 3340 vexaverunt,
1781 3281 1880 3343 pauca
1908 3269 1959 3324 aut
1989 3263 2070 3324 nulla

696 3358 883 3440 Theologioe
905 3365 1031 3420 tractata
1053 3359 1195 3440 legantur
1215 3360 1246 3420 in
1269 3359 1466 3424 Orientalium
1488 3361 1591 3424 libris:
1621 3363 1747 3442 agnosci
1777 3370 1876 3424 tamen
1899 3361 1988 3424 iacile
2011 3379 2073 3442 po-

695 3465 754 3520 test
785 3458 852 3519 illos
883 3460 996 3519 veteris
1024 3457 1181 3521 Ecclesiae
1213 3458 1379 3521 doctrinam
1408 3469 1440 3522 et
1468 3459 1655 3541 disciplinam
1677 3460 1716 3522 de
1738 3460 1867 3522 utilitate
1890 3461 2072 3538 orationum,

695 3564 727 3620 et
749 3555 890 3619 sacrificii
911 3555 1109 3618 Eucharistioi
1132 3557 1285 3619 oblatione
1308 3575 1364 3638 pro
1387 3561 1523 3637 mortuis,
1547 3561 1789 3621 constantissime
1812 3560 1983 3621 retinuisse.
2029 3560 2072 3622 At

578 3655 585 3670 '
695 3657 725 3716 in
747 3655 806 3718 isto
829 3654 956 3716 articulo
979 3671 1070 3716 causa
1093 3657 1257 3738 praecipue
1279 3665 1435 3736 versatur,
1465 3659 1544 3721 etsi
1567 3657 1691 3735 Graeci,
1725 3657 1848 3720 Latinos
1872 3658 2072 3722 calumniandi

697 3754 820 3816 libidine
850 3755 1037 3831 caruissent,
1067 3753 1135 3816 lites
1164 3754 1232 3817 illas
1260 3773 1443 3835 componere
1471 3756 1559 3818 lacile
1583 3756 1699 3819 luisset.
1745 3757 1858 3820 Verum
1881 3776 1948 3819 cum
1971 3776 2072 3839 neque

700 3852 817 3928 Severi,
840 3871 941 3933 neque
963 3851 1119 3915 Barsalibii
1142 3855 1192 3933 qui
1215 3853 1380 3937 Liturgiam
1408 3856 1562 3918 recensuit
1592 3863 1691 3918 aetate
1721 3856 1925 3938 agitarentur,
1955 3858 1985 3918 in
2016 3858 2074 3919 ista

698 3959 730 4015 et
751 3951 896 4014 similibus
920 3950 1116 4028 orationibus,
1138 3969 1237 4033 neque
1260 3952 1340 4015 unde
1364 3952 1433 4034 Syri
1455 3962 1637 4017 accusentur
1660 3955 1863 4036 quaerendum
1886 3963 1949 4032 est,
1972 3971 2074 4035 neque

698 4050 836 4114 doctrina
859 4049 917 4113 illis
941 4050 1143 4130 attribuenda,
1168 4071 1246 4132 quae
1268 4052 1339 4114 licet
1360 4071 1434 4116 vera
1457 4062 1488 4116 et
1510 4055 1575 4134 pia,
1605 4054 1737 4116 nondum
1768 4062 1866 4116 tamen
1895 4054 1975 4135 apud
2004 4054 2072 4116 illos

405 4150 504 4288 {arpeo
524 4153 549 4206 Τ.
571 4153 588 4206 t.
607 4157 632 4209 5.
651 4156 677 4207 3.
699 4152 773 4214 satis
802 4151 952 4230 explicata
982 4150 1088 4215 iuerat.
1133 4150 1270 4213 Videoda
1300 4169 1377 4232 quae
1407 4153 1632 4215 observavimus
1667 4152 1736 4215 alibi
1767 4153 1804 4216 de
1837 4153 1944 4216 eodem
1975 4173 2073 4236 argu-

372 4254 395 4288 c.
435 4275 442 4288 ·
698 4256 809 4312 mento.

1068 4509 1102 4580 3.
1139 4509 1318 4582 lncocolio
1345 4509 1500 4605 Spiritus
1525 4516 1646 4584 soracti.

795 4699 909 4780 ΕΔΜ
933 4731 969 4774 ac
991 4713 1022 4774 in
1044 4711 1168 4792 reliquis
1182 4713 1324 4798 Liturgiis
1347 4715 1435 4798 hujus
1449 4715 1767 4793 orationissententia,
1791 4723 1822 4777 et
1845 4713 1951 4777 eadem
1973 4732 2072 4795 prope

583 4870 586 4876 .
699 4816 808 4877 verba:
832 4834 898 4878 cum
920 4815 972 4878 illo
995 4815 1090 4877 solum
1114 4815 1302 4896 discrimine,
1326 4819 1406 4899 quod
1429 4837 1489 4882 uno
1512 4827 1620 4881 tenore
1644 4811 1762 4896 dicitur,
1787 4835 1864 4896 quae
1887 4819 2072 4897 antiquitatis

700 4922 770 4976 nota
794 4923 841 4977 est
868 4931 928 4975 non
952 4914 1051 4978 dubia.
1098 4915 1141 4977 lta
1171 4917 1249 4978 enim
1278 4921 1453 4999 agnoscitur
1480 4918 1560 4980 illam
1590 4918 1630 4979 ita
1657 4918 1884 4996 pronunciatum
1907 4915 2014 4994 luisse,
2038 4924 2071 4979 ut

698 5013 868 5076 continuam
891 5030 957 5074 cum
980 5015 1246 5078 sacramentalibus
1260 5017 1362 5079 verbis
1374 5018 1484 5081 Christi
1506 5017 1685 5080 sententiam
1707 5015 1855 5078 alliceret:
1879 5033 1936 5096 qua
1951 5016 2070 5077 ratione
