4782 6068
646 492 649 506 ’
732 491 982 572 ΒΕΑΤΟΒΠΜ
1018 493 1358 574 utostotouuu
1398 511 1449 576 uc.
1687 495 1762 570 587

817 767 896 840 uum
922 768 1006 838 dicit
1030 767 1120 840 ioue
1143 737 1353 840 Orationem.

503 955 635 1031 Christe
660 979 730 1054 pax
756 959 973 1053 superiorum,
999 967 1034 1028 et
1066 957 1281 1054 tranquillitas
1315 981 1437 1051 magua
1463 959 1675 1048 interiorum,
1708 959 1764 1033 iac

399 1083 435 1148 ut
458 1073 585 1148 habitet
611 1071 828 1169 tranquillitas
854 1081 889 1145 et
913 1095 983 1168 pax
1008 1083 1063 1144 tua
1089 1075 1123 1147 in
1150 1083 1292 1170 quatuor
1317 1072 1465 1171 partibus
1491 1075 1622 1165 mundi,
1656 1098 1763 1171 prue-

399 1193 496 1288 cipue
523 1199 635 1261 autem
658 1192 693 1260 in
717 1188 872 1262 Ecclesia
906 1197 964 1260 tua
989 1200 1104 1261 sancta
1132 1182 1319 1263 catholici:
1351 1189 1407 1262 luc
1438 1202 1474 1263 at
1498 1213 1617 1287 pacem
1641 1190 1765 1266 habeut

399 1305 649 1394 Sacerdotium,
685 1327 760 1377 cum
794 1305 955 1400 lmperio:
999 1326 1137 1378 cessare
1168 1304 1225 1378 iac
1254 1305 1343 1379 bella
1376 1330 1396 1379 a
1429 1305 1548 1380 finibus
1581 1317 1704 1399 terrae,
1731 1316 1766 1380 et

400 1421 526 1518 dissipa
552 1431 671 1513 gentes
699 1443 785 1517 qnae
810 1418 899 1493 hello
925 1421 1057 1493 uoluunt:
1082 1430 1118 1493 ut
1142 1420 1345 1496 habitatione
1368 1422 1541 1518 tranquilla
1568 1434 1602 1496 et
1626 1422 1765 1520 pacifica

398 1535 557 1626 mamus,
583 1539 617 1608 in
644 1539 734 1609 omni
760 1541 988 1632 temperantia,
1016 1547 1050 1609 et
1075 1539 1194 1610 timore
1219 1537 1293 1611 Dei.
1332 1539 1439 1612 Parce
1463 1539 1590 1612 delictis
1616 1550 1652 1611 et
1676 1561 1765 1636 pec-

399 1655 482 1728 catis
508 1652 734 1726 detunctorum
760 1656 991 1749 pergratiam
1017 1662 1052 1725 ct
1076 1655 1309 1728 miserationes
1334 1664 1409 1728 tuas
1436 1659 1469 1728 in
1496 1655 1641 1732 saecula.

505 1769 554 1840 Et
579 1771 626 1840 ud
651 1769 729 1842 iilos
755 1773 813 1863 qai
839 1776 917 1840 saut
942 1774 1040 1840 arca
1065 1769 1177 1842 attare
1204 1771 1297 1842 dicit.
1342 1769 1488 1842 Benedic
1513 1769 1667 1843 Domine.
1692 1771 1766 1842 Be-

399 1884 497 1958 uedic
522 1887 673 1959 Domine.
726 1885 937 1980 imponitque
963 1889 1152 1974 iucensam,
1183 1881 1212 1921 ¹⁵
1239 1910 1305 1981 qao
1330 1910 1369 1958 se
1391 1891 1497 1982 ipsuum
1518 1888 1706 1979 persuadit,
1733 1893 1769 1958 et

400 2002 493 2072 dicit.
520 2000 669 2074 Suavem
695 2000 751 2074 fac
778 1998 920 2073 Domine
945 2002 1039 2074 Deus
1065 2011 1190 2090 noster,
1217 2002 1356 2077 odorem
1379 2001 1557 2097 jucundum
1584 2007 1765 2077 animarum

398 2128 602 2208 austrenum,
635 2139 697 2214 por
731 2120 928 2190 suavitatem
959 2121 1105 2190 caritatis
1132 2129 1229 2211 tuae,
1262 2128 1296 2191 et
1320 2141 1383 2215 per
1409 2143 1483 2194 eam
1509 2118 1629 2192 munda
1656 2141 1710 2191 me
1745 2141 1765 2190 a

346 2249 353 2257 ‘
398 2231 536 2306 maculis
562 2237 711 2329 peccati,
744 2245 777 2304 et
802 2255 905 2328 parce
938 2233 1015 2304 mihi
1051 2232 1171 2306 delicta
1206 2244 1242 2307 et
1275 2244 1415 2331 peccata
1445 2258 1539 2324 mea,
1578 2245 1644 2308 tam
1679 2257 1765 2330 quae

399 2353 483 2438 scio,
511 2363 608 2446 quam
635 2372 722 2447 quae
752 2352 885 2442 ignoro.

476 2466 602 2538 lteram
628 2469 756 2560 accipit
782 2469 953 2538 iaceusam
978 2466 1140 2538 madaba
1165 2465 1334 2555 mouibas,
1361 2473 1396 2538 et
1412 2470 1568 2539 iuceusot
1581 2469 1763 2558 mysteria:

397 2605 478 2654 moa
504 2583 597 2653 dicit.
648 2583 835 2655 Accessum
862 2581 919 2654 dat
949 2579 1048 2655 nohis
1075 2581 1252 2655 clementia
1286 2585 1417 2675 gratiae
1446 2591 1523 2655 uae
1554 2582 1697 2655 Domine
1731 2588 1765 2651 at

398 2699 491 2772 Deus
517 2706 642 2786 noster,
670 2697 712 2770 ad
738 2700 899 2793 mysteria
924 2696 1009 2770 haec
1034 2698 1230 2795 praeclara,
1257 2707 1388 2787 sancta,
1420 2697 1621 2772 vivificantia
1646 2707 1681 2769 et
1707 2695 1764 2767 di-

398 2816 478 2888 vina
506 2815 657 2909 quaumm
682 2812 809 2905 indigni
835 2815 948 2886 simus.
1777 2800 1854 2940 ἔξω
1871 2810 1940 2856 ω’*
1956 2804 1983 2857 ῑ“
2003 2803 2085 2857 'lm

504 2931 602 3002 Haec
628 2929 736 3001 eaba
760 2927 935 3000 Sacerdos
960 2929 1063 3000 semel
1088 2936 1190 3025 atqae
1222 2933 1345 3002 iterum
1368 2933 1512 3023 repetit,
1551 2936 1587 3002 et
1616 2926 1664 2999 ad
1687 2930 1764 2998 sia-
1782 2904 1841 3034 x⁰'

398 3048 480 3142 pala
515 3044 698 3117 iateraolla
727 3048 843 3138 jaupit
873 3067 992 3116 mauas
1026 3068 1107 3116 siuas
1140 3068 1244 3138 saper
1275 3051 1397 3138 pectas
1425 3067 1520 3118 suam
1553 3048 1589 3114 iu
1618 3048 1766 3138 formem

402 3166 523 3236 crocis.
577 3161 757 3233 Occatotar
789 3161 902 3232 attare
928 3161 978 3230 'iu
1015 3162 1144 3234 medio:
1181 3164 1375 3256 accipitque
1414 3158 1576 3231 antam
1612 3158 1767 3232 monitus

403 3279 551 3352 oblatum
576 3279 804 3371 superiorem,
833 3282 867 3348 et
892 3298 1023 3349 saroam
1048 3280 1220 3370 aspicieus
1245 3277 1338 3360 dicit.

503 3393 593 3468 Laus
620 3396 744 3466 uondni
770 3401 826 3466 tuo
853 3403 969 3466 sanctu
996 3393 1139 3466 Domata
1165 3393 1248 3466 Jesn
1270 3391 1423 3484 Christe,
1449 3403 1484 3465 et
1509 3390 1660 3466 adoratio
1686 3414 1766 3464 ma-

397 3514 508 3606 jestati
542 3519 619 3582 tuae
650 3531 783 3604 semper
818 3519 851 3582 et
881 3507 1087 3581 insaecula.
1121 3511 1241 3583 Amen.
1286 3509 1386 3580 Panis
1413 3511 1500 3584 enim
1523 3510 1624 3580 vivus
1650 3513 1703 3578 est
1729 3515 1765 3578 et
1795 3513 1864 3566 uses
1882 3511 1970 3566 Oratio
1982 3515 2009 3566 in
2023 3513 2085 3568 Cot·

400 3627 574 3701 vivificans
610 3627 663 3721 qui
700 3624 872 3698 descendit
906 3625 949 3697 de
984 3623 1109 3713 coelis,
1145 3634 1180 3697 et
1210 3625 1267 3697 dat
1300 3627 1402 3699 vitam
1433 3623 1553 3696 mundo
1593 3625 1765 3712 universo,
1778 3601 2085 3740 ‘Zifnaer'ssaffiffi‘f

402 3764 499 3839 quem
526 3743 580 3837 qui
607 3739 707 3812 edumt
732 3762 799 3813 non
821 3744 1022 3814 moriuntur:
1049 3749 1082 3812 et
1108 3743 1163 3836 qui
1189 3740 1279 3813 illum
1305 3743 1468 3838 recipiunt
1493 3762 1555 3838 per
1580 3737 1668 3811 illum
1691 3703 1795 3811 sol·p
2077 3725 2085 3740 ⁶

399 3867 530 3944 venun,
556 3876 620 3927 nec
645 3858 891 3952 corruptionem
919 3860 1081 3946 sentiunt,
1113 3865 1148 3929 et
1172 3860 1292 3930 vivunt
1315 3879 1377 3953 per
1401 3855 1491 3930 illum
1516 3858 1551 3928 in
1578 3865 1766 3946 aeternnm:

400 3983 501 4069 tuque
527 3993 565 4044 es
591 3969 756 4044 antidotus
783 3970 990 4044 mortalitatis
1016 3982 1169 4064 nostrae,
1205 3983 1239 4046 et
1264 3976 1465 4046 resurrectio
1493 3975 1593 4046 totius
1618 3973 1767 4066 figmenti

400 4093 516 4162 nostri.
653 4158 656 4168 ,

502 4204 544 4276 lu
570 4205 641 4275 atio
677 4205 796 4276 codice
829 4204 932 4276 aliter
962 4205 1049 4277 toea
1085 4205 1249 4301 tepautar.
1303 4204 1419 4279 Gloria
1455 4202 1514 4277 tibi
1546 4204 1640 4277 Deus
1665 4205 1766 4277 Pater

401 4326 457 4419 qni
481 4324 599 4397 misisti
625 4321 744 4393 Filium
771 4332 860 4393 tuum
886 4322 1087 4413 unigenitum
1114 4322 1158 4395 ad
1183 4319 1323 4396 sautem
1348 4331 1508 4411 ausuum,
1535 4328 1569 4394 et
1594 4323 1668 4416 ipso
1688 4324 1765 4417 pri·

399 4459 537 4534 usquam
564 4446 744 4533 pateretur,
771 4448 834 4508 etc.

512 4547 543 4589 ¹⁰
568 4554 610 4625 lu
638 4553 765 4624 Codice
790 4552 893 4624 Etiae
919 4576 1015 4649 qaeu
1039 4555 1149 4626 secati
1172 4575 1292 4646 amas,
1318 4553 1471 4648 desectae
1496 4560 1564 4643 est,
1591 4577 1665 4626 cam
1690 4561 1765 4626 tota

399 4669 579 4741 verboram
613 4669 740 4740 Christi
770 4671 932 4740 recitatio
964 4671 1261 4763 praetermittatur
1278 4669 1518 4763 'descriptoris
1548 4670 1665 4764 calpa,
1705 4677 1766 4742 eat

401 4785 491 4882 qaod
516 4785 604 4856 ltoec
630 4784 777 4873 aliunde,
804 4807 922 4879 uempe
948 4808 995 4857 eu·
1029 4785 1200 4858 Tlteodori
1233 4791 1294 4857 aut
1318 4785 1476 4859 Nestorii
1500 4785 1661 4879 Liturpia
1689 4790 1765 4882 peti

400 4901 572 4973 debereut.
625 4898 666 4970 lu
693 4921 735 4971 eo
762 4922 858 4995 quem
883 4903 1023 4994 scripsit
1044 4902 1177 4973 Romae
1204 4899 1318 4974 1697.
1344 4899 1512 4996 tosardus
1537 4901 1762 4994 Patriarclua,

399 5025 490 5090 totas
515 5015 573 5087 itte
598 5015 694 5088 locas
717 5019 924 5109 reformatas
951 5023 1002 5090 est
1031 5017 1078 5088 ad
1101 5017 1244 5090 Miseele
1270 5017 1489 5090 Ctatdeicau
1521 5019 1655 5091 Boutae
1681 5020 1761 5090 edi-

453 5153 576 5199 rumau
1144 5139 1148 5153 “
1505 5137 1555 5209 77
