4804 6026
732 577 759 651 8
1109 579 1285 656 ORDO
1339 577 1715 659 connatis

836 765 1019 840 Sacerdos.
1071 767 1164 839 Deus
1190 765 1321 839 laudem
1347 777 1437 840 tuam
1462 768 1639 863 suscipiat,
1665 777 1700 840 et
1715 765 1943 843 laetificetcor
1956 771 2100 846 audien-

732 884 812 953 tium
837 893 892 974 te,
918 886 952 954 in
977 903 1085 974 regno
1112 883 1282 955 coelorum
1308 885 1342 953 in
1370 881 1514 956 saecula.

835 997 1022 1070 Diaconos.
1073 997 1237 1088 Alleluia,
1264 998 1403 1070 alleluia.

835 1115 1019 1187 Sacerdos.
1071 1112 1244 1186 Immolete
1269 1113 1316 1186 illi
1341 1113 1524 1204 sacrificia,
1551 1114 1668 1187 offerte
1693 1116 1902 1208 oblationes,
1930 1119 2103 1193 ascendite

731 1233 766 1300 in
792 1234 874 1302 atria
899 1230 1052 1318 Domini,
1079 1239 1113 1300 et
1139 1229 1278 1301 adorate
1304 1252 1381 1302 eum
1406 1235 1440 1301 in
1466 1230 1590 1327 templo
1624 1243 1741 1304 sancto
1775 1236 1867 1325 ejus,
1902 1235 2101 1310 confitemini

732 1355 766 1418 et
790 1346 978 1418 benedicite
1003 1348 1128 1418 nomini
1154 1349 1246 1438 ejus,
1273 1369 1293 1418 a
1321 1369 1386 1442 quo
1412 1350 1481 1419 vita
1509 1346 1668 1419 tribuitur.
1720 1347 1876 1422 Alleluia.

834 1462 1022 1534 Diaconum.
1073 1461 1165 1536 Ante
1190 1461 1411 1554 Evangelium
1439 1460 1627 1535 Salvatoris
1653 1467 1780 1554 nostri,
1807 1469 1862 1559 qm
1889 1472 2102 1542 annunciavit

729 1581 832 1651 vitam
859 1575 1030 1652 animabus
1056 1581 1206 1669 nostris,
1232 1601 1308 1650 eum
1333 1576 1492 1650 odoribus
1518 1581 1700 1675 impositis,
1726 1582 1990 1655 misericordiam
2013 1594 2102 1658 mam

730 1694 873 1769 Domine
900 1694 1127 1792 deprecamur.

832 1811 1008 1883 Sacerdos
1031 1815 1133 1883 muttit
1158 1810 1234 1882 lbos
1258 1813 1295 1880 ia
1321 1809 1534 1882 tbmtbulom
1548 1817 1584 1882 et
1610 1812 1703 1882 dicit.

832 1928 979 2001 Benedic
1004 1927 1157 2001 Domine.
1209 1927 1315 2022 Kyn'e
1342 1925 1488 2014 eleison,
1515 1925 1621 2022 llyn'e
1647 1927 1796 2018 eleison,
1826 1930 1933 2025 llyrie
1960 1930 2099 2004 eleison.

728 2043 937 2136 Adoremus,
963 2043 1134 2117 laudemus
1161 2052 1195 2114 et
1220 2043 1449 2132 celebremuS,
1476 2040 1682 2132 exaltemus,
1708 2044 1908 2118 extollamus
1935 2055 1969 2118 et
1982 2046 2096 2119 bene-

729 2160 876 2235 dicamus
908 2181 1031 2233 nomen
1066 2158 1269 2232 adorandum
1304 2168 1339 2230 et
1369 2156 1568 2230 laudandum
1599 2160 1729 2250 Patris,
1764 2161 1858 2250 Filii,
1889 2170 1924 2233 et
1947 2162 2097 2258 *Spiritus

729 2282 835 2352 saneti
860 2280 951 2369 vivi,
978 2279 1072 2369 cujus
1097 2298 1162 2347 una
1188 2284 1240 2348 est
1257 2285 1425 2372 potestas,
1451 2295 1518 2346 una
1533 2277 1713 2366 majestas,
1739 2276 1988 2352 unavoluntas:
2015 2301 2100 2354 unus

727 2394 843 2483 Deus,
876 2415 999 2480 verus,
1031 2391 1243 2480 benedictus,
1277 2391 1455 2480 excelsus,
1496 2389 1682 2464 indivisus:
1717 2394 1783 2488 ipsi
1818 2396 1861 2466 sit
1895 2393 2025 2486 gloria,
2065 2404 2100 2468 et

618 2503 623 2510 ’
728 2531 830 2605 super
854 2530 918 2583 nos
944 2507 1194 2582 misericordiae
1220 2509 1313 2599 ejus,
1344 2529 1432 2578 nuuc
1459 2515 1493 2578 et
1518 2527 1653 2603 semper
1679 2513 1772 2582 etin
1805 2509 1939 2583 saecula
1972 2533 2099 2585 saecu-

726 2624 856 2715 lorum,
882 2625 1001 2698 Amen.
1053 2627 1198 2698 Domine
1223 2623 1317 2698 Deus
1344 2624 1553 2719 omnipotens
1580 2627 1635 2718 qui
1662 2625 1843 2698 secundum
1865 2625 2010 2700 divinam
2026 2650 2098 2700 vo-

725 2742 883 2815 luntatem
910 2745 1020 2814 omnia
1045 2744 1156 2834 regis3
1190 2743 1300 2813 omnia
1335 2743 1423 2813 enim
1455 2739 1514 2813 tibi
1540 2737 1670 2814 abdiu
1697 2752 1787 2814 sunt:
1824 2743 1974 2816 concede
1999 2744 2098 2818 nobis

726 2860 870 2932 Domine
895 2861 988 2933 Deus
1014 2860 1281 2956 propitiationem
1307 2855 1501 2929 delictorum
1534 2866 1569 2928 et
1599 2859 1832 2932 remissionem
1862 2871 2097 2956 peccatorum:

728 2975 824 3048 auier
849 2999 870 3046 a
895 2975 993 3048 nobis
1021 2975 1132 3048 dolum
1157 2982 1192 3046 et
1216 2971 1399 3065 invidiam,
1433 2980 1468 3045 et
1492 2971 1618 3068 Spiritu
1650 2983 1707 3045 tuo
1734 2984 1851 3048 sancto
1876 2997 1940 3049 nos
1968 2979 2099 3049 sancti·-

647 3095 651 3104 '
726 3092 811 3184 lica,
836 3101 873 3163 ut
899 3090 989 3184 digni
1016 3090 1185 3164 auditores
1213 3100 1248 3163 et
1271 3087 1419 3164 lactares
1446 3091 1549 3163 simus
1574 3087 1756 3181 Evangelii
1783 3089 1906 3164 Christi
1932 3095 2002 3164 tui:
2037 3114 2099 3188 per

728 3228 825 3301 quem
852 3217 887 3280 et
912 3230 987 3280 cum
1014 3231 1080 3304 quo
1107 3217 1142 3279 te
1168 3206 1266 3278 decet
1290 3205 1363 3279 laus
1391 3216 1425 3277 et
1450 3204 1577 3297 gloria,
1604 3204 1702 3278 simvd
1722 3228 1797 3280 oum
1813 3207 1919 3282 suffitu
1934 3206 1999 3280 boc
2018 3207 2098 3280 thu-

724 3325 789 3411 ris,
818 3334 894 3395 ante
920 3323 1098 3396 lectionem
1122 3321 1302 3416 Evangelii
1327 3323 1374 3392 tui
1399 3320 1565 3396 salutaris.
1622 3321 1769 3394 Domine
1800 3332 1834 3394 et
1858 3323 1953 3397 Deus
1983 3333 2099 3396 noster

725 3437 785 3510 tibi
811 3441 920 3532 gloria
945 3442 980 3512 in
1005 3439 1152 3514 saecula.
1331 3483 1336 3491 ·
1717 3423 1721 3434 “

829 3556 1017 3629 Diaconos.
1070 3555 1232 3630 Accedite
1259 3553 1302 3627 ad
1327 3575 1382 3624 me
1407 3552 1540 3642 inanes,
1566 3561 1676 3625 tacete
1703 3563 1738 3625 et
1757 3553 1941 3629 auscultate
1963 3577 2097 3628 annun-

726 3674 903 3746 ciationem
929 3673 1120 3748 Salvatoris
1146 3673 1268 3760 nostri,
1296 3693 1342 3743 ex
1366 3666 1558 3762 Evangelio
1585 3678 1703 3744 sancto
1731 3670 1820 3766 quod
1844 3670 1946 3744 vobis
1967 3671 2096 3764 legitur.

829 3790 1014 3862 Sacerdos.
1067 3789 1143 3862 Pax
1167 3787 1353 3861 vobiscum.

829 3907 991 4001 Populus.
1043 3904 1088 3977 Et
1114 3927 1189 3976 cum
1215 3902 1339 3999 Spiritu
1365 3909 1433 3972 tuo.

829 4019 1014 4095 Sacerdos.
1065 4020 1122 4093 Ex
1146 4017 1335 4111 Evangelio
1370 4023 1508 4104 sancto,
1541 4015 1676 4088 Domini
1709 4021 1816 4092 nostri
1847 4017 1931 4092 lesu
1965 4015 2096 4107 Christi,

724 4136 790 4210 Dei
814 4142 920 4211 nostri
944 4141 1039 4228 veri,
1065 4136 1313 4234 praedicatione
1337 4132 1448 4221 iacta,
1475 4154 1496 4204 a
1521 4131 1563 4204 N.
1590 4132 1758 4230 Apostolo
1785 4144 1819 4206 et
1844 4156 2014 4231 praecone
2036 4137 2097 4207 vi-

724 4261 781 4324 tae
808 4264 985 4344 aeternae,
1012 4255 1299 4326 annunciationem
1325 4251 1416 4323 vitae
1442 4257 1476 4320 et
1502 4248 1616 4324 salutis
1644 4250 1792 4322 audimus
1824 4271 1887 4346 pro
1923 4247 2096 4348 animabus

726 4370 859 4444 nostris.

831 4483 1044 4558 Diaconos·
1070 4485 1189 4560 Estote
1214 4489 1248 4558 in
1275 4483 1422 4570 silentio,
1447 4479 1648 4572 Auditorcs,
1680 4484 1745 4556 boc
1778 4490 1829 4555 est
1862 4487 1949 4554 enim
1974 4482 2097 4555 Evan-

727 4599 852 4694 gelium
877 4613 1026 4676 sanctum
1053 4603 1141 4700 quod
1166 4604 1297 4698 legitur.
1349 4600 1486 4674 Fratres
1512 4605 1579 4676 mei
1597 4599 1772 4687 festinate,
1799 4597 1928 4689 audite,
1955 4606 1988 4672 et
2007 4620 2095 4670 cou-

727 4717 862 4790 litemini
887 4717 1027 4793 verbum
1052 4719 1118 4793 Dei
1143 4723 1226 4794 vivi.
1726 4725 1729 4731 ’

831 4835 1015 4908 Sacerdos.
1067 4837 1171 4930 Igitur
1205 4840 1240 4909 in
1274 4845 1427 4933 tempore
1461 4836 1729 4911 conversationis
1761 4835 1796 4904 in
1834 4841 1924 4904 terra
1963 4831 2098 4904 Domini
2223 4839 2228 4850 ·

727 4951 792 5022 Dei
817 4961 852 5024 et
877 4951 1063 5026 Salvatoris
1089 4956 1196 5027 nostri
1221 4952 1304 5025 lesu
1331 4951 1471 5045 Christi,
1499 4953 1583 5025 dixit
1607 4947 1786 5046 Discipulis
1812 4951 1899 5038 suis,
1928 4957 1991 5020 etc.

830 5067 991 5164 Popodua.
1043 5069 1191 5142 Benedic
1215 5070 1325 5143 Pater.
1829 5075 1838 5086 '
