4782 6068
609 523 977 600 Thuonoul
1029 525 1537 604 triturantis.
1685 527 1757 600 611
1864 571 1869 576 -

385 708 467 807 bile,
502 709 729 807 praeclarum,
763 708 980 800 rationabile,
1022 711 1193 784 excellens
1229 720 1264 782 et
1295 715 1520 800 incruentum,
1553 716 1696 804 gratiam
1729 723 1764 784 et

385 830 617 900 miserationes
644 828 852 898 inveniamus
889 848 1001 898 coram
1038 837 1080 899 te.
1111 827 1246 897 Cauca:
1281 851 1356 898 curn
1386 827 1539 902 omnibus
1567 829 1632 902 illis
1661 833 1764 923 quia

385 942 522 1015 saeculo
549 941 744 1037 placuerunt
770 941 840 1027 tihi,
867 945 1095 1036 pergratiam
1125 950 1159 1014 et
1184 945 1416 1016 miserationes
1444 947 1607 1036 unigeniti
1633 947 1696 1031 tui,
1730 954 1764 1015 et

386 1059 457 1148 tihi,
484 1060 615 1153 ipsiquo
641 1067 675 1128 et
700 1056 837 1152 Spiritui
864 1069 982 1129 sancto
1009 1057 1161 1149 gloriam,
1188 1057 1319 1131 laudem
1348 1069 1381 1130 et
1407 1059 1638 1133 adorationem
1665 1061 1762 1133 roie-

385 1195 507 1259 ramus,
535 1195 622 1243 nunc
648 1184 682 1244 et
708 1195 853 1268 semper,
881 1183 914 1244 ει
941 1176 973 1244 in
1000 1172 1135 1246 saecula
1164 1172 1385 1246 saeculorum.

491 1288 615 1381 Siqnat
640 1311 694 1375 se,
723 1287 918 1382 etreliqua
945 1291 1133 1382 perfia-taut
1170 1296 1208 1359 ut
1244 1293 1280 1359 ιη
1311 1289 1472 1385 Liturqs'u
1505 1291 1759 1386 Apostolorum.

385 1404 434 1474 Et
459 1403 635 1476 Sacerdos
661 1405 747 1479 dicit
774 1403 953 1475 Cononem.
1008 1403 1123 1477 Gratia
1149 1405 1282 1476 Domini
1309 1409 1416 1476 nostri
1448 1405 1530 1477 Jesu
1558 1405 1699 1496 Christi,
1728 1417 1761 1480 et

385 1523 507 1592 caritas
534 1520 597 1590 Dei
624 1521 744 1607 Patris,
772 1530 806 1591 ει
833 1523 1086 1592 communicatio
1114 1519 1256 1616 Spiritus
1293 1525 1398 1593 sancti
1435 1523 1477 1592 sit
1504 1545 1578 1594 cum
1605 1522 1760 1595 omnibus

385 1635 496 1725 nobis,
522 1657 610 1706 nunc
638 1644 672 1706 et
698 1657 842 1732 semper,
871 1645 905 1706 ει
931 1639 964 1707 in
991 1636 1126 1708 saecula
1154 1636 1372 1708 saeculorum.

490 1749 630 1846 Siquam
656 1753 769 1823 crucis
801 1755 891 1844 facit
924 1775 1029 1844 super
1061 1755 1223 1843 mpsteru'a
1257 1759 1292 1822 et
1320 1757 1550 1847 prosequitur.
1582 1749 1596 1786 ²
1622 1751 1760 1822 Sursum

386 1868 419 1937 in
447 1863 576 1937 excelsi
603 1864 816 1954 sublimibus,
849 1870 883 1937 in
917 1871 1057 1958 regione
1086 1867 1226 1939 timenda
1255 1868 1403 1959 gloriae,
1436 1866 1492 1939 ubi
1526 1888 1593 1939 non
1627 1877 1761 1938 cessant

387 1973 564 2054 Cherubim
592 1980 663 2051 alas
691 2003 770 2053 suas
797 1985 945 2073 agitare,
973 2005 1086 2078 neque
1122 1983 1274 2055 desinunt
1303 1983 1399 2075 jubili
1426 1994 1461 2054 et
1493 1981 1607 2054 laudes
1635 2003 1760 2057 suaves

387 2088 679 2169 sanctificationum
706 2095 894 2192 Seraphim,
921 2095 966 2168 ihi
993 2102 1058 2169 sint
1084 2108 1211 2170 mentes
1237 2107 1384 2171 vestrae.

489 2211 537 2282 Et
562 2213 779 2304 respoudeat.
807 2213 891 2284 Sunt
918 2213 1004 2308 apud
1030 2223 1064 2284 te
1090 2214 1194 2285 Deus.

489 2326 665 2399 Sacerdos
688 2332 918 2421 prosequitur.
957 2327 1089 2400 Oblatio
1124 2332 1206 2400 viva
1243 2339 1277 2400 et
1302 2330 1508 2403 rationabilis
1543 2333 1761 2426 primitiarum

385 2451 592 2531 nostrarum,
627 2445 830 2537 victimaque
862 2465 930 2515 non
966 2443 1152 2534 immolata,
1189 2454 1222 2515 ει
1256 2443 1471 2538 acceptabilis
1512 2442 1585 2517 Filii
1623 2449 1760 2536 generis

386 2560 510 2646 nostri,
551 2579 612 2653 pro
659 2557 810 2630 omnibus
852 2562 1015 2631 creaturis
1065 2563 1265 2648 universim,
1308 2560 1383 2631 Deo
1426 2563 1568 2632 omnium
1613 2561 1771 2652 Domino.

387 2673 532 2744 otiermr.

491 2788 539 2858 Ει
563 2789 780 2882 respoudeat.
807 2788 951 2879 Dignum
981 2797 1014 2860 et
1037 2791 1162 2880 justum
1190 2799 1251 2860 εει.

493 2902 681 2974 Diucouus.
725 2905 800 2976 Pax
826 2903 1008 2976 nobiscum.
1423 2993 1427 3000 ι

491 3017 667 3089 Sacerdos
698 3025 842 3090 secreta.
871 3023 885 3057 ³
918 3018 1061 3109 Dignum
1099 3026 1151 3090 ost
1187 3018 1331 3089 Domine
1361 3017 1529 3111 quotidie,
1569 3029 1602 3090 et
1637 3021 1762 3110 justum

387 3135 673 3230 omnitempore,
701 3132 1025 3228 aequumquehoris
1059 3131 1210 3207 omnibus
1251 3134 1377 3223 gratias
1413 3155 1517 3224 agere
1548 3135 1672 3204 nomini
1704 3143 1761 3204 tuo

384 3257 522 3337 sancto,
559 3258 592 3320 ει
625 3249 769 3322 adorare
800 3253 1010 3342 majestatem
1045 3256 1133 3320 tuam
1168 3251 1202 3318 in
1235 3249 1322 3318 omni
1354 3252 1494 3340 regione
1527 3257 1561 3320 ει
1595 3247 1692 3319 loco:
1726 3257 1761 3318 to

383 3364 477 3437 Deus
505 3365 606 3436 Pater
621 3370 772 3438 veritatis
800 3369 854 3461 qui
873 3367 989 3436 existis
1018 3364 1059 3437 ab
1080 3374 1237 3454 aeterno,
1265 3373 1298 3434 et
1317 3363 1437 3434 Filium
1451 3373 1538 3435 tuum
1557 3364 1760 3456 unigenitum

387 3479 565 3554 Dominum
591 3493 741 3554 nostrum
767 3482 881 3553 lesum
909 3479 1094 3567 Christum,
1127 3489 1161 3551 et
1187 3478 1343 3574 Spiritum
1378 3490 1527 3551 sanctum
1559 3483 1592 3550 in
1626 3478 1762 3551 saecula

387 3595 611 3668 saeculorum:
646 3601 722 3690 qnia
755 3607 788 3667 tu
821 3619 859 3669 es
894 3598 1056 3670 Dominus
1093 3607 1127 3667 ει
1161 3594 1312 3666 conditor
1344 3597 1488 3666 omnium
1515 3595 1691 3668 visibilium
1728 3606 1762 3666 et

386 3710 615 3783 invisibilium:
644 3715 698 3806 qui
725 3735 787 3806 per
813 3713 931 3785 Filium
959 3723 1048 3784 tuum
1075 3713 1277 3803 unigenitum
1305 3711 1412 3784 Deum
1439 3708 1586 3782 Verbum
1620 3713 1674 3806 qui
1708 3720 1761 3783 est

385 3823 444 3897 lux
471 3827 602 3920 gloriae
629 3834 718 3915 tuae,
746 3838 778 3898 et
806 3827 964 3922 splendor
991 3837 1084 3899 exte
1109 3831 1289 3921 imagoque
1316 3825 1520 3898 substantiae
1539 3835 1627 3915 tuae,
1655 3850 1760 3899 crea-

387 3945 429 4013 sti
456 3953 489 4013 ει
516 3943 712 4014 constituisti
740 3942 870 4015 coelum
898 3953 932 4013 ει
958 3953 1099 4029 terram,
1132 3952 1166 4013 ει
1192 3945 1303 4014 omnia
1332 3963 1416 4036 quae
1443 3945 1475 4012 in
1503 3944 1551 4013 eis
1580 3951 1664 4044 sunt.
1717 3939 1762 4012 Et

386 4079 449 4152 per
475 4056 632 4153 Spiritum
660 4066 819 4142 sunctum,
847 4059 1005 4153 Spiritum
1033 4059 1203 4146 veritatis,
1231 4060 1285 4152 qui
1313 4081 1359 4128 ex
1386 4067 1419 4128 te
1437 4067 1489 4128 est
1505 4057 1617 4142 Pater,
1645 4079 1760 4129 omnes

387 4181 525 4245 natiuae
551 4155 750 4263 rationaleS,
776 4172 927 4246 visibiles
955 4184 989 4245 ει
1014 4171 1200 4246 invisibiles
1228 4172 1472 4258 confortantur,
1505 4172 1761 4258 sanctificantur,

388 4286 574 4384 dignaeque
607 4289 702 4377 liunt,
736 4287 903 4360 referendi
937 4287 1067 4361 laudem
1104 4287 1263 4360 divinitati
1303 4298 1379 4360 tuae
1417 4287 1618 4362 adorandae.
1675 4285 1760 4371 Quia

387 4426 502 4476 coram
528 4414 561 4476 to
587 4407 688 4477 Pater
714 4427 810 4492 vere,
837 4417 870 4476 ει
906 4427 1019 4477 coram
1053 4402 1139 4475 Filio
1173 4413 1230 4476 tuo
1265 4407 1436 4496 unigenito
1472 4403 1617 4476 Domino
1643 4412 1760 4476 nostro

386 4518 469 4592 lesu
496 4519 642 4610 Christo,
670 4531 703 4592 ει
730 4543 845 4594 coram
871 4520 995 4616 Spiritu
1022 4528 1137 4592 sancto
1160 4521 1345 4591 consistunt
1363 4519 1496 4592 millena
1522 4517 1622 4590 millia
1649 4519 1760 4590 subli-

385 4638 485 4706 mium
513 4634 693 4732 Spirituum
720 4647 754 4708 et
780 4635 893 4709 decies
919 4635 1038 4709 millies
1066 4635 1182 4707 decem
1208 4634 1308 4706 millia
1320 4633 1531 4727 Angelorum
1558 4643 1759 4722 sanctorum,

388 4773 527 4846 quorum
554 4754 645 4822 vitae
663 4751 819 4848 voluptas
847 4756 958 4825 estin
986 4753 1149 4824 constanti
1176 4772 1237 4823 sua
1263 4749 1446 4840 voluntate,
1473 4758 1509 4821 ut
1534 4761 1757 4822 nomentuum

388 4888 545 4957 magnum
572 4875 606 4938 et
632 4876 791 4954 sanctum,
818 4866 1006 4940 laudatione
1032 4877 1193 4963 perpetua
1220 4867 1434 4938 sanctificent.
1487 4866 1632 4958 Dignum
1659 4869 1759 4936 etiam

386 4979 497 5055 fecisti
521 4983 666 5054 Domine
691 5003 754 5077 per
779 4986 922 5073 groham
948 4995 1037 5056 tuam
1063 5003 1171 5075 genus
1203 4990 1353 5055 nostrum
1378 4981 1558 5071 inlirmnm,
1592 4981 1759 5054 hominum

425 5121 513 5164 Turnus
527 5119 558 5163 it.
1517 5099 1568 5172 80
