4712 6032
598 452 676 532 226
1107 449 1467 527 LITURGIA

599 636 686 699 tionis
710 635 778 697 aovi
802 641 861 697 tam
883 633 973 696 multa
996 631 1116 696 aliunde
1138 631 1293 712 praeierat
1319 633 1438 697 indicia.
1488 632 1572 696 inter
1593 632 1643 695 illa
1666 639 1767 695 umen
1790 650 1977 697 commemo-

600 736 678 799 ratio
707 734 738 795 in
767 730 923 814 Diptyohis
954 731 1051 809 facta,
1091 739 1265 793 sanctorum
1298 733 1349 812 qui
1383 740 1541 795 consumto
1575 729 1685 793 dudum
1715 748 1773 810 per
1802 733 1977 812 martyrium

600 834 717 918 ignatio
741 833 772 894 in
794 831 935 894 Ecclesia
957 829 1126 892 lloruerunt
1149 831 1268 892 censeri
1297 848 1358 893 non
1381 830 1486 894 debet:
1519 831 1640 893 nomina
1670 831 1783 910 quippe
1810 830 1861 892 illa
1888 829 1977 911 adjici

600 938 775 1012 potuerunt,
797 938 830 992 ut
852 930 883 990 in
906 928 971 990 aliis
995 928 1186 1007 observatur,
1210 929 1280 1008 quia
1308 929 1386 992 tales
1409 928 1709 992 commemorationes
1740 936 1828 992 erant
1858 947 1899 990 ex
1920 947 1978 990 usu

579 1027 826 1087 'Ecclesiastico
872 1026 960 1095 Quod
983 1045 1058 1085 vcro
1080 1026 1246 1086 Dioscorus
1274 1035 1304 1086 et
1328 1029 1461 1089 Severus
1483 1027 1655 1089 nominatim
1686 1035 1974 1091 commemorantur:

601 1124 681 1186 illam
703 1123 868 1206 liturgiam
890 1119 1038 1184 Jacobitis
1061 1123 1217 1204 propriam
1238 1121 1333 1185 luisse
1357 1123 1544 1186 manifestum
1567 1121 1649 1186 iacit,

995 1466 1587 1522 ψ

983 1887 1589 2069 LllUllGlll

781 2220 823 2335 S.
876 2218 1100 2335 tutti
1154 2220 1412 2334 PAPAE
1466 2218 1789 2336 nollit.

608 2519 613 2528 ·
677 2465 693 2501 ’
1001 2505 1153 2575 Primum
1177 2504 1304 2575 Oratio
1332 2509 1413 2574 ante
1438 2504 1577 2575 Pacem.

669 2700 786 2803 Deus
813 2725 914 2798 Pater
941 2728 1151 2820 omnipotens
1179 2731 1299 2823 quies
1327 2730 1447 2800 caritas
1473 2749 1569 2816 vera,
1597 2735 1632 2796 et
1657 2726 1798 2818 largitor
1825 2731 1973 2802 coriatis

602 2853 637 2915 et
662 2840 920 2937 tranquillitatis,
948 2864 1010 2916 nos
1039 2841 1158 2934 dignos
1187 2843 1298 2932 effice,
1325 2852 1361 2915 ut
1387 2843 1533 2915 mundati
1561 2842 1603 2914 ab
1632 2845 1721 2913 omni
1748 2864 1877 2934 genere
1903 2847 1975 2916 ini-

601 2962 733 3053 quitatis
760 2960 903 3053 peccati,
932 2958 1047 3030 demus
1074 2956 1173 3030 uobis
1199 2961 1344 3030 invicem
1378 2981 1497 3055 pacem
1528 2963 1562 3029 in
1598 2957 1715 3030 osculo
1748 2970 1884 3050 sancto,
1917 2965 1976 3031 in-

600 3077 695 3147 censi
722 3094 838 3145 amore
865 3082 899 3144 et
925 3076 1063 3144 caritate
1090 3077 1250 3165 unigeniti
1277 3073 1353 3145 Filii
1379 3078 1443 3163 tui,
1472 3097 1545 3146 cum
1573 3096 1638 3168 quo
1667 3083 1700 3146 te
1729 3073 1826 3146 decet
1852 3074 1975 3167 gloria,

599 3187 707 3262 honor
734 3199 768 3261 et
794 3199 945 3285 potestas
973 3211 1047 3260 oum
1074 3188 1200 3284 Spiritu
1227 3201 1283 3262 tuo
1311 3199 1441 3279 sancto,
1469 3212 1556 3260 nnnc
1583 3199 1617 3260 et
1643 3213 1786 3285 semper,
1814 3201 1877 3263 etc.

702 3305 866 3398 Populus.
919 3306 1040 3377 Amen.
1094 3310 1098 3320 ’

703 3419 888 3492 Sacerdos.
942 3422 1026 3493 Pax.

702 3536 865 3630 Popotoe.
917 3538 1077 3627 Dignare.

704 3652 892 3724 Diaconos.
946 3651 1036 3723 Post.

703 3769 867 3862 Populus.
921 3765 1045 3840 Coram
1072 3775 1114 3837 te.

703 3882 889 3955 Sacerdos.
942 3881 996 3953 Etv
1013 3903 1074 3954 eos
1101 3883 1156 3976 qui
1188 3904 1302 3954 coram
1336 3890 1370 3952 te
1402 3879 1547 3952 inclinati
1580 3891 1673 3971 sunt,
1706 3893 1869 3979 perpetuo
1905 3884 1974 3956 be-

599 3996 696 4069 nedic
724 4010 758 4070 et
784 4019 973 4088 conserva,
1000 3996 1141 4091 illosque
1168 4001 1301 4070 omnino
1330 3994 1452 4068 exhibe
1480 3995 1625 4090 cultores
1653 4001 1699 4069 tui
1724 3999 1912 4093 perlectos,
1940 4012 1975 4072 et

600 4117 726 4186 erroris
753 4115 932 4210 immunes,
961 4114 1124 4208 simulque
1155 4115 1315 4205 unigeniti
1342 4111 1417 4184 Filii
1447 4117 1514 4201 tui,
1546 4124 1580 4185 et
1605 4113 1746 4208 Spiritus
1778 4119 1825 4186 tui
1858 4118 1973 4194 sancti.

704 4229 867 4321 Populus.
919 4231 1039 4302 Amen.
2066 4319 2069 4326 .

702 4342 888 4416 Sacerdos.
941 4346 1110 4440 Perpetuo
1143 4349 1244 4438 igitur
1286 4343 1410 4419 robora
1449 4344 1668 4417 infirmitatem
1707 4354 1854 4418 nostram
1894 4348 1974 4419 Do-

600 4462 699 4549 mine,
727 4470 762 4531 et
788 4460 831 4532 da
857 4459 955 4533 nobis
983 4471 1018 4532 nt
1045 4472 1160 4533 sancte
1188 4472 1221 4532 et
1246 4461 1347 4533 valde
1374 4483 1474 4554 pure,
1508 4460 1684 4532 offeramus
1717 4461 1776 4534 tihi
1810 4461 1974 4535 sacrificia

601 4574 783 4670 spiritualia
811 4585 845 4647 et
871 4577 1057 4665 rationalia,
1084 4588 1245 4669 rogantes
1270 4580 1406 4650 venium
1433 4575 1648 4665 delictorum,
1685 4587 1719 4648 et
1745 4581 1975 4651 remissionem

601 4697 817 4784 peccatorum
842 4691 940 4765 nobis
968 4701 1001 4762 et
1028 4691 1180 4766 omnibus
1208 4691 1372 4764 defunctis
1398 4691 1561 4783 fidelibus,
1589 4697 1665 4787 quia
1692 4705 1726 4766 tu
1746 4696 1839 4767 Deus
1866 4699 1974 4767 mise-

600 4808 707 4878 ricors
735 4827 785 4897 es,
812 4806 999 4902 volensque
1026 4807 1288 4881 misericordiam
1314 4807 1439 4902 tibique
1459 4808 1602 4900 gloriam
1622 4819 1656 4880 et
1671 4811 1850 4901 gratiarum
1865 4815 1975 4883 actio-

599 4941 676 4992 nem
703 4921 882 5012 oilerimus,
910 4933 944 4995 et
969 4925 1139 5016 unigenito
1167 4923 1252 4995 Filio
1281 4933 1349 5010 tuo,
1377 4933 1441 4997 eto.
