4814 6060
728 554 804 632 eso
1134 515 1136 518 ’
1236 554 1595 690 ntrunera

726 765 790 816 nos
824 749 999 818 sanctitate
1034 753 1108 834 tua,
1145 753 1182 816 ut
1214 741 1475 815 sanctificaretur
1507 763 1631 814 nomen
1664 753 1755 816 tuum
1788 767 1809 816 a
1841 743 1950 817 nobis.
2002 747 2098 823 blitte

727 863 826 932 etiarn
854 883 993 954 regnum
1020 869 1109 932 tuum
1137 869 1321 950 aeternum,
1347 867 1381 931 et
1393 855 1520 928 habitet
1545 860 1578 929 in
1606 858 1777 932 animabus
1803 864 1939 950 nostris,
1966 874 2000 935 et
2023 887 2097 939 vo·

726 975 851 1048 luntate
877 999 942 1048 una
969 986 1035 1062 tua,
1061 975 1136 1047 Filii
1163 979 1228 1066 tui,
1263 985 1296 1046 et
1322 973 1464 1069 Spiritus
1491 975 1537 1045 tui
1564 977 1668 1045 sancti
1695 973 1845 1068 guberna
1871 998 1950 1049 nos:
1983 1001 2097 1074 pane-

728 1115 793 1188 que
820 1091 960 1166 coelesti
987 1103 1086 1186 atque
1111 1090 1323 1179 vivificante,
1360 1092 1414 1184 qui
1441 1099 1494 1162 est
1520 1093 1663 1162 omniurn
1698 1090 1903 1182 alimentum,
1934 1081 2096 1192 perpetuo

727 1209 812 1280 satia
839 1230 912 1281 nos.
940 1208 1076 1280 Dimitte
1101 1229 1164 1302 per
1190 1205 1451 1279 misericordiam
1485 1214 1574 1277 mam
1602 1227 1737 1280 errores
1765 1216 1799 1279 ct
1824 1205 2000 1282 malefacta
2026 1233 2096 1283 no-

727 1334 815 1398 stra:
844 1325 886 1397 da
913 1323 1011 1397 nobis
1038 1345 1099 1396 cor
1125 1327 1301 1395 contritum
1325 1331 1358 1392 et
1378 1319 1590 1409 humiliatum,
1615 1332 1652 1394 ut
1676 1321 1874 1396 dimittamus
1900 1327 2000 1396 etiam
2027 1325 2096 1396 de-

725 1439 888 1514 bitoribus
915 1442 1055 1514 nostris:
1082 1451 1117 1511 et
1142 1463 1161 1511 a
1189 1436 1423 1512 tentationibus
1455 1435 1729 1526 intolerabilibus,
1756 1461 1842 1534 quae
1867 1439 1966 1513 nobis
1998 1444 2096 1513 acci-

724 1557 816 1648 dunt,
842 1579 944 1629 serva
971 1577 1044 1629 nos.
1096 1557 1149 1629 Da
1175 1555 1273 1629 nobis
1305 1558 1470 1642 virtutem,
1498 1556 1685 1644 victoriam,
1711 1563 1746 1626 et
1776 1553 1966 1628 facultatem
2000 1559 2094 1631 resi·-

724 1673 834 1756 stendi
861 1673 1024 1746 adversus
1051 1675 1215 1745 inimicum
1243 1671 1445 1768 spiritualem
1471 1680 1636 1758 nostrum,
1673 1674 1748 1766 quia
1781 1681 1836 1743 tua
1862 1683 1914 1746 est
1939 1675 2096 1764 victoria,

723 1788 919 1886 triumphus,
945 1811 1085 1882 regnum
1113 1799 1147 1861 et
1172 1788 1293 1881 gloria,
1326 1787 1487 1882 simulque
1512 1789 1673 1880 unigeniti
1698 1787 1773 1860 Filii
1800 1789 1860 1876 tui,
1893 1797 1927 1860 et
1952 1789 2095 1886 Spiritus

723 1908 770 1979 tui
797 1909 913 1980 sancti.
2028 1890 2033 1906 ⁸

827 2022 990 2116 Populus.
1041 2022 1162 2094 Amffl.

828 2137 1012 2210 Sacerdos.
1065 2139 1151 2210 Pax.

827 2254 990 2348 Populea.
1042 2254 1188 2326 Etcum
1214 2256 1330 2350 spiritu
1356 2263 1424 2326 tao.

825 2370 1014 2442 Diaconos.
1069 2370 1186 2466 Capita
1211 2379 1327 2443 nostra
1352 2370 1558 2444 inclinemus.

826 2485 1003 2574 Sacerdos
1027 2486 1221 2558 inclinatae.
1280 2484 1403 2559 Coram
1429 2496 1463 2559 te
1489 2487 1596 2578 Deus,
1623 2491 1745 2560 vivens
1772 2489 1806 2557 in
1833 2487 1991 2579 saecula,
2025 2487 2094 2561 do-

721 2607 866 2676 minator
892 2606 1049 2692 omuium,
1076 2605 1129 2675 cui
1155 2605 1371 2674 incurvantur
1397 2604 1509 2675 omnia
1534 2623 1658 2696 genua,
1685 2603 1890 2694 coelestium,
1917 2613 1952 2676 et
1977 2613 2093 2675 terre-

722 2722 848 2807 strium,
874 2722 969 2790 servi
995 2721 1041 2790 tui
1067 2727 1156 2791 stant
1181 2741 1256 2790 cum
1282 2718 1493 2794 inclinatione
1509 2721 1678 2791 cervicum
1706 2723 1859 2815 corporis
1887 2731 1920 2792 et
1946 2723 2095 2818 animae:

722 2857 798 2908 cum
831 2834 952 2908 dolore
984 2845 1019 2906 et
1049 2833 1208 2932 lacrymis
1243 2835 1399 2908 ardenter
1438 2842 1515 2906 ante
1552 2837 1688 2926 januam
1720 2835 1972 2908 misericordiae
2004 2846 2094 2930 tuae,

722 2943 908 3042 gementes,
936 2962 969 3023 et
996 2962 1214 3048 expectantes
1232 2961 1405 3046 paternam
1421 2961 1455 3023 et
1469 2949 1690 3023 abundantem
1703 2951 1966 3025 misericordiam
1992 2962 2092 3028 tuam

720 3066 863 3141 Eilnnde
890 3089 993 3166 super
1019 3091 1081 3142 eos
1107 3067 1357 3140 benedictiones
1385 3066 1426 3139 de
1453 3066 1559 3139 coelis
1585 3070 1649 3139 tuis
1676 3053 1887 3158 sublimibus,
1920 3078 1954 3140 et
1979 3067 2093 3141 bene-

721 3183 775 3255 dic
801 3185 888 3258 illos.
940 3184 1095 3257 Eumeda
1122 3205 1224 3280 super
1249 3183 1326 3256 illos
1352 3181 1526 3255 dexteram
1552 3193 1640 3255 tuam
1667 3182 1875 3272 beneficam,
1908 3193 1942 3255 ct
1969 3182 2093 3278 adjuva

720 3299 806 3374 illos.
859 3301 1043 3396 Locupleta
1069 3301 1146 3374 illos
1172 3297 1363 3373 muneribus
1397 3303 1461 3371 tuis
1489 3297 1610 3372 divinis
1638 3310 1672 3371 et
1702 3299 1827 3396 periice
1866 3299 1955 3374 illos.
2013 3301 2093 3374 lle-

719 3417 850 3512 sponde
877 3415 1165 3490 obsecrationibus
1194 3409 1322 3505 eorum,
1348 3437 1410 3510 per
1436 3413 1646 3488 clementiam
1672 3425 1759 3488 tuam
1787 3425 1821 3488 ct
1847 3416 1979 3490 custodi
2003 3417 2092 3492 illos.

721 3531 899 3605 Circumda
925 3533 1001 3607 illos
1026 3555 1122 3606 muro
1148 3533 1342 3625 vigilantiae
1377 3540 1465 3622 tuae,
1492 3541 1526 3604 et
1552 3530 1723 3604 docende
1750 3529 1836 3604 illos.
1895 3531 1984 3606 cita
2015 3533 2092 3608 illos

719 3650 921 3744 pinguedine
948 3651 1180 3737 damasianae,
1209 3659 1242 3750 et
1268 3652 1351 3722 satia
1378 3647 1464 3722 illos.
1525 3647 1610 3720 Pota
1635 3645 1710 3720 illos
1737 3658 1887 3721 torrente
1912 3647 2092 3745 voluptatis

720 3757 791 3855 tu'o,
818 3776 852 3839 et
877 3765 1006 3840 inebria
1033 3767 1128 3838 illos:
1163 3775 1200 3837 ut
1224 3786 1288 3838 nos
1315 3785 1432 3837 omnes
1457 3763 1562 3836 induti
1586 3761 1737 3836 vestibus
1765 3761 1870 3855 albis,
1885 3755 1932 3854 ¹et
1956 3786 2092 3840 conve-

719 3879 885 3954 nientibus
913 3881 1028 3977 quales
1055 3881 1177 3955 aiierre
1203 3881 1301 3953 decet
1326 3880 1369 3952 ad
1395 3881 1588 3952 convivium
1612 3876 1735 3952 Christi
1760 3882 1818 3970 tui,
1844 3882 1891 3952 ita
1917 3879 2007 3972 digni
2033 3881 2093 3955 ei-

719 3997 867 4070 ireiamur
893 3997 1095 4094 suscipiendi
1121 4019 1246 4094 corpus
1281 4001 1354 4090 ejus
1387 4005 1536 4069 sanctum
1563 4004 1598 4067 et
1623 3996 1819 4088 sanguinem
1852 3998 1925 4087 ejus
1957 4001 2094 4092 pretio-

688 4185 694 4198 ,
720 4135 804 4202 snm,
831 4123 1013 4209 sanctaque
1039 4113 1135 4206 baec,
1161 4117 1227 4186 sint
1241 4112 1341 4186 nobis
1359 4111 1625 4204 sanctificatoria,
1652 4121 1686 4184 et
1712 4115 1832 4208 pignus
1859 4115 1950 4186 vitae
1974 4117 2010 4186 in
2036 4113 2092 4188 die

715 4228 844 4322 judicii,
870 4239 905 4300 et
929 4231 1115 4304 referemus
1141 4228 1201 4302 tibi
1227 4241 1292 4303 etc.
1701 4251 1703 4254 ·

823 4345 985 4439 Populus.
1035 4348 1158 4420 Amen.

823 4459 1009 4534 Sacerdos.
1060 4463 1147 4536 Pax.

822 4578 984 4672 Populus.
1035 4577 1080 4652 Et
1105 4602 1180 4652 oum
1206 4579 1321 4675 spiritu
1346 4589 1415 4651 tuo.

821 4693 1007 4769 Sacerdos.
1060 4696 1312 4769 Misericordiae
1338 4695 1403 4768 Dei
1430 4695 1505 4768 sint.

822 4810 984 4904 Populea.
1034 4811 1180 4885 Etcum
1206 4814 1322 4909 spiritu
1348 4820 1415 4885 tato.

822 4927 1011 4999 Diaconos.
1065 4925 1150 5029 Cum
1176 4931 1306 5000 timore.

822 5042 1008 5118 Sacerdos.
1061 5044 1186 5118 Sancta
1212 5046 1346 5117 sanctis.
