4814 6060
690 616 813 690 'eoo
918 565 1223 694 oosmrluouus
1240 612 1545 690 merueramus
1564 612 1681 690 msro
1697 611 1937 692 oouumxu

737 817 817 882 quae
845 801 885 863 sit
913 797 1075 862 verborum
1102 795 1292 880 significatio.
1337 794 1518 858 Accuratam
1547 795 1702 858 biasianae
1732 796 1883 860 versionis
1911 814 1979 859 cum
2002 795 2117 861 Codice

738 898 915 962 Colbertino
945 896 1135 960 collationem
1163 896 1321 958 instituere
1346 895 1522 975 prolixioris
1550 911 1663 976 operae
1692 894 1815 974 suisset,
1845 911 1914 958 cum
1942 913 2054 979 magna
2083 898 2121 960 sit

739 997 897 1078 utriusque
920 998 951 1060 in
974 995 1103 1058 vocibus
1126 995 1296 1058 diversitas.

824 1095 890 1158 lam
919 1093 1039 1156 notulas
1070 1111 1148 1174 quae
1175 1091 1245 1154 huic
1275 1092 1430 1173 liturgiae
1459 1091 1619 1172 adjunctae
1648 1098 1719 1154 sunt
1740 1092 1771 1153 in
1792 1092 1979 1156 Bibliotheca
2001 1093 2120 1155 Patrum

739 1192 957 1274 expendemus.
1002 1190 1050 1254 Ad
1081 1181 1306 1254 luvocationem
1334 1190 1460 1270 Spiritus
1489 1192 1585 1252 sancti
1614 1188 1691 1252 haec
1721 1197 1825 1254 notata
1855 1200 1935 1256 sunt.
1980 1192 2067 1254 llaec
2094 1199 2123 1254 ct

738 1293 999 1372 repressorem,
1022 1292 1164 1352 videntur
1184 1290 1234 1351 vel
1254 1287 1449 1350 scribentium
1471 1309 1588 1364 errore,
1610 1290 1661 1350 vet
1681 1289 1901 1352 Graeculorum
1923 1290 2120 1370 quommdam

738 1391 1001 1452 acbimratiecrum
1021 1390 1234 1468 perversitate,
1253 1395 1455 1466 praepostero
1478 1387 1544 1449 loco
1567 1389 1599 1448 io
1621 1387 1682 1449 boc
1703 1386 1882 1467 Anophorc,
1902 1391 2026 1469 posito:
2055 1405 2121 1449 eam

739 1489 826 1550 locare
846 1489 984 1568 ipsorum
1004 1488 1153 1567 patuinus
1175 1486 1214 1547 ab
1237 1492 1345 1547 autore
1358 1483 1556 1563 dulcescent
1570 1493 1641 1546 onte
1653 1503 1749 1547 sacra
1761 1487 1856 1548 verba
1871 1485 2120 1549 cormecrctiom‘s.

741 1587 818 1649 Tum
840 1587 963 1649 remittit
985 1587 1117 1648 lectores
1141 1583 1178 1646 ad
1201 1602 1238 1646 ea
1262 1601 1340 1664 quae
1361 1585 1477 1646 notavit
1499 1582 1537 1645 ad
1558 1583 1724 1664 Liturgiam
1737 1583 1767 1646 S.
1783 1585 1901 1648 Jacobi.
1930 1585 2028 1648 Error
2039 1582 2120 1646 scri-

742 1684 876 1748 bantium
899 1692 1067 1766 perpetuus
1090 1701 1161 1746 esse
1184 1700 1245 1744 non
1267 1684 1379 1764 potuit:
1403 1681 1457 1744 luit
1479 1689 1594 1759 meten,
1621 1683 1647 1744 si
1670 1690 1802 1746 erratum
1825 1684 1862 1746 ah
1885 1683 1944 1746 illis
1967 1691 2030 1758 est3
2054 1699 2120 1745 nam

742 1783 880 1858 Graecae
903 1801 1026 1862 omnes,
1048 1782 1276 1864 Aegyptiacae,
1307 1781 1469 1863 Syriacae,
1498 1779 1714 1860 Aethiopicae,
1744 1789 1775 1843 et
1796 1782 1933 1863 reliquae
1954 1781 2120 1862 Liturgiae,

739 1880 963 1945 lnvocationem
979 1882 1037 1945 hoc
1051 1882 1120 1963 ipso
1142 1879 1212 1943 loeo
1235 1887 1478 1960 repraesentant,
1501 1897 1562 1941 non
1585 1887 1666 1954 ante,
1688 1879 1743 1942 sed
1766 1887 1837 1960 post
1848 1879 1943 1942 verba
1961 1879 2119 1942 dominica.

740 1979 807 2043 Nec
829 1979 991 2044 accusandi
1015 1980 1086 2042 sunt
1109 1977 1249 2041 Graeculi
1273 1978 1474 2056 Schismatici,
1505 1995 1572 2040 curn
1602 1976 1788 2058 exemplaria
1811 1976 1995 2039 Graecarum
2017 1975 2121 2037 Litur-

739 2079 869 2160 giacum,
892 2077 992 2140 multis
1014 2079 1100 2140 annis
1122 2076 1303 2153 vetustiora,
1325 2093 1412 2158 quam
1426 2074 1592 2155 CahasilaS,
1617 2077 1668 2156 qui
1690 2074 1804 2158 primus
1829 2093 1895 2138 eam
1910 2075 2118 2156 quaestionem

741 2178 857 2258 tetigit,
889 2185 920 2240 et
950 2195 1037 2257 quam
1060 2176 1233 2238 Florentino
1255 2175 1415 2257 synodus,
1446 2175 1476 2236 in
1499 2192 1558 2255 qua
1579 2175 1788 2238 vehementius
1812 2175 1922 2258 agitata
1947 2182 2012 2249 est,
2042 2173 2120 2236 iham

629 2343 634 2353 ,
742 2273 916 2340 Orationem
940 2275 1048 2338 eodem
1070 2274 1141 2337 loco
1163 2279 1411 2354 repraesentent:
1438 2272 1552 2336 nullum
1574 2273 1632 2336 nisi
1654 2274 1919 2368 recentissimum,
1944 2291 2011 2336 eam
2034 2272 2121 2335 aliter

741 2372 893 2436 exhibeat.
945 2373 1022 2446 Ouid
1057 2389 1151 2454 porro
1182 2372 1339 2436 Graeculis
1369 2371 1428 2434 illis
1458 2370 1656 2436 schismaticis
1687 2391 1845 2436 commune
1876 2391 1944 2436 cunr
1975 2372 2061 2454 syris
2092 2379 2121 2434 et

740 2471 904 2555 Aegyptiis
927 2471 1072 2535 Jacobitis
1095 2479 1179 2550 erat,
1208 2490 1276 2534 cum
1298 2470 1443 2534 haeretici
1467 2470 1555 2534 alteri
1577 2470 1614 2532 ab
1638 2471 1741 2534 alteris
1759 2472 1990 2553 judicarentur,
2015 2479 2047 2533 et
2069 2471 2120 2532 vix

740 2569 820 2632 ullus
850 2587 867 2630 a
897 2554 1051 2633 se'xcentis
1081 2570 1260 2651 etamplius
1285 2571 1370 2632 annis
1394 2568 1529 2631 Graecus
1553 2569 1744 2652 theologus,
1774 2569 1947 2632 Orientales
1970 2569 2119 2652 Liturgiaa

741 2667 792 2730 vel
815 2686 856 2729 ex
878 2668 944 2731 solo
968 2668 1052 2730 titulo
1076 2669 1213 2752 cognitas
1236 2668 1379 2731 habuisse
1401 2666 1565 2731 videatur?
1596 2667 1749 2747 Facilene,
1772 2668 1832 2731 imo
1854 2669 2012 2750 possibile,
2036 2670 2120 2750 quis-

742 2784 831 2848 quam
853 2766 1034 2830 existimabit
1058 2765 1245 2830 Christianos
1274 2768 1384 2831 mutuis
1415 2766 1490 2829 odiis
1514 2784 1531 2828 a
1554 2765 1811 2830 Calchedonemis
1835 2766 1963 2830 Concilii
1986 2775 2121 2849 ternpore

628 2915 632 2924 .
741 2871 905 2939 certantes,
927 2865 986 2932 illia
1010 2883 1087 2947 quos
1110 2873 1143 2928 ut
1165 2865 1337 2928 haereticos
1360 2865 1556 2944 insectantur,
1580 2867 1611 2927 in
1634 2864 1765 2928 Codices
1789 2867 2026 2929 sacramentales
2049 2881 2119 2930 suos
2192 2918 2200 2923 .

740 2963 902 3028 inducendi
926 2981 1021 3028 novas
1044 2963 1188 3028 formulas
1210 2965 1385 3028 facultatem
1408 2963 1556 3028 dedisse?
1586 2972 1638 3026 aut
1659 2965 1686 3026 si
1707 2963 1738 3026 id
1760 2982 1818 3046 per
1840 2963 1976 3028 fraudem
1999 2965 2120 3040 iactum,

742 3061 823 3144 quod
852 3079 892 3126 ne
921 3064 1051 3145 cogitari
1081 3063 1200 3144 quidem
1231 3071 1350 3146 potest,
1380 3061 1530 3145 quomodo
1559 3062 1681 3126 tandem
1705 3080 1810 3126 omnes
1834 3065 1965 3127 omnium
1986 3065 2120 3144 gentium

741 3161 872 3226 Codices
894 3160 971 3224 haec
994 3162 1167 3243 corruptela
1189 3163 1343 3244 pervasit,
1372 3162 1449 3225 adeo
1477 3168 1510 3223 ut
1531 3161 1631 3224 nullus
1654 3162 1691 3224 ab
1715 3179 1751 3224 ea
1774 3163 1912 3226 humums
1934 3165 2119 3244 reperiatur:

744 3279 833 3324 nemo
864 3259 893 3322 id
926 3261 1171 3324 animadverterit
1199 3280 1257 3344 per
1287 3277 1382 3324 annos
1411 3260 1492 3322 mille
1522 3259 1686 3335 ducentos,
1715 3261 1773 3323 nisi
1799 3279 1877 3324 unus
1900 3269 1951 3325 aut
1972 3260 2051 3324 alter
2074 3259 2121 3342 qui

743 3358 862 3422 Graece
876 3359 1076 3422 nesciebant?
1106 3359 1185 3422 Nihil
1200 3360 1295 3443 igitur
1307 3359 1358 3422 illa
1377 3361 1551 3442 conjectura
1573 3359 1701 3436 inanius,
1724 3377 1802 3440 quae
1825 3368 1925 3423 tamen
1948 3377 2010 3423 uon
2031 3359 2119 3424 modo

743 3455 893 3537 editiones
916 3474 1021 3520 omnes
1043 3457 1250 3521 Bibliothecae
1272 3459 1402 3534 Petrum,
1425 3457 1479 3520 sed
1503 3457 1730 3540 theologorum
1753 3453 1983 3521 commentarios
2007 3475 2120 3540 perva-

742 3557 791 3620 sit.
837 3556 925 3630 Quod
956 3557 1132 3640 subjicitur,
1162 3559 1262 3621 locum
1292 3549 1458 3639 genuinum
1487 3555 1675 3620 luvocationi
1704 3555 1741 3618 ab
1764 3564 1871 3621 autore
1894 3555 1995 3619 datum
2015 3555 2119 3632 fuisse

742 3665 813 3720 ante
834 3655 930 3718 verba
954 3658 1206 3742 consecrationis,
1230 3674 1327 3738 aeque
1350 3673 1455 3718 verum
1479 3651 1536 3718 est.
1583 3655 1615 3719 Si
1629 3653 1758 3718 Racilius
1780 3654 1996 3736 intelligendus
2011 3649 2117 3731 estin

742 3770 780 3816 ea
802 3753 869 3834 ipsa
892 3753 1027 3832 Graeca,
1062 3773 1150 3836 quam
1173 3755 1367 3820 Graeciano
1396 3771 1550 3816 consensu
1578 3752 1615 3816 ab
1643 3771 1682 3816 eo
1713 3753 1809 3816 literis
1830 3752 1998 3816 mandatam
2027 3754 2118 3816 luisse

743 3849 880 3930 eredunt,
903 3850 1059 3914 luvocatio
1083 3853 1191 3916 eodem
1212 3853 1281 3916 loco
1304 3853 1431 3935 legitur,
1460 3858 1550 3932 atque
1572 3852 1603 3914 in
1627 3851 1760 3933 Syriaca.
1806 3851 1839 3914 Si
1861 3851 1898 3914 de
1922 3853 1995 3928 ista,
2023 3851 2117 3914 bonus

744 3947 875 4011 Criticus
895 3949 1039 4032 loquitur,
1062 3951 1130 4032 quis
1145 3951 1226 4014 illam
1242 3959 1275 4014 ut
1288 3971 1322 4016 se
1337 3949 1427 4014 habet
1442 3948 1583 4012 aBasilio
1606 3951 1749 4031 scriptam
1772 3969 1842 4013 esse
1860 3951 1994 4032 probare
2015 3957 2116 4032 queat;

743 4055 794 4110 aut
816 4047 955 4127 primitus
977 4049 1038 4112 alio
1060 4049 1167 4112 ordine
1190 4050 1339 4133 digestam
1361 4049 1467 4126 fuisse,
1491 4065 1558 4111 cum
1580 4047 1693 4110 nullum
1716 4048 1873 4130 exemplar
1895 4045 2116 4112 invocationem

742 4144 812 4206 alibi
836 4148 965 4225 positam
988 4147 1155 4212 exhibeat?
1184 4149 1262 4222 Quin
1290 4148 1384 4232 igitur
1405 4147 1491 4210 blasii
1515 4144 1622 4210 Codex
1644 4165 1711 4210 eam
1732 4148 1802 4211 loco
1824 4165 1881 4210 suo
1903 4153 2119 4228 repraesenta·

741 4243 835 4322 verit,
866 4261 928 4306 non
949 4253 1054 4327 potest
1076 4247 1221 4310 dubitari:
1251 4263 1330 4327 quae
1353 4246 1433 4309 illius
1454 4245 1734 4327 interpretationem
1756 4254 1914 4330 spectant,
1944 4247 2020 4308 satis
2052 4245 2120 4308 alibi

741 4347 804 4404 tum
826 4341 863 4402 ad
885 4341 1052 4426 Liturgiam
1076 4343 1242 4426 Cepheam,
1266 4353 1329 4408 tum
1350 4345 1388 4408 ad
1411 4344 1486 4406 alias
1509 4347 1680 4428 expositum
1702 4352 1758 4410 est.
