4712 6032
1382 305 1420 352 ἱ

651 538 724 614 tat
1152 515 1514 620 urrunurr'

749 728 912 821 Populus.
939 726 1109 802 Habemus
1136 728 1179 801 ad
1205 731 1390 802 Dominum.

749 843 934 918 Sacerdos.
962 845 1095 920 Gratias
1123 867 1263 938 agamus
1289 845 1433 919 Domino
1460 848 1534 919 Deo
1560 855 1686 920 nostro.

749 959 1082 1054 Frentranorum
1109 971 1142 1033 et
1165 963 1290 1053 justum
1317 971 1377 1034 est.

752 1074 928 1148 Sacerdos
954 1078 1145 1149 inclinatos.
1171 1077 1284 1171 Digne
1309 1089 1342 1151 te
1369 1078 1467 1152 decet
1492 1077 1577 1170 laus,
1603 1081 1747 1153 Domine
1762 1078 1955 1156 coelestium
1983 1093 2017 1156 et

648 1195 865 1266 terrestrium.

748 1309 898 1380 Etecooe
922 1333 1047 1382 rocem.
1074 1311 1126 1384 'l'e
1153 1313 1239 1382 enim
1265 1311 1452 1404 glorificant
1477 1317 1512 1383 et
1526 1310 1660 1384 laudant
1679 1314 1820 1385 virtutes
1836 1334 2015 1408 supernae,

645 1436 680 1498 et
705 1424 835 1496 eoelum
861 1427 894 1497 in
920 1448 986 1520 quo
1014 1430 1215 1516 consistunt,
1242 1429 1332 1520 ignei
1358 1437 1392 1499 te
1419 1451 1494 1500 cum
1520 1429 1642 1500 timore
1668 1427 1848 1516 celebrant,
1879 1425 2015 1501 otera-

644 1539 712 1613 bim
739 1565 812 1614 cum
840 1545 1064 1616 commotione
1090 1552 1123 1615 te
1149 1540 1365 1616 benedicunt:
1393 1542 1635 1640 seraphimque
1662 1546 1778 1633 sancti,
1805 1547 2013 1636 majestatem

644 1668 734 1730 tuam
760 1657 985 1748 sanctificant,
1013 1663 1067 1753 qui
1093 1659 1204 1732 veloci
1231 1671 1321 1733 motu
1348 1661 1474 1733 alarum
1501 1671 1535 1731 et
1561 1682 1742 1757 pennarum
1771 1683 1914 1749 suarum,
1941 1683 2014 1735 vo-

643 1773 750 1845 lantes
777 1773 930 1846 altered
957 1774 1112 1864 alterum,
1141 1775 1303 1867 clamant,
1330 1775 1578 1867 vociferamur,
1605 1787 1638 1848 et
1664 1775 1784 1848 dicunt.

748 1889 909 1982 Populos.
936 1891 1089 1964 Sanctus.

748 2005 925 2078 Sacerdos
960 2008 1152 2080 inclinatus.
1191 2008 1333 2081 Sanctus
1373 2031 1410 2080 es
1436 2009 1596 2100 Domine,
1633 2007 1726 2080 Deus
1762 2018 1903 2104 potens,
1936 2032 2011 2083 cum

643 2124 815 2215 unigenito
841 2120 927 2196 Filio
954 2133 1031 2212 tuo,
1058 2135 1092 2196 et
1118 2125 1243 2222 Spiritu
1269 2133 1325 2197 tuo
1352 2134 1488 2213 sancto,
1515 2147 1579 2196 una
1605 2133 1725 2196 natura
1757 2125 1916 2199 indivisa:
1952 2127 2008 2220 qui

646 2247 699 2311 est
725 2248 858 2312 sanctus
885 2250 919 2312 et
945 2240 1155 2312 sanctificans
1182 2243 1291 2313 omnia
1317 2244 1439 2313 virtute
1465 2239 1643 2312 divinitatis
1677 2261 1768 2312 suae.
1822 2241 1923 2312 Pater
1959 2243 2013 2336 qui

643 2357 733 2427 misit
766 2352 885 2426 Filimn
921 2378 1016 2429 suum
1042 2357 1085 2429 ad
1112 2356 1251 2430 salutem
1283 2366 1447 2428 nostram:
1488 2366 1521 2427 et
1553 2355 1655 2428 Filius
1692 2358 1746 2450 qui
1777 2355 1948 2429 descendit
1981 2365 2015 2428 et

644 2474 835 2544 incarnatus
862 2483 930 2560 est,
957 2493 1079 2568 passus
1105 2481 1139 2544 et
1165 2473 1341 2545 crucifixus
1361 2482 1500 2570 propter
1518 2475 1694 2564 imaginem
1717 2494 1810 2544 suam
1827 2495 1913 2569 quae
1930 2493 2014 2545 cor-

648 2596 744 2682 mpta
770 2586 894 2660 fuerat:
920 2587 1129 2684 spiritusque
1155 2593 1256 2661 muns
1283 2598 1318 2660 et
1343 2589 1553 2661 sanctificans
1580 2587 1741 2662 sacrificia
1768 2588 1889 2661 divina.

746 2703 897 2774 Eteoooe
922 2727 1046 2775 rocem.
1074 2703 1158 2777 Cum
1194 2714 1303 2777 autem
1339 2705 1381 2777 ad
1407 2708 1599 2801 passionem
1631 2705 1810 2778 salutarem
1841 2705 2015 2777 voluntate

642 2841 704 2893 sua
738 2823 906 2910 venisset,
939 2832 1077 2917 propter
1110 2819 1250 2893 salutem
1287 2832 1454 2911 nostram,
1490 2843 1609 2916 penem
1626 2863 1628 2866 ·
1645 2834 1746 2917 super
1778 2843 1894 2894 manus
1934 2845 2013 2895 suas

551 3015 554 3026 ,
643 2947 794 3026 sanctas,
826 2940 860 3008 in
895 2936 1000 3009 oculis
1035 2947 1164 3009 turmae
1198 2936 1433 3033 discipulorum
1465 2958 1598 3009 suorum
1635 2941 1778 3032 accepit:
1812 2941 1945 3033 aspexit
1979 2942 2013 3010 in

643 3051 795 3142 coelum,
821 3056 947 3144 gratias
974 3057 1062 3146 egit,
1088 3059 1109 3136 †
1134 3053 1324 3142 benedixit,
1350 3060 1371 3137 τ
1399 3061 1434 3124 et
1464 3052 1694 3144 sanctificavit,
1719 3059 1740 3136 τ
1772 3051 1875 3144 fregit
1900 3051 2012 3124 dedit-

642 3191 707 3262 que
735 3167 905 3264 Apostolis
932 3172 1002 3241 suis
1029 3171 1151 3242 sanctis
1179 3179 1212 3241 et
1238 3167 1338 3242 dixit:
1366 3171 1520 3267 Accipite
1539 3166 1735 3242 manducate
1762 3191 1807 3240 ex
1833 3189 1885 3239 eo.
1938 3167 2013 3241 Hoc

643 3293 696 3357 est
721 3307 844 3381 corpus
871 3308 995 3376 meum,
1024 3284 1112 3383 quod
1138 3307 1200 3380 pro
1227 3286 1344 3375 vobis,
1372 3295 1406 3357 et
1431 3307 1492 3380 pro
1526 3284 1676 3357 omnibus
1711 3288 1744 3356 in
1777 3308 1832 3357 me
1863 3282 2012 3355 creden-

642 3398 728 3472 tibus
755 3398 918 3493 frangitur
944 3412 977 3474 et
1005 3401 1176 3491 dividitur,
1204 3402 1246 3474 ad
1273 3406 1500 3499 expiationem
1535 3400 1745 3491 delictorum,
1778 3403 2010 3473 remissionem

641 3526 857 3612 peccatorum
884 3529 918 3590 et
943 3521 1046 3591 vitam
1071 3517 1213 3592 futuram
1239 3523 1271 3590 in
1300 3518 1442 3592 saecula.
1569 3555 1570 3560 ,

746 3633 908 3726 Populus.
934 3634 1054 3706 Amen.

745 3749 930 3823 Sacerdos.
955 3749 1000 3822 Et
1025 3761 1102 3847 post
1127 3771 1267 3824 coenam
1294 3776 1389 3826 suam
1415 3751 1502 3824 ibam
1529 3753 1713 3846 mysticam,
1741 3753 1841 3822 etiam
1867 3772 1913 3820 ex
1930 3751 2010 3819 vino

642 3875 676 3937 et
702 3889 788 3961 aqua
816 3869 945 3963 accepit
971 3866 1128 3956 calicem,
1155 3872 1347 3963 gratiasque
1374 3872 1444 3960 egit
1469 3889 1571 3964 super
1596 3865 1701 3954 ilium,
1728 3873 1749 3947 †
1775 3875 1810 3937 et
1827 3863 2011 3955 benedixit,

641 3988 663 4062 †
696 3979 934 4071 sanctificavit,
961 3991 982 4065 †
1014 3995 1048 4056 et
1074 3983 1164 4056 dedit
1189 3993 1315 4056 trumae
1341 3984 1579 4079 Apostolorum
1607 4003 1743 4054 suorum
1762 3992 1795 4053 et
1822 3981 1905 4053 dixit
1931 3980 2010 4053 illis:

641 4095 705 4167 Hic
731 4105 785 4168 est
810 4097 900 4169 calix
934 4103 1105 4192 sanguinis
1138 4102 1220 4188 mei,
1255 4099 1346 4173 Novi
1379 4100 1604 4189 Testamenti,
1643 4100 1799 4195 aecipite,
1834 4097 1938 4171 bibite
1964 4121 2011 4168 ex

618 4221 684 4284 ‘eo
713 4233 849 4285 ornnes:
877 4215 941 4286 iste
969 4216 1142 4289 effunditur
1167 4239 1230 4313 pro
1256 4219 1326 4288 vita
1343 4215 1465 4306 mundi,
1493 4215 1534 4286 ad
1562 4218 1786 4318 expiationem
1805 4215 2010 4300 delictorum,

642 4331 875 4402 remissionem
901 4342 1129 4427 peecatorum,
1156 4333 1308 4407 omnibus
1334 4337 1368 4405 in
1393 4355 1447 4405 me
1473 4329 1683 4404 credentibus
1709 4327 1900 4404 insaecula
1927 4349 2011 4402 sne-

642 4443 801 4516 culorum.

746 4561 907 4654 Populos.
933 4564 1053 4636 Amen.

746 4675 930 4750 Sacerdos.
957 4679 1007 4752 Ita
1024 4679 1156 4752 facietis
1175 4681 1209 4750 in
1223 4701 1332 4752 meam
1345 4680 1711 4753 commemorationem:
1739 4679 2010 4772 quotiescumque

643 4795 730 4864 enim
757 4793 997 4869 manducabitis
1024 4796 1272 4870 Sacramentum
1285 4795 1361 4885 boc,
1389 4806 1423 4868 et
1435 4794 1521 4867 bunc
1538 4797 1734 4887 sanguinem
1760 4791 1893 4881 bibetis,
1912 4815 2010 4867 mor-

641 4917 709 4980 tem
735 4930 843 4981 meam
871 4911 1110 4985 annunciabitis
1137 4912 1245 4985 donec
1269 4915 1413 4986 veniam.

749 5025 906 5118 Populos.
933 5026 1051 5102 Mortis
1078 5037 1174 5120 tuae,
1200 5031 1363 5118 Domine,
1390 5031 1582 5101 memoriam
1610 5030 1757 5120 agimus,
1784 5036 1847 5101 etc.
