4730 6038
697 459 773 534 352
1268 457 1498 536 NOTAE

697 653 855 740 essetque
879 645 1074 718 fermentum
1101 647 1202 733 vitae,
1228 666 1272 716 ne
1300 644 1502 719 condemnes
1528 669 1601 736 eos,
1629 651 1684 743 qui
1710 657 1743 720 te
1769 648 1963 739 comedunt,
1991 672 2067 722 cum

696 760 761 833 illis
789 765 844 856 qui
870 770 1116 834 contemserunt
1142 764 1318 857 passiones
1346 773 1418 834 tuus
1433 762 1614 837 salutares:
1643 775 1677 838 et
1690 762 1875 838 referemus
1901 763 1960 838 tibi
1984 766 2067 860 glo-

696 881 778 948 riam
813 889 847 950 et
885 876 1035 967 laudem,
1072 878 1230 973 Patrique
1265 888 1322 950 tuo
1356 877 1560 971 benedicto,
1601 889 1634 953 ot
1673 880 1810 978 Spiritui
1848 891 1906 953 tuo
1946 893 2066 954 sancto

698 1016 797 1084 nunc,
824 1003 887 1064 etc.

801 1107 963 1202 Populus.
1015 1110 1135 1180 Amen.

801 1224 989 1296 Diaconos.
1042 1222 1190 1294 Benedic
1215 1224 1368 1295 Domine.

802 1340 1002 1437 Sacerdos„
1040 1338 1186 1411 Benedic
1213 1338 1374 1412 omnibus.

1118 1659 1650 1702 “ss--

759 1947 821 2037 IN
870 1942 1249 2038 tluunolln
1291 1933 2005 2054 untuunultrlstettls

1294 2154 1468 2237 lltllll.

801 2440 854 2518 Dr
876 2448 1009 2514 lluttlreo
1032 2449 1171 2523 Pastore,
1202 2449 1253 2530 qui
1275 2449 1361 2531 hujus
1384 2451 1537 2534 Liturgiae
1559 2458 1646 2516 autor
1668 2451 1860 2534 perhibetur,
1883 2453 1956 2516 nihil
1978 2453 2066 2518 nobis

702 2557 849 2633 occurrit,
872 2554 952 2616 unde
975 2553 1095 2634 quando
1118 2553 1246 2627 vixerit,
1269 2560 1320 2615 aut
1343 2572 1432 2634 quem
1453 2553 1579 2638 gradum
1602 2557 1633 2618 in
1655 2573 1710 2619 suu
1732 2556 1870 2619 Ecclesia
1894 2557 2068 2638 obtinuerit,

699 2655 749 2717 vel
779 2652 939 2716 divinando
967 2652 1090 2733 assequi
1120 2651 1280 2733 possimus.
1323 2650 1490 2716 incubitum
1519 2655 1600 2718 illum
1622 2655 1716 2719 luisse
1737 2655 1807 2718 binc
1829 2657 1975 2737 probatur
1997 2674 2069 2720 cer-

700 2754 815 2818 tissime
837 2751 917 2833 quod
938 2751 1012 2815 haec
1035 2752 1100 2833 ejus
1123 2751 1389 2835 nomineLitmgia
1406 2753 1538 2816 occurrit
1559 2773 1625 2817 cum
1648 2755 1746 2819 multis
1770 2757 1835 2818 aliis
1852 2755 1949 2820 eidem
1963 2764 2068 2819 sectae

699 2853 844 2934 propriis,
867 2869 955 2933 quae,
978 2854 1004 2914 si
1027 2871 1093 2915 eum
1116 2851 1311 2932 quaelucobi
1332 2854 1441 2916 dicitur
1463 2853 1642 2935 excipimus:
1665 2855 1776 2919 nullum
1794 2875 1860 2918 cum
1876 2855 2068 2920 aliisEecle-

700 2953 753 3014 siis
777 2969 962 3014 communem
984 2951 1083 3015 habet.
1127 2949 1200 3014 liam
1221 2957 1320 3013 tamen
1341 2952 1456 3015 blissali
1476 2951 1636 3018 Chaldaico
1658 2957 1850 3018 insenuerunt
1872 2956 1923 3036 qui
1945 2955 2070 3016 editioni

699 3051 906 3133 praefuerunt,
928 3069 1006 3131 cum,
1029 3057 1063 3113 ut
1085 3049 1155 3114 ulibi
1176 3052 1354 3129 monuimus,
1378 3059 1409 3114 et
1431 3051 1481 3114 illu
1504 3061 1533 3115 et
1555 3053 1632 3116 oliae
1655 3072 1771 3134 omnes,
1795 3073 1855 3119 nou
1872 3055 1930 3117 alia
1949 3057 2066 3117 ratione

701 3153 738 3214 ad
760 3152 923 3214 Maronitas
953 3152 1141 3231 pertineant,
1170 3167 1258 3231 quam
1280 3151 1432 3231 reliquae:
1456 3169 1560 3214 omnes
1588 3155 1666 3216 enim
1693 3153 1896 3217 tacebiturum
1922 3153 2066 3236 propriae

699 3263 779 3331 sunt,
802 3255 857 3318 sed
879 3254 1035 3338 neglectu,
1065 3261 1135 3334 post
1157 3251 1300 3335 depulsos
1324 3253 1410 3336 Syria
1432 3254 1571 3332 Latinos,
1593 3253 1806 3316 Maronitarum
1829 3253 1966 3316 Ecclesia
1989 3269 2067 3332 quae

699 3375 766 3419 cum
788 3355 921 3418 Romana
943 3354 1138 3418 reconciliate
1158 3352 1268 3431 luerat,
1291 3357 1342 3434 qui
1363 3356 1448 3435 prius
1470 3350 1685 3417 lllonotbelitae
1707 3351 1836 3432 lucrant,
1858 3353 1988 3434 perlecti
2010 3348 2067 3412 Ja-

700 3455 817 3518 cobitue
840 3460 1009 3517 evaserunt.
1051 3452 1142 3516 Extat
1169 3453 1199 3513 in
1222 3451 1354 3515 llomunu
1384 3453 1514 3516 editione
1541 3472 1568 3534 p.
1592 3451 1664 3518 ll6.
1688 3459 1719 3514 et
1734 3453 1949 3534 sequentibus.
1994 3451 2066 3533 Ejus

699 3563 798 3618 eutem
820 3561 853 3615 ut
875 3553 999 3615 aliarum
1021 3553 1222 3615 recentiorum
1244 3552 1342 3632 stilus,
1366 3572 1405 3614 ex
1427 3552 1596 3634 elegantiae
1614 3551 1757 3633 Syriacae
1780 3552 1878 3616 studio
1901 3550 2066 3614 intricatis-

699 3655 790 3717 simus
821 3660 883 3727 est,
913 3670 972 3715 nec
1001 3651 1078 3715 levis
1108 3651 1206 3714 multis
1234 3650 1324 3732 locis,
1356 3671 1483 3733 quorum
1511 3660 1610 3714 tamen
1632 3651 1730 3716 nullus
1753 3652 1791 3714 ad
1813 3653 1902 3715 tidem
1923 3653 2066 3734 pertinet,

700 3753 870 3815 obscuritas
892 3751 1053 3832 reperitur.

924 4013 959 4084 2.
1001 4011 1048 4082 El
1073 4035 1147 4084 cum
1173 4010 1324 4083 omnibus
1349 4016 1482 4086 acturis
1506 4012 1750 4106 spiritualibus,
1778 4019 1841 4084 etc.

803 4205 989 4294 Snuruurm,
1012 4217 1187 4296 utvidetur,
1210 4217 1286 4279 baec
1309 4225 1361 4280 est.
1393 4217 1466 4280 Cum
1478 4207 1575 4279 beatis
1585 4216 1644 4279 illis
1656 4215 1808 4296 spiritibus
1822 4214 1926 4277 laudes
1947 4223 2066 4278 nostrus

701 4322 931 4406 conjungendo,
962 4330 1083 4384 aeterna
1112 4328 1162 4383 tua
1185 4320 1328 4398 consilia,
1358 4339 1419 4384 non
1443 4321 1499 4383 nisi
1521 4317 1659 4383 secundo
1679 4327 1747 4400 post
1768 4318 1835 4381 illos
1865 4319 1948 4396 loco,
1978 4317 2066 4380 valde

700 4420 876 4502 imperfecte
906 4423 1058 4484 noscimus
1090 4429 1119 4483 et
1141 4418 1335 4483 balbutiendo
1358 4422 1397 4483 de
1419 4423 1565 4484 'trinitate
1587 4420 1752 4501 loquimur,
1776 4417 1905 4481 dicendo
1926 4417 2066 4480 Sanctus.

701 4522 812 4584 Verum
835 4520 945 4601 aliquid
966 4519 1096 4584 fortusse
1119 4518 1199 4582 aliud
1221 4519 1446 4603 intelligendum
1470 4527 1533 4597 est,
1565 4519 1646 4600 quod
1676 4517 1891 4600 qualecumque
1921 4518 1975 4594 sit,
2007 4535 2067 4579 uon

701 4620 792 4684 valde
814 4621 919 4686 relert.

1070 4813 1104 4883 3.
1146 4813 1193 4882 nt
1218 4814 1358 4904 inopini
1384 4813 1615 4904 coofiqurntus
1641 4816 1701 4882 ecl.

792 4969 857 5047 Dnr
878 4979 957 5044 lilius
979 4995 1071 5040 carne
1093 4986 1240 5061 assumta,
1261 4975 1390 5058 homiui,
1414 4980 1464 5060 qni
1486 4983 1552 5040 erat
1573 4977 1672 5058 imago
1691 4973 1758 5053 Dei,
1772 4971 1986 5056 configuratus
2009 4979 2065 5034 est.
