4784 6040
648 539 851 618 PHILOXlllll
874 538 1045 619 uersuum
1071 540 1347 642 tneunuurtsts.
1609 543 1683 618 401

309 730 388 799 vino
416 734 450 796 et
476 748 578 820 aqua,
615 736 649 798 at
675 728 801 818 gradus
834 747 941 818 agens
973 734 995 809 †
1021 727 1193 800 benedixit
1219 736 1240 812 †
1267 729 1491 802 sanctificavit
1516 731 1544 816 †
1571 729 1685 802 dedit-

309 864 373 936 que
399 841 517 914 iisdem
546 841 714 937 discipulis
742 845 811 914 suis
839 851 873 912 et
897 841 1089 937 Apostolis
1109 847 1235 916 sanctis
1267 845 1400 918 diceus:
1435 847 1593 940 accipite,
1626 846 1685 919 bi-

307 956 375 1030 bite
401 980 448 1029 ex
475 979 517 1029 eo
544 979 610 1030 vos
638 979 772 1030 omnes:
799 956 863 1028 Hic
890 968 942 1031 est
969 962 1105 1049 sanguis
1132 980 1227 1030 maus
1254 959 1460 1032 Testamenti
1481 959 1584 1050 Novi,
1610 964 1685 1057 ipse

309 1075 363 1168 qni
389 1094 451 1168 pro
478 1073 596 1162 vobis,
623 1085 657 1145 et
683 1094 746 1168 pro
774 1072 884 1144 multis
912 1073 1086 1146 effunditur
1113 1084 1147 1144 et
1173 1075 1281 1163 datur,
1307 1078 1341 1146 in
1362 1079 1587 1170 expiationem
1617 1077 1684 1149 de-

268 1179 272 1188 ’
308 1188 482 1278 lictorum3
509 1192 741 1261 remissionem
767 1198 998 1285 pcccatorum,
1026 1199 1059 1260 et
1086 1193 1188 1261 vitam
1219 1201 1389 1263 aeternam
1417 1192 1684 1287 suscipientibus.

413 1305 575 1398 Populus.
626 1307 748 1377 Arnen.
1279 1307 1280 1312 ’

412 1421 597 1492 Sacerdos.
638 1419 713 1493 lloc
726 1420 826 1492 facite
843 1422 996 1492 inmeam
1012 1426 1382 1511 commemorationem
1411 1427 1685 1518 quotiescumque

308 1539 395 1609 enim
429 1557 549 1632 panem
583 1535 669 1608 bunc
701 1535 961 1625 manducabitis,
996 1549 1029 1609 et
1063 1537 1200 1609 calicem
1235 1541 1334 1610 istum
1370 1538 1512 1628 bibetis,
1543 1551 1683 1612 mortem

307 1675 416 1726 meam
443 1651 692 1740 annuntiabitis,
721 1651 829 1725 donec
855 1655 1000 1724 veniam.

410 1767 583 1861 Populus„
626 1769 745 1840 Mortis
772 1779 849 1840 tuac
874 1769 1017 1842 Domine
1044 1771 1236 1840 memoriam
1264 1773 1406 1862 agimus.

409 1884 594 1956 Sacerdos.
648 1882 837 1956 Universae
864 1887 964 1976 igitur
990 1883 1120 1979 periodi
1148 1885 1405 1980 dispensationis
1439 1895 1517 1958 tuae
1547 1909 1682 1959 merno-

306 2002 389 2071 riam
416 1999 578 2089 iacimus,
603 2000 762 2071 Domine:
789 2008 974 2094 conceptus
1002 2003 1046 2071 tui
1059 2003 1150 2095 puri:
1177 2003 1446 2074 Annuntiationis
1467 2024 1529 2096 per
1556 2003 1682 2093 Ange-

306 2113 374 2187 lum
400 2116 560 2208 Vigilem:
589 2113 780 2187 Natiuitatis
808 2128 885 2188 tuae
911 2115 1085 2207 gloriosae
1112 2126 1146 2187 et
1171 2116 1348 2188 mirabilis:
1383 2118 1682 2210 evangelisationis

306 2230 525 2303 laetabundae
550 2230 776 2322 Angelorum:
803 2232 964 2328 Baptismi
990 2235 1036 2304 tui
1062 2232 1229 2327 praeclari
1256 2242 1290 2304 et
1310 2233 1482 2306 salutaris:
1510 2232 1682 2305 elevatio-

305 2351 357 2418 nis
389 2351 422 2418 in
458 2369 574 2419 cruce:
610 2346 793 2420 descensus
822 2348 864 2419 ad
891 2346 1033 2421 inleros:
1069 2346 1341 2421 Resurrectionis
1373 2358 1450 2421 tuae
1477 2372 1498 2420 a
1524 2352 1682 2422 mortuis:

305 2466 525 2539 Ascensionis
552 2473 630 2534 tuae
657 2462 830 2554 gloriosae
856 2473 891 2534 et
916 2463 1131 2536 admirandae
1158 2486 1179 2534 o
1205 2467 1344 2536 terrain
1361 2464 1512 2536 coelum:
1545 2469 1682 2538 sessio-

306 2584 357 2652 nis
384 2590 460 2651 tuae
487 2579 528 2650 ad
555 2578 727 2651 dexteram
754 2580 820 2651 Dei
846 2581 970 2652 Patris:
998 2589 1031 2652 et
1058 2603 1132 2652 cunr
1159 2579 1210 2651 his
1239 2579 1410 2671 omnibus,
1444 2580 1608 2654 adventus
1636 2585 1683 2653 tui

307 2694 468 2767 tremendi
496 2705 530 2766 et
555 2693 733 2784 terribilis,
760 2697 794 2765 in
821 2718 887 2790 quo
921 2720 996 2768 cum
1029 2696 1226 2790 splendore,
1259 2705 1293 2767 et
1324 2703 1469 2768 tremore
1502 2699 1682 2787 exoriens,

308 2825 342 2885 et
368 2835 470 2908 super
497 2812 616 2886 solium
643 2815 826 2904 majestatis
854 2824 932 2885 tuae
959 2812 1103 2901 sedens,
1129 2811 1212 2886 ines
1239 2820 1274 2883 et
1299 2815 1459 2904 regiones
1485 2821 1597 2884 terrae
1620 2815 1682 2904 ju-

307 2928 451 3016 dicebis:
478 2951 553 3000 cunr
579 2931 802 3020 congregatio
828 2927 884 2998 illa
911 2950 1033 3020 magna
1061 2939 1095 3000 et
1120 2927 1292 3001 tremenda
1322 2928 1394 3000 fiet:
1429 2929 1561 3022 quando
1595 2950 1681 3022 per-

307 3045 385 3117 ditio
414 3054 448 3116 et
474 3047 640 3116 cruciatus
668 3044 831 3116 adversus
857 3045 977 3137 impios
1010 3044 1244 3116 decernentur:
1279 3043 1411 3139 quando
1444 3047 1533 3134 ignis
1566 3047 1681 3116 mina-

305 3162 389 3230 citer
414 3158 617 3255 splendebit:
646 3158 778 3254 quando
807 3158 962 3249 gehenna
989 3157 1207 3230 vehementer
1225 3157 1370 3230 ardebit:
1399 3158 1530 3253 quaudo
1549 3161 1681 3231 occulta
1817 3219 1821 3228 ,

304 3279 338 3345 in
365 3285 515 3371 apertum
542 3275 727 3371 producas,
754 3295 964 3369 examenque
992 3295 1129 3370 operum
1157 3276 1326 3345 institues:
1354 3274 1487 3370 quando
1499 3277 1609 3366 justos
1637 3276 1680 3347 ad

305 3392 459 3484 gaudium
488 3394 616 3479 mittes,
645 3401 679 3462 et
704 3393 824 3485 impios
851 3399 1097 3485 operantesque
1124 3390 1232 3477 mala,
1260 3389 1355 3462 dabis
1382 3393 1416 3460 in
1436 3387 1545 3462 cibum
1571 3394 1679 3482 ignis:

304 3508 437 3601 quando
464 3507 510 3578 illi
538 3511 592 3602 qui
618 3509 715 3599 regni
741 3508 922 3601 participes
949 3517 1062 3594 emnt,
1088 3491 1291 3591 clamabunt,
1319 3504 1444 3577 Fidelis
1477 3514 1530 3578 est
1554 3505 1679 3578 Domi-

304 3644 366 3695 nus
393 3627 425 3693 in
453 3621 663 3695 sermonibus
690 3625 778 3710 suis,
805 3632 839 3694 et
864 3642 971 3694 verae
1001 3632 1078 3694 sunt
1110 3623 1351 3716 promissiones
1387 3623 1480 3711 ejus:
1513 3619 1559 3693 illi
1593 3645 1679 3694 vero

304 3743 359 3833 qui
386 3742 456 3832 igni
482 3737 658 3830 gehennae
684 3738 837 3810 destinati
864 3745 972 3826 amnt,
997 3737 1111 3810 Justns
1131 3760 1186 3824 es,
1212 3736 1376 3828 Domine,
1403 3745 1437 3808 et
1462 3735 1564 3810 valde
1587 3749 1679 3810 recta

305 3866 380 3928 sunt
402 3854 526 3948 judicia
549 3858 698 3948 justitiae
733 3865 821 3926 tuae.
883 3853 937 3926 Eo
971 3863 1123 3948 tempore
1164 3856 1328 3949 propitius
1354 3863 1429 3926 esto
1456 3851 1581 3948 populo
1601 3864 1679 3942 tuo,

303 3971 464 4056 Domine,
492 3980 527 4041 et
557 3973 718 4043 miserere
745 3973 859 4044 ovium
885 3974 1002 4062 gregis
1028 3972 1093 4042 tui:
1119 3991 1163 4040 ne
1189 3971 1370 4042 incidamus
1403 3972 1437 4040 in
1472 3967 1575 4041 cbaos
1601 3965 1705 4038 illud

302 4085 452 4158 terribile
480 4085 568 4180 quod
595 4087 628 4156 in
655 4087 765 4159 madio
792 4095 861 4158 est:
888 4108 933 4158 ne
959 4107 1132 4178 gemamus
1166 4089 1200 4156 in
1233 4083 1380 4157 tenebris
1416 4084 1491 4156 luce
1525 4085 1678 4155 carenti-

303 4200 383 4274 bus:
409 4223 454 4272 ne
479 4198 575 4288 lletu,
602 4199 776 4296 lacrymis,
813 4210 847 4273 et
872 4200 961 4273 luctu
993 4201 1175 4295 affligamur
1206 4205 1292 4274 inter
1326 4201 1509 4297 supplicia,
1542 4199 1678 4272 dolores

304 4326 339 4390 et
363 4317 534 4413 planctus:
562 4339 605 4387 ne
631 4321 849 4413 suspiriomm
877 4317 1093 4390 amaritudine
1120 4321 1322 4390 cmciemur:
1348 4339 1415 4388 non
1441 4317 1585 4409 ligentur
1609 4316 1680 4387 lin-

304 4454 394 4524 guae
420 4442 558 4505 nostrae
584 4434 726 4505 viriculis
752 4431 916 4522 flammae,
943 4456 1053 4529 neque
1077 4433 1168 4507 labia
1183 4443 1299 4508 nostra
1317 4431 1436 4504 baono
1452 4435 1550 4524 ignis.
1602 4430 1680 4503 Non

304 4548 512 4640 obtegantur-
534 4547 624 4620 oculi
649 4553 756 4622 nostri
783 4548 932 4622 tenebris
959 4559 994 4620 et
1019 4552 1156 4622 tristitia.
1210 4549 1263 4620 Ne
1288 4551 1404 4645 privas
1420 4569 1483 4620 nos
1497 4556 1681 4642 conspectu

302 4663 403 4737 laciei
431 4674 526 4752 tuae,
553 4665 712 4738 Domine:
739 4687 848 4760 neque
875 4665 1026 4758 abneges
1057 4687 1120 4740 uos
1153 4675 1187 4738 at
1219 4665 1313 4738 dicas
1348 4664 1467 4753 nobis,
1504 4667 1579 4759 quia
1611 4683 1680 4734 uon

303 4784 385 4853 novi
411 4801 494 4870 nos,
521 4779 582 4853 sed
608 4783 770 4877 propitius
798 4791 872 4854 esto
899 4781 1013 4856 nobis:
1041 4785 1176 4878 suscipe
1201 4802 1323 4878 preces
1350 4790 1384 4852 et
1413 4777 1582 4876 lacrymas
1607 4801 1678 4852 no·
1720 4805 1726 4814 ·

303 4903 401 4969 snas.
452 4895 583 4968 ldcirco
609 4895 764 4968 Ecclesia
792 4907 847 4968 tua
874 4907 989 4972 sancta
1017 4897 1215 4994 deprecatur
1241 4906 1293 4986 te,
1327 4905 1362 4967 et
1396 4917 1459 4992 per
1491 4904 1544 4986 te,
1579 4903 1680 4990 atque

300 5019 412 5082 tecum
438 5011 573 5084 Patrem
598 5021 689 5084 mum
714 5011 840 5085 diceus.
