4782 6068
613 625 1576 714 rnnoooarranaaranrrs„
1690 626 1765 700 ors

390 817 499 910 ipsum
527 812 644 887 obtulit
669 814 914 886 immaculatum
939 813 1028 901 Deo,
1056 823 1090 884 et
1121 812 1341 885 sanctificavit
1372 834 1435 885 nos
1470 835 1533 908 per
1564 811 1767 885 oblationem

392 932 545 1024 corporis
573 933 622 1002 sui
649 931 754 1002 semel
780 930 915 1021 laeam,
941 938 978 1026 ,et
1002 928 1193 1025 pacificavit
1217 951 1280 1025 per
1307 931 1503 1020 sanguinem
1536 931 1644 1001 crucis
1672 949 1768 1016 suae,

392 1068 478 1142 quae
513 1047 545 1116 in
578 1045 698 1135 coelis,
733 1055 767 1118 et
801 1068 886 1140 quae
921 1047 955 1117 in
994 1049 1092 1118 terris
1125 1054 1208 1117 sunt.
1263 1043 1328 1132 Qui
1361 1044 1498 1117 traditus
1538 1043 1597 1118 ‘est
1629 1053 1767 1140 propter

389 1170 529 1256 peccata
556 1169 669 1233 nostra
696 1173 730 1234 et
755 1163 941 1234 resurrexit
966 1172 1001 1232 ut
1022 1161 1221 1255 justificaret
1245 1183 1318 1233 nos.
1351 1157 1365 1196 ⁵
1393 1163 1458 1248 Qui
1490 1185 1564 1235 cum
1590 1159 1765 1257 Apostolis

390 1279 459 1347 suis
486 1299 528 1348 ea
553 1287 653 1349 noete
681 1301 745 1371 qua
781 1277 919 1349 traditus
947 1287 1015 1366 est,
1049 1277 1234 1350 celebravit
1268 1280 1462 1373 mysterium
1498 1277 1561 1349 hoc
1596 1297 1766 1368 magnum,

391 1392 607 1478 tremendum,
635 1403 784 1465 sanctum
812 1403 845 1464 et
871 1391 1034 1466 divinum:
1063 1393 1232 1488 accipiens
1259 1415 1380 1490 panem
1395 1394 1570 1467 benedixit
1595 1401 1629 1464 et
1654 1391 1765 1485 lregit,

391 1506 546 1602 deditque
574 1507 742 1603 discipulis
771 1512 846 1596 suis
876 1519 909 1579 et
942 1508 1035 1580 dixit.
1088 1509 1162 1581 Hoc
1190 1517 1242 1582 est
1276 1530 1400 1605 corpus
1434 1531 1542 1582 meum
1579 1507 1669 1602 quod
1700 1530 1764 1603 pro

390 1623 490 1696 vohis
522 1622 706 1715 frangitur,
741 1629 775 1695 in
808 1627 1041 1697 remissionem
1077 1634 1302 1719 peccatorum.
1356 1624 1515 1698 Similiter
1542 1635 1576 1696 et
1609 1623 1765 1695 calicem:

392 1737 526 1810 Gratias
563 1742 648 1830 egit,
684 1751 719 1812 et
754 1739 842 1812 dedit
874 1738 938 1810 illis
979 1739 1137 1834 dixitque.
1190 1740 1254 1812 llic
1287 1750 1340 1812 est
1373 1744 1510 1832 sanguis
1544 1763 1638 1814 meus
1674 1737 1766 1810 Novi

390 1845 620 1942 Testamenti,x
657 1859 711 1948 qui
748 1878 811 1950 pro
852 1853 961 1928 multis
998 1854 1171 1926 ellunditur
1204 1858 1237 1926 in
1276 1858 1508 1929 remissionem
1540 1864 1765 1951 peccatorum.

389 1969 544 2066 Accipite
577 1973 677 2062 igitur
717 1994 783 2044 vos
814 1993 950 2058 omnes,
985 1970 1073 2042 edite
1106 1994 1151 2042 ex
1191 1970 1256 2042 hoc
1282 1994 1388 2067 panc,
1422 1982 1457 2042 et
1482 1971 1586 2044 bibite
1622 1993 1667 2041 ex
1701 1968 1766 2040 hoo

391 2086 507 2175 calice,
538 2096 572 2156 et
598 2089 642 2158 ita
670 2087 771 2160 facite
798 2090 1068 2182 quotiescumque
1096 2084 1383 2180 congregabimini
1409 2089 1442 2158 in
1468 2090 1534 2158 mei
1560 2091 1764 2162 memoriam.

494 2200 589 2273 Sicut
614 2213 830 2298 praeceptum
858 2202 955 2292 pobis
982 2211 1035 2274 est
1061 2205 1106 2273 ita
1134 2205 1334 2294 congregati
1360 2223 1485 2293 sumus,
1512 2226 1574 2276 nos
1603 2207 1766 2278 servitui

389 2314 546 2407 humiles,
573 2317 727 2391 imbecilli
756 2329 790 2390 et
815 2318 950 2406 infirmi,
978 2328 1014 2388 ut
1040 2341 1115 2388 cum
1141 2318 1232 2391 bona
1258 2321 1359 2390 venia
1387 2323 1517 2410 gratim
1545 2330 1638 2409 tuae,
1666 2321 1765 2393 cele-

390 2429 524 2505 bremus
558 2438 752 2530 mysterium
780 2456 957 2526 magnum,
992 2433 1215 2524 tremendum,
1252 2443 1402 2506 sanctum
1438 2443 1473 2506 et
1507 2434 1670 2525 divinum,
1705 2457 1766 2531 per

390 2545 479 2642 quod
505 2547 594 2622 laeta
622 2549 712 2623 salus
741 2558 794 2622 est
818 2571 941 2641 magna
967 2551 1127 2620 universo
1154 2547 1298 2642 humano
1327 2552 1444 2641 generi
1470 2559 1598 2622 nostro.
1636 2551 1765 2622 Canon.

390 2662 648 2760 Referimusque
675 2666 771 2740 simul
797 2664 941 2752 laudem,
968 2663 1141 2752 honorem,
1169 2663 1434 2753 confessionem,
1464 2676 1498 2737 et
1525 2666 1766 2756 adorationem,

391 2779 482 2850 Patri
509 2791 543 2850 et
568 2781 672 2868 Filio,
699 2791 734 2852 et
759 2781 896 2876 Spiritui
924 2791 1041 2854 saneto
1067 2803 1155 2852 nunc
1182 2791 1215 2852 et
1241 2803 1384 2875 semper.

495 2893 672 2968 Sacerdos
702 2899 816 2989 agnat
847 2901 1019 2989 atpateria.
1082 2897 1262 2968 Diaconos
1294 2898 1388 2968 dicit.
1441 2897 1608 2972 Mentibus
1642 2902 1766 2972 vestris

391 3021 502 3099 orate,
530 3021 593 3082 etc.

496 3127 674 3199 Sacerdos
700 3129 786 3197 dicit
811 3127 900 3198 lane
928 3126 1134 3199 Orationem.
1187 3129 1331 3200 Domine
1358 3129 1451 3201 Deus
1478 3137 1608 3224 potens.

548 3401 724 3475 Sacerdos
750 3403 835 3472 dicit
860 3401 950 3472 lane
978 3401 1177 3473 Orationem
1203 3403 1438 3474 inclinationis
1462 3410 1608 3476 secreto.

496 3592 687 3666 Adoramus
714 3601 747 3663 tc
774 3592 933 3678 Domine,
966 3599 1000 3662 et
1030 3594 1158 3682 gratias
1192 3595 1322 3684 agimus
1356 3592 1434 3682 tihi,
1474 3605 1509 3666 et
1540 3591 1765 3686 glorificamus

390 3716 444 3796 te,
472 3707 561 3803 quod
588 3729 651 3779 nos
677 3708 756 3779 lieet
780 3708 938 3798 indignos
964 3717 1102 3802 propter
1128 3717 1268 3802 peccata
1295 3719 1426 3799 nostra,
1462 3709 1504 3780 ad
1536 3719 1570 3780 te
1602 3708 1766 3780 accedere

390 3820 512 3909 iecisti,
539 3845 601 3918 per
626 3826 860 3896 miserationes
888 3833 961 3892 tuas
989 3822 1129 3911 multas3
1157 3830 1190 3894 et
1207 3825 1379 3896 renovasti
1399 3845 1474 3914 nos,
1502 3834 1536 3896 et
1553 3824 1767 3897 sanctificasti

391 3943 621 4033 pergratiam
648 3939 791 4034 Spiritus
818 3941 939 4025 sancti,
974 3936 1161 4032 dignosque
1194 3940 1388 4034 praestitisti
1419 3961 1483 4012 nos
1518 3938 1765 4012 administrandi

391 4075 505 4135 coram
534 4064 568 4126 te
594 4057 808 4126 ministerium
836 4052 900 4124 hoc
927 4053 1148 4141 tremendum,
1182 4066 1215 4126 et
1243 4055 1408 4145 divinum,
1442 4054 1483 4126 ad
1511 4053 1649 4127 salutem
1675 4058 1767 4128 vitae

390 4179 544 4242 nostrae:
573 4168 735 4265 simulque
762 4169 957 4243 confitemur
983 4191 1097 4241 coram
1124 4179 1175 4259 te,
1210 4193 1284 4242 cum
1315 4174 1496 4262 gratiarum
1529 4173 1660 4243 actione
1686 4193 1765 4241 ma-

390 4290 501 4377 xima,
528 4288 572 4360 ob
601 4286 739 4358 salutem
766 4308 939 4378 magnam,
976 4307 1062 4380 quae
1095 4286 1192 4358 nobis
1226 4285 1377 4358 omnibus
1408 4289 1567 4381 praestita
1602 4295 1671 4373 est,
1704 4307 1766 4381 per

391 4401 508 4474 Filium
536 4414 624 4474 tuum
653 4401 806 4475 dilectum
833 4402 948 4472 lesum
976 4399 1143 4474 Christum
1169 4401 1345 4474 Dominum
1372 4412 1532 4480 nostrum.
1564 4401 1766 4475 Ollerimus-

392 4539 457 4612 que
484 4540 598 4590 coram
626 4518 787 4591 Trinitatc
814 4529 869 4590 tua
896 4514 1058 4608 gloriosa,
1086 4517 1189 4589 corde
1215 4521 1372 4607 contrito,
1399 4529 1433 4589 et
1460 4520 1576 4615 spiritu
1589 4517 1766 4614 ,humilita-

392 4637 446 4722 tis,
473 4635 669 4707 sacrificium
696 4634 761 4706 hoc
787 4635 903 4707 vivum
930 4639 965 4704 et
990 4642 1153 4723 sanctum,
1181 4633 1268 4728 quod
1295 4637 1489 4729 mysterium
1518 4641 1569 4706 est
1593 4633 1684 4726 Agni
1700 4632 1766 4703 Dei

392 4753 447 4844 qui
473 4747 558 4822 tollit
582 4760 724 4844 peccata
751 4749 880 4838 mundi,
914 4757 1075 4841 rogantes
1111 4757 1146 4819 te
1179 4758 1213 4820 et
1245 4749 1466 4846 deprecantes
1499 4771 1614 4822 coram
1641 4756 1695 4836 te,
1731 4756 1767 4818 ut

391 4865 600 4962 complaceat
625 4866 769 4937 Domine
796 4865 950 4938 diviuitas
977 4873 1032 4936 tua
1061 4863 1244 4956 adoranda,
1271 4875 1305 4937 et
1320 4889 1381 4962 per
1395 4865 1659 4938 misericordiam
1675 4873 1765 4934 tuam

391 4984 591 5076 suscipiatur
618 4981 741 5054 oblatio
768 4979 852 5054 haec
878 5003 960 5076 pura
988 4990 1022 5052 et
1048 4989 1164 5054 sancta
1190 5004 1252 5077 per
1279 5003 1377 5077 qnam
1403 4981 1554 5078 placatus
1582 4991 1615 5053 ct
1635 4999 1765 5050 recon-

392 5098 521 5170 ciliatus
549 5119 605 5189 es,
632 5119 695 5193 pro
721 5100 870 5193 peccatis
896 5095 1016 5167 mundi.
1070 5094 1167 5169 Nunc
1195 5101 1294 5171 etiam
1321 5100 1485 5186 Domine,
1519 5119 1602 5169 ecce
1629 5093 1765 5168 offertur

1470 5213 1560 5288 80*
