4804 6026
597 1034 1480 1282 DlSSllllllllll

865 1643 1253 1828 sindolt·

360 1971 946 2053 lldlCHleRllll
1002 1977 1082 2054 ul
1143 1974 1728 2054 JACOBll'llllllll

759 2183 1339 2306 uuruaarrs.

902 2497 1187 2536 ’ἥδ-

462 2903 487 2976 l.
523 2875 599 2979 Da
627 2899 777 2998 Syriacis
804 2901 1035 2975 Melchitarum
1061 2906 1135 2978 sive
1163 2902 1445 2996 Orthodoxomm,
1471 2915 1508 2981 ut
1533 2909 1633 2981 etiam
1658 2908 1724 2982 Ja-
1772 2923 1906 2982 natoliae
1924 2937 1949 2980 er
1968 2929 2045 2984 tneo-

362 3020 545 3093 cohitarum
570 3019 728 3110 Liturgiis
756 3022 954 3111 conjunctim
982 3021 1140 3112 dicemus,
1167 3021 1256 3118 quod
1288 3043 1357 3095 non
1383 3022 1483 3095 modo
1511 3023 1629 3096 eadem
1654 3024 1724 3098 lin-
1738 3009 1976 3067 b¹2¹⁰⁰⁰¹¹¹¹¹¹¹¹¹¹⁰¹⁰
1990 3015 2046 3069 s0‘·

359 3159 427 3229 gua
454 3140 597 3234 scriptae
624 3145 709 3223 sunt,
737 3158 823 3230 quae
849 3145 900 3206 est
915 3135 1056 3232 Syriaca
1077 3149 1185 3228 vetus,
1213 3136 1273 3211 sed
1299 3143 1397 3212 etiam
1414 3139 1503 3236 quod
1529 3151 1604 3214 sunt
1628 3099 1980 3240 planeffptiurgmm
1993 3102 2042 3154 m.

360 3252 493 3326 simios,
535 3251 587 3324 Ea
613 3273 698 3324 vero
725 3251 900 3323 similitudo
925 3273 993 3324 non
1019 3255 1051 3325 in
1077 3254 1150 3327 sola
1175 3253 1232 3327 illa
1257 3255 1408 3347 generali
1433 3277 1604 3329 sacrorum
1630 3257 1727 3332 cele-

359 3368 561 3440 hrandorum
595 3365 721 3453 forma,
758 3390 844 3462 quae
878 3367 1029 3440 omnihus
1063 3367 1225 3442 Ecclesiis
1252 3373 1432 3442 communis
1459 3381 1527 3462 est,
1564 3377 1726 3464 consistit,

300 3473 309 3481 ’
358 3505 476 3556 vemm
501 3488 535 3556 in
561 3505 603 3555 eo
631 3481 719 3577 quod
744 3486 849 3579 prima
877 3493 911 3555 et
936 3487 1127 3580 praecipua,
1155 3484 1198 3557 ad
1224 3507 1320 3580 qurum
1345 3485 1494 3581 reliquae
1529 3510 1724 3562 accommo-

361 3597 458 3671 datae
484 3609 569 3688 sunt,
597 3608 631 3671 et
646 3596 873 3695 quaeJacoho
892 3596 1052 3688 tribuitur,
1080 3597 1121 3671 ab
1135 3603 1282 3696 utrisque
1298 3605 1450 3696 usurpari
1466 3599 1562 3680 solet.
1596 3601 1726 3700 Nempe

361 3717 437 3809 quia
462 3713 638 3788 Jacobitae
664 3737 739 3786 oum
766 3714 807 3787 ab
834 3712 989 3787 Ecclesia
1017 3726 1239 3806 secesserunt,
1267 3727 1475 3790 sacramenta
1502 3721 1648 3814 ritusque
1663 3741 1725 3791 sa-

360 3850 455 3918 cros,
490 3829 665 3904 Ecclesiae
699 3827 892 3903 Catholicae
926 3834 1082 3928 proprios
1123 3843 1364 3921 servaverunt,
1403 3836 1500 3926 gnari
1540 3833 1723 3908 traditionis

360 3945 580 4041 Apostolicae
607 3969 627 4018 a
654 3968 719 4042 qua
745 3950 825 4020 satis
852 3946 1183 4021 commendabantur:
1218 3947 1348 4021 illomm
1379 3970 1464 4021 vero
1489 3947 1631 4022 tomam
1657 3973 1724 4022 an-

360 4063 492 4155 tiquitus
518 4063 681 4150 traditam,
707 4073 905 4159 pervertere
932 4074 966 4135 et
992 4062 1148 4154 abolere,
1183 4064 1362 4158 sacrilcho
1396 4067 1585 4161 proximum
1614 4070 1724 4141 visum

361 4176 424 4252 illis
450 4177 576 4251 fidsset.
610 4177 696 4251 Nam
722 4187 846 4251 tantum
872 4179 976 4252 obliuit
1000 4189 1036 4250 ut
1062 4181 1103 4252 de
1128 4181 1325 4278 Apostolica
1350 4179 1476 4253 illarum
1502 4181 1724 4276 Liturgiarum

320 4285 342 4318 '
363 4295 490 4385 origine
517 4293 703 4366 dubitarent
728 4294 836 4390 (quod
863 4305 930 4368 tarn
956 4319 1076 4369 secure
1108 4295 1257 4370 lecerunt
1289 4293 1560 4390 Reformatores)
1595 4310 1724 4372 utnon

360 4409 460 4481 modo
488 4431 547 4484 eas
575 4433 621 4482 ox
645 4411 884 4505 Apostolomm
910 4414 1112 4486 institutione
1138 4435 1303 4502 manasse,
1329 4433 1448 4487 verum
1474 4414 1516 4488 ab
1542 4414 1606 4488 illis
1633 4419 1724 4490 scri-

360 4533 434 4620 ptas
460 4525 566 4598 luisse
593 4530 756 4598 communi
784 4531 938 4624 opinione
957 4539 1101 4618 teneant,
1128 4528 1216 4625 quod
1232 4539 1366 4626 praeter
1390 4529 1510 4602 multos
1537 4529 1631 4621 alios,
1654 4530 1723 4604 do-

361 4645 427 4713 cuit
452 4644 590 4734 insignis
619 4640 705 4739 apud
731 4641 903 4717 Jacohitas
929 4645 1133 4738 Theologus,
1159 4646 1341 4742 Dionysius
1366 4645 1539 4720 Barsalibi.

462 4757 502 4829 ll.
529 4757 620 4830 Sane
646 4762 810 4831 maximus
838 4763 982 4832 omnium
1007 4760 1171 4858 Syrorum
1204 4761 1245 4832 de
1270 4758 1389 4833 Jacobi
1423 4761 1593 4854 Liturgiae
1628 4766 1719 4834 anti-
1769 4771 1832 4825 cum
1851 4771 1953 4828 onam
1975 4792 2041 4828 con-

361 4875 484 4968 quitale
510 4884 544 4946 et
570 4877 745 4947 autoritate
772 4898 955 4948 consensus
977 4885 1038 4964 est,
1065 4880 1098 4948 in
1125 4898 1189 4973 quo
1212 4876 1342 4950 illorum
1358 4877 1488 4950 traditio
1516 4874 1720 4951 Graecamm
1733 4861 2039 4960 ³⁰³⁶¹¹¹²⁸f¹⁰¹¹¹fiq¹¹st⁰⁸⁰

358 4985 586 5063 Ecclesiarum
611 4991 775 5063 traditioni
802 5000 854 5064 est
877 4992 975 5088 plane
1003 4992 1130 5065 similla:
1156 5015 1231 5064 nam
1263 4993 1342 5066 licet
1366 4993 1420 5066 illa
1452 4996 1559 5066 rarius
1590 5003 1720 5067 utantur
1733 4947 2037 5085 &⁸1:⁸33er

360 5127 380 5176 a
412 5103 522 5178 multis
554 5107 715 5197 socordia,
754 5111 893 5204 primam
925 5119 1035 5182 tamen
1069 5120 1103 5182 et
1137 5112 1394 5205 antiquissimam
1428 5112 1572 5183 omnium
1601 5109 1719 5203 misse,

384 5245 470 5289 lomus
482 5245 507 5290 u.
1493 5227 1511 5302 1
