4804 6026
678 586 788 687 sa¹
1180 588 1541 666 urrunnun
1615 695 1617 698 Ι

779 773 940 867 Populus.
996 774 1090 849 Sicut
1116 786 1184 865 εει,
1211 784 1245 846 ει
1270 773 1347 866 brit,
1379 778 1413 845 in
1445 776 1682 868 generationes
1714 776 1987 868 generationum,
2018 783 2052 847 ει

673 887 857 963 futurorum
884 891 1092 964 saeculorum
1117 895 1152 962 in
1178 889 1323 963 saecula.
1375 891 1497 962 Amen.

778 1004 961 1078 Sacerdos.
988 1007 1073 1079 Pax.
1178 1006 1339 1098 Populus.
1366 1005 1410 1079 Et
1436 1028 1520 1076 cum.

777 1120 962 1193 Sacerdos.
990 1122 1243 1196 Misericordiae
1268 1120 1332 1192 Dei
1359 1123 1424 1194 sint
1450 1107 1551 1214 super
1578 1142 1640 1192 nos
1668 1141 1795 1193 omnes.
1834 1121 1915 1190 Tam
1941 1121 2053 1216 dicet.-

676 1232 867 1324 Credimus,
897 1237 1103 1326 accedimus,
1128 1236 1368 1328 obsignamuS,
1395 1244 1429 1307 et
1454 1235 1637 1329 frangimus
1670 1233 1913 1307 Eucharistiam
1945 1235 2049 1307 banc:

673 1372 793 1445 panem
821 1351 1023 1442 coelestem,
1050 1375 1172 1448 corpus
1198 1349 1303 1423 Verbi
1328 1352 1394 1423 Dei
1419 1353 1509 1441 vivi,
1535 1355 1568 1422 in
1597 1350 1701 1422 calice
1719 1349 1832 1422 salutis
1847 1362 1889 1433 ¹et
1915 1354 2048 1442 gratia-

673 1487 746 1536 rum
774 1470 929 1555 actionis,
957 1471 990 1538 in
1018 1471 1126 1540 crucis
1154 1467 1287 1540 modum
1314 1470 1503 1557 signamus,
1531 1488 1605 1537 cum
1631 1464 1791 1559 particula
1806 1469 2048 1560 propitiatoria,

674 1585 911 1676 mysteriisque
945 1586 1097 1679 supernis
1130 1577 1266 1679 plena,
1284 1585 1318 1653 in
1348 1582 1482 1654 nomine
1513 1579 1622 1652 Patris
1653 1581 1746 1667 vivi,
1783 1579 1827 1651 ad
1859 1583 1979 1652 vitam:
2016 1589 2049 1652 et

673 1699 833 1788 unigeniti
863 1697 957 1786 Filii,
994 1709 1027 1770 ει
1062 1696 1204 1792 Spiritus
1244 1699 1368 1786 sancti,
1405 1699 1577 1791 principii,
1612 1694 1847 1791 perfectiouis,
1881 1707 1915 1768 ει
1948 1693 2048 1787 sigilli

674 1814 819 1884 omnium
846 1835 932 1907 quae
960 1821 1035 1886 sunt
1070 1825 1104 1886 et
1134 1811 1267 1884 luerunt
1297 1815 1332 1883 iu
1366 1810 1464 1884 coelo
1498 1820 1532 1883 et
1564 1814 1597 1882 in
1630 1819 1737 1884 terra:
1772 1814 1868 1885 urrius
1901 1815 2047 1900 virtutis,

676 1930 772 1999 unius
799 1931 990 2022 potestatis,
1017 1932 1113 2000 unius
1139 1928 1340 2018 voluntatis,
1367 1929 1463 1999 unius
1490 1927 1555 1998 Dei
1582 1931 1675 2016 veri,
1699 1925 1884 2014 benedicti,
1920 1926 2049 1998 excelsi

674 2051 708 2112 et
734 2041 884 2134 indivisi,
912 2068 932 2116 a
960 2067 1026 2138 quo
1053 2054 1115 2134 εει,
1130 2045 1200 2114 vita
1227 2045 1261 2114 in
1288 2041 1423 2116 saecula
1451 2043 1673 2116 saeculorum.
1739 2042 1901 2136 Populus.
1926 2042 2047 2114 Amen.

634 2229 635 2234 ,
777 2157 958 2230 moeonas
998 2180 1084 2230 ooce
1123 2181 1248 2252 mopno
1287 2159 1380 2229 dicet
1420 2157 1640 2228 Cotbolicmn.
1693 2157 1854 2247 Benedic,
1894 2158 2047 2230 Domine.

540 2279 545 2284 '
673 2274 797 2345 lterum
823 2283 923 2368 atque
948 2278 1067 2347 iterum
1092 2296 1153 2369 per
1180 2271 1382 2346 oblationem
1408 2272 1494 2344 banc
1522 2283 1671 2346 sanctam
1698 2284 1731 2344 et
1748 2273 1946 2346 sacrificium
1961 2293 2048 2366 pro-

673 2391 895 2484 pitiatorium,
936 2388 1025 2485 quod
1059 2390 1134 2462 Deo
1168 2387 1258 2462 Patri
1292 2386 1456 2477 oblatum,
1489 2387 1747 2478 sanctificatum,
1780 2386 1981 2483 completum
2015 2396 2050 2457 ει

673 2503 858 2599 perlectum
892 2515 944 2577 est
982 2526 1043 2601 per
1078 2504 1228 2600 illapsum
1264 2504 1405 2598 Spiritus
1440 2507 1546 2576 sancti
1580 2506 1667 2594 vivi,
1700 2526 1761 2598 pro
1795 2503 1896 2575 Patre
1932 2510 2048 2574 nostro

680 2617 867 2691 Sacerdote
893 2619 1087 2713 praeclaro,
1116 2622 1170 2714 qui
1196 2619 1274 2690 illud
1301 2618 1418 2693 obtulit
1454 2629 1487 2691 ει
1522 2623 1750 2706 consecravit,
1792 2629 1825 2689 et
1858 2642 1921 2713 pro
1955 2617 2050 2688 altari

674 2734 759 2822 Dei,
789 2754 890 2827 super
917 2733 1006 2828 quod
1031 2734 1154 2805 illatum
1182 2745 1255 2818 εει,
1282 2745 1316 2808 ει
1340 2715 1403 2829 pro
1429 2734 1561 2829 populis
1587 2733 1770 2806 benedictis
1799 2737 1853 2828 qui
1877 2733 2050 2820 accedunt,

674 2859 709 2921 ει
736 2851 901 2942 accipiunt
926 2848 1006 2919 illud
1031 2851 1063 2919 in
1091 2848 1156 2920 fide
1190 2871 1292 2936 vera,
1329 2860 1363 2921 et
1388 2847 1438 2920 bis
1465 2870 1527 2943 pro
1555 2847 1673 2944 quibus
1700 2846 1846 2920 oblatum
1874 2857 2048 2920 etconse-

676 2973 806 3034 oratum
832 2974 899 3052 est,
927 2966 1045 3036 iterum
1078 2967 1259 3059 impensius
1295 2986 1438 3036 oramus.
1490 2964 1583 3036 Ecce
1622 2975 1752 3060 tempus
1786 2967 1931 3051 timoris,
1968 2984 2050 3034 ecce

673 3077 756 3150 horu
790 3089 920 3150 terrore
947 3079 1064 3174 plena:
1102 3083 1215 3175 superi
1241 3084 1274 3151 in
1301 3083 1419 3152 timore
1446 3084 1643 3168 consistunt,
1671 3091 1704 3152 ει
1729 3078 1776 3150 illi
1803 3103 1877 3152 cum
1903 3090 2048 3151 uemore

674 3195 876 3282 ministrant3
904 3204 1014 3268 terror
1041 3195 1116 3266 liliis
1143 3195 1225 3268 lucis
1253 3198 1449 3284 immittitur,
1477 3205 1511 3267 et
1535 3199 1662 3268 terreni
1687 3196 1775 3266 illum
1803 3217 1870 3266 non
1897 3197 2050 3281 sentiunt,

673 3307 759 3380 bora
786 3330 851 3403 qua
877 3313 978 3381 venia
1005 3310 1159 3412 affertur,
1185 3321 1326 3406 peccata
1353 3308 1394 3382 ab
1422 3310 1477 3382 illa
1502 3307 1641 3402 fugiunt.
1700 3309 1841 3382 Ministri
1874 3308 2050 3409 Ecclesiae

674 3427 824 3514 tremite,
853 3429 929 3520 quia
955 3429 1069 3518 ignem
1095 3431 1211 3500 vivuun
1238 3427 1481 3499 administratis.
1534 3427 1690 3498 Potestas
1718 3447 1804 3520 quae
1839 3423 1939 3498 vobis
1974 3424 2050 3497 data

674 3550 728 3612 est
754 3539 974 3614 excellentior
1006 3553 1058 3614 est
1090 3542 1146 3614 illa
1180 3567 1279 3638 quam
1304 3541 1426 3614 babent
1452 3539 1636 3638 Seraphim.
1690 3541 1795 3613 licata
1830 3543 1938 3613 anima
1966 3562 2051 3634 quae

673 3667 761 3727 nunc
780 3659 814 3727 in
827 3655 982 3728 Ecclesia
1010 3656 1105 3730 adest
1130 3680 1205 3729 cum
1225 3661 1377 3751 puritate,
1406 3662 1481 3753 quia
1499 3656 1642 3753 Spiritus
1670 3667 1802 3730 sanctus
1835 3657 1951 3729 scribit
1977 3678 2046 3728 110-

674 3792 756 3842 men
783 3773 876 3863 ejus,
901 3770 1047 3866 illudque
1075 3773 1245 3844 elevatio
1272 3773 1412 3845 coelum.
1470 3773 1614 3847 Diaconi
1644 3783 1753 3845 estote
1784 3793 1858 3844 oum
1894 3767 2049 3859 tremore,
2104 3851 2111 3865 ,

674 3885 740 3957 boc
766 3897 918 3982 tempore
946 3898 1078 3976 sancto,
1106 3911 1172 3983 quo
1199 3887 1372 3960 descendit
1397 3886 1541 3984 Spiritus
1568 3898 1720 3974 sauctus,
1749 3887 1790 3959 ad
1813 3885 2049 3960 sanctificanda

675 4023 820 4097 corpora
847 4023 984 4091 eorum,
1012 4005 1067 4096 qui
1094 4001 1173 4074 illud
1199 4007 1389 4098 suscipirmt.
1441 4004 1588 4099 Aspice,
1614 4002 1768 4091 Domine,
1795 4002 1894 4076 oculo
1910 4005 2055 4086 miseri-‚

674 4117 767 4189 cordi
794 4138 927 4189 servum
955 4129 1061 4206 tuum,
1089 4121 1143 4212 qui
1171 4128 1236 4191 stat
1262 4131 1297 4192 ει
1322 4141 1453 4191 sacrum
1481 4118 1637 4192 celebrat.
1697 4118 1857 4213 Suscipe,
1892 4118 2047 4205 Domine,

676 4229 880 4303 oblationem
907 4235 1020 4318 istam,
1048 4242 1083 4304 ut
1107 4232 1198 4305 illam
1228 4232 1467 4329 Prophetarum
1501 4247 1534 4310 et
1565 4233 1815 4332 Apostolorum.
1867 4234 2050 4325 Memento,

672 4344 835 4433 Domine,
862 4356 991 4440 patrum
1019 4359 1054 4419 ει
1079 4346 1216 4420 iratrum
1241 4361 1449 4441 nostrorum,
1475 4363 1512 4422 ut
1537 4356 1636 4426 etiam
1653 4355 1887 4444 magistromm
1905 4363 2047 4426 nostro-

670 4483 760 4550 rum,
796 4484 927 4557 nosquc
954 4475 988 4536 et
1014 4464 1089 4537 illos
1123 4465 1243 4558 dignos
1270 4477 1407 4563 praesta
1434 4490 1496 4564 per
1522 4468 1783 4542 misericordiam
1819 4479 1907 4539 tuam
1939 4489 2047 4560 regno

670 4575 820 4651 coelesti.
873 4576 1054 4671 Memento,
1081 4581 1237 4670 Domine,
1264 4604 1327 4677 per
1360 4586 1503 4674 gratiam
1527 4583 1563 4656 ἐι
1588 4587 1820 4657 miserationes
1847 4594 1921 4655 tuus
1953 4583 2046 4655 divi-

671 4711 752 4782 nas,
785 4692 921 4766 Domini
952 4693 993 4766 Ν.
1027 4695 1243 4774 Patriarcbae
1278 4701 1384 4770 nostri
1418 4709 1452 4772 et
1477 4698 1519 4770 D.
1546 4697 1587 4770 N.
1616 4722 1756 4794 quorum
1782 4703 1952 4796 orationes
1978 4721 2047 4773 no-

672 4805 725 4878 bis
762 4807 879 4880 adsint.
915 4807 1101 4899 Memento,
1137 4812 1305 4902 Domine,
1325 4811 1525 4902 absentium,
1560 4825 1594 4886 et
1626 4817 1788 4887 miserore
1813 4819 2046 4912 praesentium

674 4919 829 5005 Quietem
856 4947 988 5020 quoque
1019 4937 1154 5022 praesta
1190 4926 1356 5023 spiritibus
1384 4928 1630 5021 deburctorum,
1665 4941 1699 5002 et
1724 4952 1828 5027 parce
1852 4935 2048 5025 peccatori-

671 5032 735 5107 bus
771 5040 806 5108 ιιι
845 5038 899 5111 die
934 5040 1058 5131 judicii.
1116 5038 1372 5134 Defunctomm,
1417 5049 1472 5141 qui
1512 5070 1532 5118 a
1572 5044 1670 5119 nobis
1708 5050 1855 5142 separati
1897 5045 1940 5120 ab
1984 5046 2048 5120 hoc
