4728 6028
638 583 693 662 tlt
722 581 1013 662 tribuatus
1046 579 1316 668 stertens.
1611 581 1660 656 93

287 773 387 835 nicant
416 768 509 852 digne
539 768 590 832 illa
623 769 802 850 percipere,
833 767 990 848 quisquam
1019 785 1149 848 unquam
1180 765 1375 841 existimavit3
1410 782 1478 827 nam
1512 765 1662 828 neminem

283 870 427 952 judicium
450 866 507 931 sibi
530 867 713 930 manducare
736 873 765 929 et
788 865 894 928 bibere
917 865 1172 946 contranpostoti
1195 865 1373 928 sententiam
1386 864 1457 926 inde
1470 873 1660 945 sequeretur.

287 969 380 1032 blulto
411 967 523 1044 minus,
553 965 802 1045 transformatio,
826 965 985 1026 translatio
1011 963 1111 1044 sarpis
1138 966 1171 1026 in
1193 974 1338 1044 corpore,
1361 963 1468 1026 caliois
1489 964 1521 1024 in
1543 981 1662 1038 maore,

287 1064 418 1148 petenda
432 1074 509 1145 erat,
533 1063 570 1128 ad
592 1065 671 1146 piarn
686 1064 867 1126 sacramenti
880 1062 1152 1144 participationem,
1176 1079 1243 1124 curn
1255 1060 1326 1124 inde
1336 1067 1528 1141 sequeretur,
1551 1058 1662 1122 nullam

288 1183 357 1228 esse
380 1165 675 1241 transmutationem,
704 1180 780 1244 erga
809 1161 932 1244 indigne
960 1160 1232 1238 communicantes,
1261 1177 1341 1240 quae
1366 1159 1595 1242 germanissima
1614 1164 1663 1220 est

287 1261 519 1326 Protestantium
546 1260 691 1325 doctrina.
732 1259 933 1341 Distinguitur
964 1277 1084 1341 quoque
1115 1265 1255 1321 accurate
1285 1258 1316 1319 in
1344 1257 1481 1319 omnibus
1512 1261 1662 1336 quotquot

288 1367 391 1422 extant
417 1357 621 1422 invocationis
650 1357 806 1436 formalis,
835 1358 984 1419 moenam
1012 1364 1063 1419 aut
1091 1358 1218 1438 illapsam
1248 1355 1377 1436 Spiritus
1406 1355 1505 1419 sancti
1526 1355 1558 1416 in
1580 1353 1661 1417 dona

287 1458 461 1538 proposita,
491 1465 521 1520 ct
544 1458 574 1518 in
597 1473 652 1519 eos
676 1459 726 1538 qui
750 1455 855 1519 eadem
877 1455 1050 1536 suscepturi
1071 1462 1149 1520 sunt.
1194 1455 1323 1531 Primus,
1347 1462 1380 1516 ut
1400 1454 1483 1516 donc
1501 1454 1663 1532 proposito

284 1560 385 1640 semor
406 1577 518 1638 corpas
539 1558 758 1637 etsoapuinem
771 1553 902 1617 Christi:
924 1555 1011 1633 alter,
1034 1561 1067 1615 ut
1087 1555 1140 1635 qai
1159 1555 1280 1616 aaron
1297 1554 1466 1633 participes
1488 1557 1584 1628 oum,
1607 1570 1662 1612 re-

286 1661 459 1720 missionem
479 1661 675 1735 peccotoram
697 1660 925 1734 consequntur,
949 1661 979 1715 et
998 1653 1093 1715 vitam
1114 1660 1280 1716 ceteamm.
1312 1652 1343 1716 Si
1356 1651 1415 1714 duo
1428 1651 1503 1714 haec
1517 1648 1555 1711 ad
1567 1648 1661 1712 solam

286 1754 472 1818 fructuosam
494 1753 730 1817 communionem
742 1752 923 1831 referantur,
939 1750 1019 1814 nulla
1033 1754 1128 1835 magis
1140 1751 1295 1816 commoda
1307 1751 1540 1822 Protestantium
1552 1767 1662 1812 causae

287 1853 498 1934 interpretatio
522 1851 692 1933 excogitari
714 1857 845 1931 poterat.

374 1951 442 2032 lpsa
464 1949 618 2012 lnvocatio
641 1966 719 2030 quae
741 1949 937 2011 firmissimam
959 1948 1094 2010 continet
1115 1966 1209 2011 verae
1227 1948 1491 2029 substantialisque
1506 1955 1661 2010 transmu·
1708 1944 1759 1998 Par
1781 1945 1897 1998 ditem·
1917 1964 1985 2016 ‘1¹¹⁰-

288 2050 407 2113 tationis
429 2048 657 2128 probationem,
680 2046 856 2128 simpliciter
878 2043 1045 2124 intellecta,
1068 2053 1100 2108 ut
1123 2065 1189 2110 earn
1212 2047 1282 2128 Syri
1305 2047 1455 2130 Theologi
1477 2045 1659 2127 intelligunt,
1674 2033 1988 2132 randamtnrerpratattp-

288 2165 344 2228 per
366 2147 514 2227 ejusmodi
536 2145 778 2208 commentarium
801 2163 861 2207 non
884 2163 961 2208 vana
984 2145 1073 2209 modo
1097 2153 1127 2207 et
1149 2145 1261 2208 inutilis
1285 2146 1420 2224 allicitur,
1443 2145 1497 2208 sed
1523 2134 1719 2208 difficili-¹¹⁸⁸
1745 2135 1786 2169 ω
1811 2118 1984 2172 ¹”'⁰“²¹⁰¹¹¹³

288 2262 351 2306 mas
374 2244 561 2326 objectiones
583 2243 680 2324 parit,
712 2260 786 2326 quas
810 2243 981 2306 acutissima
1003 2242 1169 2308 Dialectioa
1190 2244 1332 2308 refellere
1355 2261 1415 2308 non
1437 2251 1550 2324 potest.
1595 2203 1982 2346 Nectffibffifflm'

288 2343 366 2404 enirn
389 2342 470 2424 quod
493 2362 533 2405 ex
555 2340 774 2404 recentioribus
797 2342 926 2422 quidam,
950 2343 997 2404 vir
1018 2359 1092 2406 sane
1116 2342 1234 2421 doctus,
1258 2343 1312 2406 sed
1335 2345 1454 2405 minime
1473 2342 1660 2425 Theologus,
1925 2330 1951 2369 ”

286 2441 317 2502 in
339 2440 428 2503 simili
450 2448 628 2526 argumento
651 2439 741 2519 dixit,
765 2441 839 2502 mihi
859 2459 953 2503 curce
974 2459 1034 2504 aaa
1057 2450 1103 2503 cat
1123 2443 1197 2522 qnid
1216 2444 1321 2504 dicant
1342 2443 1505 2518 hametim,
1538 2442 1663 2522 probari

287 2546 388 2621 potest
410 2538 447 2602 ab
469 2537 531 2600 ullo
548 2537 736 2602 Christianae
760 2539 940 2602 concordiae
963 2539 1111 2603 studiosa.
1147 2540 1245 2604 Curae
1268 2541 1356 2606 nobis
1380 2559 1450 2604 esse
1468 2539 1662 2621 debetquid-

288 2637 357 2718 quid
376 2637 496 2700 veritati
518 2637 752 2716 incommodare,
776 2644 828 2699 aut
849 2635 959 2700 iratres
982 2645 1104 2700 nostros
1126 2640 1156 2701 in
1180 2639 1371 2703 dissensione
1393 2641 1526 2703 retinere
1548 2645 1660 2721 potest.

288 2735 463 2802 consensus
485 2751 578 2816 porro
601 2735 806 2798 Ecclesiarum
835 2736 964 2800 omniunt
994 2736 1025 2797 in
1055 2737 1251 2820 agnoscenda
1279 2739 1497 2802 elementorum
1521 2739 1607 2819 panis
1630 2743 1662 2799 et

286 2835 347 2898 vini
361 2835 619 2913 transmutatione,
636 2836 732 2917 magis
747 2834 910 2897 efficaciter
931 2851 985 2896 eos
1009 2834 1059 2914 qui
1081 2835 1239 2900 veritatem
1263 2844 1427 2914 sectantur,
1451 2837 1549 2915 allicit,
1572 2852 1662 2915 quam

285 2933 498 2997 subtilissimae
521 2932 750 3014 disputationes.
791 2932 870 2995 Nihil
893 2940 991 2994 autern
1014 2949 1195 2998 consensum
1218 2937 1306 3000 bium
1329 2938 1442 3000 lirrnius
1465 2936 1661 3012 demonstrat,

284 3051 370 3113 quam
399 3038 544 3096 constans
576 3032 686 3112 ubique
722 3038 751 3092 et
781 3049 904 3112 semper
931 3037 1056 3112 recepta
1085 3033 1163 3112 apud
1188 3032 1360 3098 Orientales
1382 3036 1478 3098 Deum
1502 3032 1662 3098 invocandi

282 3131 389 3210 lorrna,
412 3139 445 3193 ut
467 3147 612 3193 summurn
634 3130 665 3191 in
686 3146 767 3210 pane
790 3135 820 3190 et
841 3129 912 3192 vino
937 3129 1111 3192 miraculum
1133 3131 1234 3212 iaciat,
1258 3133 1349 3214 idque
1373 3133 1569 3213 omnipotenti
1591 3133 1660 3194 vir-

283 3237 346 3292 tute
369 3246 442 3305 sua;
465 3231 548 3292 etin
570 3228 667 3306 altari,
691 3246 800 3309 nempe
823 3235 856 3289 ut
878 3227 948 3289 liant
970 3245 1081 3308 corpus
1105 3238 1135 3291 et
1157 3233 1281 3312 sanguis
1306 3231 1424 3294 Christi.
1447 3230 1662 3292 Eaverbanon

284 3347 301 3390 a
323 3328 488 3411 theologis
512 3326 670 3406 dictantur,
694 3344 755 3389 non
778 3327 815 3388 ab
839 3325 1016 3389 Oratoribus
1040 3325 1193 3392 rhetorice
1216 3328 1431 3411 praedicantur
1451 3347 1490 3390 ax
1510 3327 1662 3408 superiori

286 3426 372 3506 laco,
400 3427 456 3490 sed
479 3424 638 3489 illiteratae
661 3425 743 3506 plebi
766 3432 968 3506 exponuntur,
991 3435 1191 3506 praeparatae
1210 3429 1271 3508 jam
1293 3447 1351 3511 per
1372 3427 1499 3491 Diaconi
1523 3425 1661 3488 admoni-

286 3526 398 3590 tionem
428 3533 461 3587 ut
490 3541 558 3587 caan
580 3524 687 3586 timore
710 3532 741 3586 et
763 3531 896 3586 tremore
919 3540 1024 3586 ornnes
1047 3532 1136 3587 orent
1158 3527 1338 3606 impensius,
1361 3546 1400 3590 eo
1423 3533 1574 3589 momento
1598 3543 1660 3605 quo
1769 3511 1775 3520 ’

286 3641 336 3686 res
360 3632 420 3687 tarn
442 3623 517 3685 mira
537 3623 701 3703 perficitur.
746 3623 828 3685 lllius
855 3623 947 3705 igitru
975 3623 1121 3686 orationis
1151 3627 1331 3687 sententiam
1353 3626 1483 3688 diversis
1505 3625 1661 3704 interpre-

286 3721 465 3799 tationibus,
494 3739 620 3802 quarurn
642 3728 724 3784 stare
746 3719 826 3782 nulla
849 3727 968 3800 potest,
1000 3723 1233 3802 circumvenire,
1256 3723 1423 3788 Ecclesiam
1446 3722 1579 3804 prodere
1602 3728 1660 3798 est,

287 3820 419 3902 nequid
450 3821 652 3883 recentiorum
682 3818 876 3900 quorumdam
906 3818 1072 3903 Theologia
1101 3821 1272 3884 detrimenti
1301 3825 1409 3902 capiat.
1454 3821 1565 3885 Omnes
1594 3821 1660 3900 ejus

287 3921 409 4001 generis
434 3918 662 3999 explicationes,
686 3919 928 3982 constantissime
950 3919 1090 4000 rejiciunt
1108 3919 1291 3998 Orientales,
1314 3923 1416 4002 itaque
1438 3921 1550 3983 frustra
1573 3917 1662 3979 adhi-

286 4015 456 4080 berterad
479 4034 532 4080 eos
556 4017 593 4080 ab
617 4035 723 4080 errore
745 4017 953 4096 vindicandos,
976 4035 1036 4098 quo
1059 4022 1357 4101 nequaquamtenari
1372 4021 1441 4082 illos
1458 4017 1550 4080 certis
1564 4035 1662 4100 argu-

288 4117 395 4178 mentis
419 4116 653 4178 demonstratur.
687 4115 729 4177 At
751 4117 871 4178 omnino
894 4117 1039 4179 immunes
1062 4124 1132 4179 sunt
1154 4119 1269 4180 erroris
1292 4117 1382 4181 ullius
1405 4119 1487 4180 circa
1508 4133 1611 4178 veram
1631 4123 1663 4178 et

287 4215 400 4278 realem
422 4213 638 4278 elementorum
662 4216 691 4276 in
715 4232 827 4295 corpus
850 4222 881 4277 et
904 4217 1083 4296 sanguinem
1106 4214 1217 4278 Christi
1249 4217 1543 4293 transmutationem,
1573 4231 1662 4295 quam

286 4311 362 4376 haec
384 4315 481 4376 oratio
504 4315 666 4394 perspicue
689 4313 848 4395 significat.
880 4311 1073 4395 Comparatio
1096 4315 1391 4379 cumlncarnationis
1415 4315 1558 4397 mysterio
1581 4313 1662 4376 illam

287 4413 463 4493 expressius
486 4411 630 4475 inculcat:
653 4421 810 4492 utramque
833 4411 950 4475 scilicet
974 4429 1087 4491 veram,
1110 4431 1170 4476 non
1192 4416 1335 4497 typicam,
1359 4414 1662 4496 suthguratamesse

286 4509 561 4594 volunt'lheologi:
585 4528 685 4592 neque
697 4511 793 4580 minus
804 4528 907 4573 verum
924 4529 1005 4589 esse,
1021 4529 1128 4593 panem
1138 4521 1169 4576 et
1179 4516 1281 4576 vinum
1291 4514 1358 4576 lieri
1367 4530 1479 4594 corpus
1489 4520 1520 4574 et
1534 4510 1663 4592 sangui-

287 4627 353 4670 aem
377 4609 505 4690 Christi,
529 4627 616 4691 quarn
640 4627 744 4673 verum
767 4616 816 4672 est
837 4609 942 4674 Filium
964 4609 1021 4673 Dei
1043 4631 1084 4674 ex
1106 4613 1199 4675 bieria
1225 4613 1349 4694 Virgine
1372 4629 1442 4674 esse
1466 4612 1661 4673 incarnatum.

287 4707 372 4771 Unde
394 4711 474 4771 inter
489 4709 557 4772 illos
571 4709 706 4772 nonnulli
720 4709 802 4772 illurn
823 4711 856 4771 ia
878 4710 974 4772 colice
996 4717 1026 4771 et
1046 4711 1078 4772 in
1100 4712 1186 4773 disco
1207 4714 1370 4773 incantari
1390 4713 1542 4785 damant,
1566 4707 1662 4770 auda-

287 4807 369 4869 ciore
391 4805 530 4871 fortassis
552 4808 738 4890 metaphora,
762 4806 817 4870 sed
840 4825 918 4888 quae
940 4827 959 4870 a
981 4810 1077 4891 tropis
1101 4818 1131 4873 et
1152 4808 1256 4892 figuris
1279 4808 1455 4893 longissime
1478 4815 1593 4872 remota
1604 4814 1660 4873 est.

287 4896 369 4966 llaec
392 4903 541 4968 sulliciunt
564 4923 632 4970 curn
654 4907 774 4971 diversa
797 4907 924 4970 abarum
947 4908 1117 4973 testimonia
1146 4926 1222 4990 quae
1251 4905 1476 4971 lnvocationem
1498 4906 1660 4986 illustrant,

288 5001 357 5065 alibi
380 5003 476 5066 relata
498 5005 567 5068 sint.

1380 5121 1453 5196 15*
