4728 6028
673 629 724 706 tlt
757 628 1060 706 nllundlns
1094 627 1375 706 stntnons
1661 630 1709 702 oo

335 815 465 896 prelatio
488 813 591 896 lingua
613 812 732 895 vulgari
755 811 897 891 Arabica,
921 829 999 893 quac
1022 812 1111 875 lectio
1140 813 1206 874 lieri
1228 821 1330 894 potest
1352 813 1390 874 ab
1414 811 1565 876 inferioris
1589 811 1710 875 Ordinis

336 913 473 990 clericis,
493 913 581 993 J'uxta
605 910 711 992 Cyrilli
733 911 771 976 ll.
803 912 994 975 Patriarchae
1022 911 1219 974 Alexandrini
1244 910 1502 977 Constitutionem.
1554 912 1710 992 Interpre-

335 1014 407 1076 tatio
430 1028 507 1074 vero
529 1010 688 1093 Evangelii
711 1010 824 1092 duplex
847 1018 910 1073 est:
941 1011 1066 1073 literalis
1093 1027 1153 1072 una
1181 1018 1212 1073 et
1235 1011 1381 1092 simplex,
1411 1011 1508 1092 qualis
1536 1011 1567 1073 in
1597 1009 1712 1089 aliquot

336 1109 490 1174 codicibus
505 1109 744 1188 ordinationum,
769 1119 802 1172 ut
824 1110 853 1172 in
876 1111 989 1190 optimo
1001 1108 1174 1172 Florentino
1187 1112 1352 1190 reperitur:
1366 1110 1460 1172 altera
1472 1108 1711 1191 paraphrastica,

335 1212 365 1274 in
390 1209 585 1272 llomiliarum
614 1208 743 1287 modum,
775 1225 853 1290 quae
882 1209 1086 1292 singularibus
1121 1209 1204 1272 libris
1233 1211 1434 1272 continentur.
1484 1209 1596 1272 Extant
1622 1208 1711 1290 hujus

335 1307 458 1390 generis
480 1308 564 1370 multi
586 1309 617 1370 in
639 1308 843 1386 Bibliothecis,
866 1315 897 1370 et
911 1308 1011 1386 talem,
1035 1308 1073 1371 od
1088 1327 1174 1371 usum
1188 1308 1346 1370 Ecclesiae
1365 1307 1509 1389 Syriacae
1526 1307 1711 1371 lacobiticae

336 1404 425 1468 habet
449 1405 637 1470 Bibliotheca
667 1406 881 1490 Seguieriana,
918 1408 968 1487 qui
1003 1408 1236 1470 communiorem
1263 1409 1386 1469 istarm
1415 1408 1710 1488 interpretationum,

337 1523 413 1586 quae
441 1507 616 1586 spirituales
642 1506 849 1587 appellantur,
883 1505 1009 1568 formam
1040 1525 1113 1587 prae
1144 1505 1269 1586 reliquis
1298 1505 1610 1570 videturexnibere:
1640 1523 1710 1566 nam

336 1604 533 1668 brevissimae
555 1611 641 1682 sunt;
664 1623 732 1667 cum
753 1604 822 1668 illae
845 1623 922 1684 quae
946 1604 983 1666 ad
1003 1603 1168 1667 Ecclesiam
1193 1604 1348 1687 Copticam
1371 1607 1523 1687 pertinent
1545 1603 1604 1666 sint
1626 1619 1710 1684 pro-

337 1702 473 1766 lixiores

907 1965 1138 2058 Evangelinm.
1726 2039 1730 2048 ⁴
1759 1963 1788 2016 Ρ·
1807 1963 1835 2018 9·

431 2175 483 2254 Ur
507 2184 586 2264 opud
610 2183 746 2265 Coptitas
769 2203 836 2247 cum
858 2186 975 2268 magnis
998 2186 1197 2248 caeremoniis
1221 2184 1357 2248 defertur
1379 2184 1418 2247 ad
1441 2185 1609 2249 Ambonom
1632 2185 1711 2248 liber
1759 2185 1896 2254 Evangelii
1921 2184 1997 2235 tectio
2020 2200 2036 2235 a

337 2289 581 2371 Evangeliorum,
603 2289 643 2349 ita
666 2286 732 2350 fieri
755 2290 835 2369 apud
858 2287 953 2370 Syros
977 2296 1106 2364 constat,
1129 2296 1160 2351 et
1181 2287 1211 2350 id
1234 2305 1252 2348 a
1275 2285 1400 2350 Graecis
1423 2297 1617 2368 acceperunt.
1641 2287 1708 2361 Quo
1722 2273 1862 2326 ⁵³⁰⁰¹¹¹⁰²⁰
1881 2271 1994 2336 syriace.

337 2391 396 2452 ritu
418 2389 449 2450 id
472 2407 489 2451 a
513 2385 640 2467 Coptitis
662 2387 856 2470 observetur,
885 2389 1055 2467 expositum
1083 2397 1131 2450 est
1153 2405 1193 2450 ex
1214 2386 1333 2450 illorum
1357 2387 1537 2470 Theologis,
1570 2390 1600 2450 iu
1622 2387 1709 2450 Notis

338 2487 374 2552 ad
396 2488 521 2569 primam
544 2485 721 2566 liturgiam,
744 2487 795 2548 ubi
816 2486 898 2548 illum
920 2485 1023 2571 μικρᾷ
1042 2472 1156 2567 εἰςόδῳ
1179 2485 1364 2548 Graecorum
1386 2488 1577 2568 respondere
1599 2486 1709 2550 dictum

336 2595 393 2666 est,
417 2589 454 2651 de
478 2604 536 2666 qua
560 2585 676 2648 erudite
699 2585 832 2648 lacobus
856 2583 992 2650 Goarius.
1016 2585 1149 2670 Legitur
1167 2593 1266 2648 autem
1280 2586 1480 2668 Evangelium
1499 2605 1516 2650 a
1532 2587 1709 2664 Sacerdote,
1757 2599 1861 2655 anatot.
1877 2615 1904 2666 p.
1924 2595 1985 2646 lat.

337 2701 397 2746 non
419 2701 437 2746 a
458 2685 611 2748 Diacono:
642 2685 778 2764 quamvis
810 2684 880 2746 olim
908 2686 939 2746 in
968 2684 1101 2767 Syriacis
1123 2685 1272 2748 Eoclesiis
1294 2705 1401 2748 munus
1423 2687 1646 2766 Diaconornm,
1677 2695 1710 2750 ut

338 2783 416 2862 apud
439 2803 507 2864 uos,
530 2783 690 2866 Evangelii
713 2784 802 2846 lectio
825 2783 925 2846 luerit.
949 2783 981 2846 ld
1005 2786 1085 2848 enim
1109 2786 1198 2848 docet
1220 2784 1401 2848 Constitutio
1420 2785 1553 2850 Rabulae
1565 2785 1710 2868 Episcopi

336 2881 483 2945 Edesseni
505 2892 562 2948 art.
576 2884 625 2945 70.
647 2883 831 2945 Sacerdotes
852 2883 949 2964 legent
967 2883 1164 2965 Evangelium
1186 2885 1239 2946 ubi
1259 2887 1452 2964 reperientur,
1474 2887 1603 2968 nullique
1625 2892 1714 2947 mant

337 2981 475 3046 obeant.
521 2983 648 3060 Preces,
678 2989 709 3044 et
738 2982 885 3045 lorrnulae
914 2983 951 3044 ad
981 2986 1209 3047 venerationem
1239 2965 1352 3047 codicis
1381 2985 1572 3068 Evangelici,
1596 2984 1709 3048 similes

337 3082 458 3144 suntin
481 3083 617 3144 omnibus
640 3083 757 3160 ritibus,
781 3089 812 3144 ut
824 3100 932 3162 nempe
944 3081 1109 3147 Christiani
1121 3084 1172 3164 qui
1194 3083 1313 3161 adsunt,
1334 3101 1395 3147 non
1418 3084 1572 3147 auditores
1597 3092 1709 3146 tantum

337 3183 405 3259 sint,
429 3180 484 3243 sed
506 3181 640 3244 factores
663 3180 842 3259 verborum,
867 3201 944 3262 quae
968 3201 1008 3244 ex
1030 3183 1206 3264 Evangeliis
1227 3185 1403 3248 recitantur.

423 3282 495 3344 Post
517 3280 670 3363 Syriacam
693 3281 863 3358 lectionem,
887 3283 965 3343 sicut
987 3282 1153 3362 Epistolae‚
1176 3283 1217 3342 ita
1240 3299 1361 3362 quoque
1376 3281 1534 3364 Evangelii
1548 3283 1710 3346 vernacula
1757 3289 1845 3341 Lectio
1873 3289 1985 3340 secunda
2008 3286 2035 3337 nt

336 3382 426 3444 lectio
450 3382 552 3463 lingua
573 3379 705 3443 Arabica
728 3381 910 3442 observatur
932 3381 1079 3458 similiter,
1104 3387 1134 3442 et
1158 3380 1267 3443 babent
1288 3379 1357 3461 Syri
1371 3381 1562 3443 Lectionaria
1585 3382 1710 3462 propria
1723 3373 1812 3443 lingua
1830 3373 1940 3440 vulgari.

336 3480 483 3557 Arabica,
514 3477 551 3541 ad
580 3479 659 3542 hunc
681 3497 776 3543 usuro.
810 3479 842 3541 ln
867 3479 1106 3557 Pontificalibus,
1138 3487 1168 3541 ct
1191 3479 1366 3559 quibusdam
1389 3479 1454 3540 aliis
1476 3478 1560 3540 libris
1584 3495 1711 3557 quorum

337 3597 410 3640 urus
427 3577 617 3659 quotidianus
633 3585 765 3656 nonest,
789 3578 967 3642 lectionibus
990 3595 1067 3660 quae
1091 3581 1323 3656 interseruntur,
1340 3580 1444 3640 versio
1457 3577 1587 3639 Arabica
1604 3577 1712 3658 subjici

337 3677 431 3754 solet,
462 3686 494 3739 ut
522 3678 552 3738 in
582 3677 694 3757 optimo
724 3684 754 3740 et
777 3679 899 3760 antiquo
924 3677 1037 3741 Codice
1060 3677 1244 3741 Florentino.
1289 3678 1401 3740 Extant
1430 3695 1551 3758 quoque
1581 3674 1711 3748 Codices

338 3778 413 3840 varii
436 3777 588 3858 Epistulas
619 3782 650 3839 et
678 3777 845 3860 Evangelia
875 3778 1050 3841 secundum·
1071 3777 1293 3840 Dominicarum
1321 3784 1352 3840 et
1379 3776 1525 3839 festorum
1556 3775 1711 3852 Ordinem,

339 3884 370 3938 ut
392 3886 461 3940 sunt
484 3876 563 3958 apud
575 3875 709 3939 Graecos
733 3863 1101 3960 Ἀποστολοευαγγέλια.
1126 3878 1158 3938 ln
1182 3878 1318 3939 omnibus
1342 3876 1566 3957 exemplaribus
1580 3874 1711 3956 Syriacis

337 3975 414 4038 Novi
439 3975 621 4038 testamenti
650 3981 772 4038 notatur
801 3977 921 4056 quando
952 3977 1089 4060 singulae
1120 3976 1276 4041 Sectiones
1304 3978 1334 4038 in
1357 3975 1467 4039 Ollciis
1490 3974 1712 4038 Ecclesiasticis

337 4075 399 4156 legi
421 4074 562 4154 debeant,
586 4074 764 4156 illarumque
787 4074 914 4138 indicem
937 4082 1147 4156 repraesentat
1170 4077 1261 4139 editio
1283 4077 1426 4158 princeps
1449 4075 1640 4138 Viennensis.

667 4336 816 4410 Sanctus
840 4338 938 4410 Deus
962 4344 1101 4410 sandes
1123 4341 1239 4430 fortis,
1266 4345 1330 4410 etc.
1417 4425 1428 4442 ι
1759 4333 1789 4384 P·
1808 4335 1833 4386 4·
1852 4343 1875 4386 a
1891 4333 1936 4384 2⁰·

438 4547 569 4624 qunos
593 4566 639 4622 est
662 4577 750 4639 quem
771 4561 865 4643 vulgo
890 4561 1059 4640 ibiscpiurn
1080 4560 1247 4642 appellant,
1279 4561 1330 4639 qui
1358 4561 1388 4621 in
1411 4560 1552 4622 universa
1574 4558 1713 4622 Ecclesia
1762 4556 1912 4624 eringium.

339 4661 555 4724 celeberrimus
577 4671 633 4724 est.
677 4661 710 4723 ln
731 4660 837 4724 Latina
859 4671 958 4726 tamen
980 4681 1040 4726 non
1064 4663 1173 4726 dicitur
1193 4668 1328 4743 praeter,
1352 4679 1440 4742 qnam
1463 4662 1556 4725 semel
1579 4663 1610 4724 in
1631 4679 1713 4725 anno

338 4759 426 4822 Faria
450 4761 499 4824 Vl.
521 4761 644 4843 majoris
666 4759 884 4841 hebdomadae,
907 4762 997 4842 idque
1022 4762 1139 4826 Graece
1162 4771 1194 4825 et
1214 4761 1337 4840 Latine,
1361 4777 1422 4842 quo
1444 4762 1611 4844 peregrina
1634 4761 1714 4824 illius

339 4859 427 4943 origo
451 4860 646 4943 significatur,
672 4862 740 4942 quia
765 4861 929 4924 secundum
954 4861 1088 4926 Graecos
1110 4879 1207 4944 prope
1223 4877 1339 4939 omnes,
1361 4862 1391 4922 in
1406 4861 1546 4926 Ecclesia
1560 4859 1717 4924 Constan-

339 4958 536 5040 linopolitana
559 4961 626 5024 cani
648 4961 751 5043 coepit
773 4959 894 5043 Angelo
917 4959 1083 5040 revelante,
1108 4963 1164 5024 sub
1188 4959 1295 5023 Proclo
1317 4959 1501 5024 Patriarclna.
1542 4959 1585 5022 lta
1609 4959 1715 5020 Theo-

337 5057 464 5138 pbaues,
481 5059 671 5141 Nicephorus
693 5061 711 5123 l.
736 5059 787 5126 lS.
811 5080 838 5126 c.
861 5060 929 5124 51⁰.
953 5062 1158 5124 Damascenus
1181 5058 1219 5122 de
1233 5058 1307 5122 Fida
1328 5058 1505 5122 Ortbodoxa
1528 5059 1547 5124 l.
1564 5059 1594 5122 3.
1617 5074 1644 5122 c.
1662 5054 1712 5118 la.

1429 5174 1506 5249 12*
