4784 6040
714 627 787 702 386
1212 623 1569 701 LITURGIA

815 813 989 885 Sacerdos
1001 811 1136 884 elevans
1147 831 1272 884 nocem.
1302 809 1439 884 Auxilia
1464 812 1543 886 nulli
1559 811 1754 886 confusioni
1771 813 1931 902 obnoxia,
1959 811 2076 886 confer

710 930 852 1002 Domine
878 933 911 1000 in
938 951 999 1002 eos
1027 949 1143 1001 omnes
1170 929 1224 1022 qni
1251 925 1428 1019 diligenter
1457 939 1617 1024 praesunt
1648 927 1810 1021 gregibus
1842 931 1905 1001 tuis
1938 931 2075 1016 sanctis,

712 1055 745 1116 et
771 1047 804 1115 in
831 1045 996 1117 uberrima
1029 1043 1201 1140 voluptate
1227 1041 1405 1136 Evangelii
1440 1047 1598 1136 unigeniti
1624 1044 1698 1116 Filii
1731 1047 1795 1134 tui,
1826 1043 1903 1118 illos
1935 1054 2077 1139 pascunt

698 1169 745 1230 -et
769 1171 906 1252 regunt:
934 1170 968 1231 et
994 1183 1068 1232 oum
1094 1159 1158 1231 illis
1185 1158 1323 1252 gloriam
1351 1158 1535 1232 referemus
1560 1158 1619 1232 tibi
1646 1170 1680 1232 at
1705 1162 1873 1252 unigenito
1893 1159 1978 1232 Filio
2005 1170 2074 1251 bro,

711 1286 744 1346 et
771 1277 906 1372 Spiritui
933 1286 1049 1348 sancto
1077 1285 1144 1348 tuo

814 1391 974 1486 Populos.
1028 1393 1146 1464 Amen.

815 1507 989 1581 Sacerdos
1023 1507 1213 1579 inclinatur.
1275 1505 1523 1580 Convenientcr
1560 1515 1725 1579 memento
1760 1507 1921 1595 Domine,
1960 1527 2073 1579 eorum

712 1626 766 1720 qui
792 1629 1060 1721 persecutionem
1085 1627 1250 1722 patiuntur
1274 1645 1336 1718 pro
1364 1626 1497 1695 nomine
1523 1633 1579 1695 tuo
1613 1633 1740 1696 sancto.
1793 1622 1902 1694 Etiam
1935 1625 2075 1718 praeci-

710 1763 776 1837 pue
811 1751 844 1812 ct
875 1741 1088 1833 singulariter
1119 1747 1285 1811 memento
1317 1741 1432 1811 matris
1465 1737 1566 1826 illius,
1603 1761 1688 1834 quae
1722 1742 1825 1811 vitam
1861 1744 2007 1835 peperit,
2040 1751 2076 1812 et

711 1858 887 1931 Dominum
916 1869 1121 1930 sanctorum:
1154 1857 1420 1952 reliquorumque
1448 1857 1590 1927 omniurn
1618 1859 1673 1950 qui
1700 1858 1732 1928 in
1759 1855 1895 1948 singulis
1923 1873 2075 1948 gencra-

710 1975 853 2047 tionibns
880 1974 1075 2069 placuerunt
1099 1996 1212 2046 coram
1239 1983 1282 2044 te.

813 2089 989 2161 Sacerdos
1015 2089 1152 2160 cleoona
1172 2111 1297 2160 nocam.
1341 2086 1478 2160 Placeat
1502 2085 1563 2160 tibi
1587 2087 1731 2159 Domine
1756 2097 1792 2159 nt
1817 2109 1878 2182 per
1904 2091 2075 2160 interces-

711 2210 824 2280 siones
851 2204 1043 2277 dilectorum
1069 2215 1209 2292 tuorum,
1237 2206 1303 2276 cito
1330 2203 1451 2276 salvati
1480 2225 1698 2298 appareamus
1726 2223 1837 2275 coram
1866 2213 1911 2292 te,
1942 2214 1976 2276 et
2000 2225 2074 2276 vo-

708 2323 833 2417 luptate
862 2342 925 2414 qua
951 2319 1114 2411 fruuntur,
1142 2342 1293 2416 quaeque
1318 2319 1416 2392 finem
1442 2337 1510 2391 non
1536 2317 1646 2406 babet,
1673 2317 1764 2412 digni
1791 2317 1983 2392 afficiamur:
2011 2343 2076 2416 per

709 2441 852 2531 gratiam
880 2446 913 2509 et
938 2436 1200 2510 misericordiam
1226 2457 1440 2529 amoremque
1466 2455 1549 2527 erga
1575 2433 1722 2508 homines
1749 2438 1907 2528 unigeniti
1921 2433 1995 2508 Filii
2013 2440 2075 2508 tui:

709 2575 771 2649 pcr
798 2575 897 2648 quem
923 2562 956 2624 ct
982 2576 1056 2626 cum
1083 2576 1149 2648 quo
1176 2563 1209 2623 te
1236 2551 1333 2624 decct
1359 2550 1467 2644 gloria
1494 2573 1567 2622 cum
1594 2549 1718 2648 Spiritu
1746 2560 1801 2623 tuo
1829 2562 1955 2627 sancto.

815 2668 977 2762 Populos.
1029 2669 1149 2742 Amen.

815 2783 989 2858 Sacerdos
1015 2785 1205 2857 inclinatas.
1250 2784 1391 2880 Suscipe
1417 2787 1450 2855 in
1478 2787 1671 2858 memoriam
1697 2793 1785 2858 tuam
1799 2784 1943 2858 Domine
1954 2787 2075 2858 Patres

710 2901 846 2990 beatos,
874 2905 995 2996 quique
1020 2903 1179 2998 mysteria
1206 2899 1397 2990 docuerunt,
1423 2900 1610 2974 Ecclesiam
1635 2910 1725 2972 tuam
1751 2910 1918 2991 sanctam
1946 2923 2074 2991 aarum,

712 3019 767 3110 qui
794 3015 836 3089 ab
864 3019 1004 3112 antiquis
1030 3015 1235 3113 temporibus
1261 3015 1320 3090 tibi
1345 3019 1413 3088 noti
1439 3026 1523 3105 sunt,
1550 3014 1593 3088 ad
1618 3014 1703 3088 bano
1728 3039 1834 3111 usquo
1860 3015 1955 3091 diem.

813 3134 964 3206 Eleoonc
988 3156 1112 3206 uocem.
1164 3134 1348 3229 Praecipue
1375 3132 1484 3207 stabili
1511 3142 1545 3204 et
1570 3132 1739 3223 confirma,
1765 3134 1918 3222 Dombrc,
1944 3132 2075 3206 Eccle-

711 3251 793 3321 siam
822 3258 909 3322 tuam
936 3260 1085 3323 sanctam
1111 3273 1173 3346 per
1198 3253 1442 3322 invocationem
1459 3247 1601 3344 Spiritus
1622 3251 1667 3320 tui
1686 3251 1804 3338 sancti,
1831 3259 1865 3320 et
1884 3249 2073 3342 dirigentis:

711 3375 810 3460 atque
837 3369 1015 3440 universim
1044 3387 1126 3439 orna
1154 3388 1228 3438 earn
1255 3376 1289 3438 et
1314 3369 1525 3461 conspicuam
1553 3365 1663 3456 effice,
1698 3388 1761 3461 per
1787 3365 1969 3438 doctrinam
1996 3369 2074 3436 sin-

711 3505 823 3553 ceram
851 3483 1044 3556 dilectorum
1072 3493 1216 3555 tuorum:
1244 3485 1320 3577 quta
1346 3491 1381 3554 tu
1406 3481 1594 3568 munificus,
1622 3491 1656 3553 et
1682 3481 1844 3554 donorum
1869 3480 2075 3554 liberalissi-

710 3621 783 3671 mus
811 3621 861 3687 cs,
887 3598 1011 3693 tibique
1038 3597 1178 3692 gloriam
1205 3606 1238 3670 et
1262 3597 1394 3671 laudern
1427 3596 1601 3670 referimus
1635 3608 1668 3669 et
1700 3601 1870 3689 unigenito
1896 3597 1980 3670 Filio
2015 3608 2074 3672 tuo

711 3724 744 3786 et
770 3713 905 3810 Spiritui
933 3726 987 3786 tuo
1014 3723 1140 3787 sancto.
1321 3712 1323 3720 ’

814 3829 975 3922 Populos.
1026 3831 1146 3902 Amen.
1832 3897 1837 3904 .

813 3945 988 4017 Sacerdos
1011 3946 1201 4017 inclinatur.
1240 3945 1418 4017 Praeclare
1440 3956 1474 4017 et
1493 3944 1782 4029 abundantissime,
1804 3956 1970 4019 memento
1992 3947 2073 4018 Do-

711 4064 801 4132 mine
824 4063 1004 4133 animarum
1027 4073 1061 4134 et
1082 4064 1251 4157 spirituum
1275 4071 1417 4159 patrum,
1439 4060 1588 4150 fratrum,
1611 4063 1910 4155 magistrorumque
1932 4051 2075 4134 nosno-‘

711 4200 796 4266 rum,
820 4188 854 4249 et
876 4199 992 4250 conum
1007 4181 1149 4250 omnium
1167 4180 1222 4273 qui
1236 4181 1270 4249 in
1283 4176 1496 4251 confessione
1523 4175 1717 4250 Ortbodoxa
1733 4199 1778 4248 ex
1793 4174 1857 4248 boc
1883 4177 2002 4250 mundo
2029 4179 2075 4250 ad

710 4303 745 4364 te
771 4293 913 4390 profecti
939 4294 1103 4384 obierunt,
1131 4306 1164 4367 et
1181 4293 1254 4367 'iltis
1280 4295 1427 4390 requiem
1454 4304 1599 4390 praesta,
1626 4303 1661 4365 ut
1693 4297 1733 4366 iis
1759 4294 1875 4384 etiarn,
1903 4314 1966 4388 pro
1994 4298 2074 4389 qui-

710 4407 773 4480 bus
799 4407 863 4481 boo
889 4411 1084 4483 sacrificirnn
1112 4409 1256 4484 oblatrrm
1283 4419 1344 4484 est.

656 4615 664 4628 ι
812 4523 964 4627 Ἐἱευᾳωιε
989 4549 1114 4598 nocem.
1147 4526 1334 4600 Efficaciter
1359 4521 1525 4598 memento
1551 4524 1678 4597 illonrm
1706 4525 1858 4610 Domine,
1886 4534 1920 4595 et
1945 4528 2074 4596 animas

711 4663 826 4712 conum
852 4640 982 4714 colloca
1009 4646 1042 4714 in
1069 4641 1261 4716 habitaculis
1288 4645 1433 4716 aeternis
1460 4643 1553 4731 lucis,
1580 4652 1614 4713 et
1639 4639 1724 4713 illius
1749 4638 1958 4712 beatitudinis
1986 4663 2075 4736 quae

710 4780 771 4851 per
796 4756 1054 4830 misericordiam
1082 4769 1170 4832 tuam
1198 4759 1396 4851 singularem
1426 4758 1601 4849 obtinetur,
1628 4767 1662 4830 et
1686 4759 1720 4829 in
1744 4755 1828 4850 locis
1855 4759 1972 4851 quietis
1997 4761 2076 4853 spi-

712 4877 795 4944 ritus
823 4895 938 4946 eorum
961 4874 1110 4964 colloca,
1144 4897 1273 4970 nosque
1307 4885 1341 4946 et
1370 4897 1431 4947 cos
1464 4872 1725 4968 simullaetifica
1749 4871 1872 4943 lumine
1896 4871 2075 4967 praeclaro

714 4987 825 5062 vultus
852 4993 915 5061 tui:
943 4994 1018 5085 quia
1046 4990 1132 5086 quod
1160 4991 1201 5063 ab
1228 4994 1397 5084 unigenito
1424 4990 1509 5064 Filio
1529 5001 1585 5062 tuo
1610 4988 1872 5062 commendatum
1893 4998 1979 5078 erat,
2007 5011 2076 5060 ao-

714 5107 874 5201 cepimus,
900 5115 934 5178 et
959 5129 1020 5202 per
1046 5105 1134 5178 illurn
1161 5110 1258 5180 etiam
1286 5127 1458 5203 speramus
1486 5105 1746 5180 misericordiam
1772 5108 1944 5201 consequi,
1971 5115 2034 5176 etc.
