4728 6028
725 674 776 748 66
1102 672 1720 752 OBSERVATIONES

723 859 775 939 qui
797 866 845 920 est
865 857 1039 940 Martyrum,
1061 876 1123 922 non
1143 856 1276 921 occtx
1297 857 1353 920 sed
1382 857 1567 924 ccccxlx.
1611 857 1709 922 Autor
1735 859 1954 941 Disputationis
1984 860 2092 924 dicitur

723 958 818 1021 fuisse
841 957 978 1020 hluchtar
997 957 1254 1036 Ebn-El-llacen‚
1281 957 1568 1035 Eho-El-Abdoun,
1597 957 1846 1021 Eumol-nonan
1873 959 2090 1043 Bagdadensis,

436 1047 1126 1136 112'11-Drr-r·23⁴·lledic1osatiscelebris,
1156 1057 1195 1119 de
1224 1073 1285 1138 quo
1315 1055 1532 1138 hhullaragius
1563 1058 1593 1118 in
1624 1057 1755 1120 Historia
1783 1057 2012 1140 Dynastiarum,
2041 1061 2092 1142 qui

723 1163 822 1218 tamen
845 1174 913 1219 eum
936 1155 1049 1219 obiisse
1072 1174 1150 1219 anno
1171 1156 1389 1237 praecedente,
1412 1155 1527 1220 scrihit.
1580 1155 1710 1219 Occasio
1734 1157 1903 1238 disputandi
1924 1157 1988 1236 luit,
2010 1159 2093 1240 quod

721 1257 854 1317 misisset
875 1256 956 1338 Papa
977 1254 1129 1317 Romanos
1151 1256 1285 1318 Nuucios
1307 1254 1345 1318 ad
1367 1255 1544 1317 hlichaelem
1566 1254 1938 1336 Constantinopolitanum,
1962 1256 2092 1321 Carula-

721 1355 798 1416 rium
826 1354 957 1434 scilicet,
991 1363 1128 1437 tempore
1162 1354 1353 1418 Constantini
1387 1353 1592 1432 hlonomachi,
1629 1373 1697 1416 cum
1730 1355 1825 1418 literis
1853 1355 2027 1419 hortatoriis
2053 1358 2091 1422 ad

723 1454 869 1532 Graecos,
891 1462 924 1516 ut
946 1454 1037 1516 multa
1060 1454 1236 1535 disciplinae
1257 1472 1332 1516 suae
1361 1455 1461 1535 capita
1482 1453 1702 1532 reformarent,
1735 1456 1814 1517 inter
1836 1454 1894 1518 alia
1916 1474 2002 1518 usum
2025 1456 2091 1519 ler-

721 1556 844 1616 mentali
871 1555 958 1635 panis
987 1556 1018 1615 in
1049 1553 1255 1634 oblationibus
1285 1553 1359 1615 suis.
1414 1552 1447 1614 ln
1476 1573 1513 1620 ea
1546 1556 1640 1638 igitur
1667 1553 1876 1635 Disputatione
1913 1565 2091 1639 argumenta

721 1656 805 1716 varia
828 1662 933 1716 contra
955 1653 1072 1734 Azpma
1094 1653 1300 1735 reperiuntur,
1331 1671 1410 1734 quae
1438 1653 1539 1716 Autor
1559 1652 1750 1736 Apologiae,
1778 1660 1812 1715 ut
1840 1655 2002 1716 verisimile
2032 1663 2090 1734 est,

720 1753 792 1816 inde
814 1754 931 1830 sumsit,
955 1771 1022 1815 cum
1045 1753 1152 1816 eodem
1175 1755 1295 1815 viveret
1317 1759 1463 1832 tempore.
1514 1750 1591 1815 Illud
1614 1753 1733 1815 taudem
1756 1753 2007 1833 praetereundum
2030 1771 2092 1817 uon

723 1862 786 1915 est:
809 1851 890 1934 quod
912 1851 1076 1934 Dionysius
1098 1852 1245 1914 Barsalihi
1267 1853 1318 1932 qui
1335 1859 1406 1932 post
1433 1859 1570 1932 tempora
1598 1852 1783 1915 Christoduli
1804 1851 2002 1914 Alexandrini
2031 1856 2090 1916 Pa·
2207 1867 2211 1872 “

722 1950 871 2014 triarchac
895 1952 979 2028 vixit,
1003 1961 1073 2013 tunc
1096 1971 1163 2015 cum
1185 1952 1294 2013 Franci
1315 1950 1532 2032 Hierosolymis
1561 1961 1737 2033 regnarent,
1761 1971 1870 2032 nempe
1890 1960 1962 2033 post
1983 1971 2090 2016 anunm

721 2050 856 2116 MXCIX.
880 2052 1023 2113 misturae
1045 2051 1106 2113 olei
1129 2058 1160 2112 et
1181 2050 1254 2112 salis
1277 2068 1337 2112 non
1360 2052 1501 2126 meminit,
1523 2052 1554 2112 in
1567 2050 1711 2114 Tractato
1732 2071 1820 2132 quent
1843 2053 2008 2132 citavimus,
2031 2057 2089 2115 nec

722 2154 753 2213 in
777 2149 998 2214 Commentario
1021 2149 1059 2211 ad
1082 2148 1256 2231 Liturgiam.

810 2248 884 2312 Cum
906 2267 982 2311 vero
1004 2248 1130 2312 Graecis
1153 2266 1213 2311 non
1236 2249 1331 2311 minus
1360 2267 1448 2330 quam
1471 2248 1598 2330 Coptitis
1625 2250 1723 2312 mistio
1753 2250 1825 2312 salis
1847 2257 1878 2313 et
1901 2252 1961 2315 olei
1984 2251 2090 2331 displi-

722 2357 818 2428 ceret,
842 2367 908 2412 eam
928 2349 1060 2411 ioannes
1083 2349 1262 2410 confirmare
1283 2350 1394 2432 satagit
1416 2349 1552 2411 inanibus
1575 2349 1761 2430 ratiunculis,
1784 2353 2006 2430 comparatione
2030 2351 2089 2412 du-

722 2455 771 2509 cta
794 2468 834 2510 ex
856 2458 984 2529 quatuor
1007 2448 1181 2511 elementis:
1205 2455 1265 2510 tum
1288 2450 1456 2530 scripturae
1478 2447 1564 2527 locis,
1588 2449 1639 2511 nbi
1661 2449 1733 2511 salis
1755 2457 1786 2512 et
1808 2451 1957 2512 unctionis
1980 2450 2089 2512 mentio

721 2547 770 2609 fit:
793 2566 871 2628 quae
893 2547 1013 2629 quidem
1037 2547 1114 2611 adeo
1136 2547 1244 2610 frivola
1266 2556 1346 2626 sunt,
1372 2556 1404 2610 ut
1426 2547 1477 2609 illa
1503 2547 1598 2611 fusius
1620 2547 1757 2626 referre,
1781 2566 1875 2630 opera
1899 2549 1980 2611 abuti
2000 2549 2089 2612 toret.

722 2647 802 2709 Sane
824 2647 936 2709 nullom
958 2647 1046 2730 hujus
1069 2647 1254 2710 admistionis
1277 2649 1420 2725 occurrit,
1445 2655 1514 2709 ante
1543 2648 1593 2709 illa
1623 2646 1772 2710 undecimi
1800 2649 1915 2710 saeculi
1942 2656 2087 2730 tempora,

721 2746 752 2808 in
781 2746 865 2808 libris
892 2746 1095 2811 Orientalibus
1128 2747 1299 2831 vestigium.
1354 2744 1491 2809 Consulti
1524 2745 1593 2808 olim
1629 2765 1646 2807 a
1682 2746 1770 2808 nobis
1798 2746 1979 2810 Sacerdotes
2010 2748 2089 2830 Syri,

589 2839 594 2848 ’
722 2853 811 2926 atque
841 2849 920 2909 inter
953 2846 1028 2908 alios
1056 2844 1138 2908 Elias
1174 2846 1380 2930 Bagdadensis
1410 2847 1461 2927 qui
1496 2853 1565 2907 ante
1595 2863 1690 2907 annos
1721 2845 1919 2928 quadraginta
1945 2847 2091 2910 Lutetiam

432 3615 608 3674 Rddffi

720 2947 819 3022 venit,
849 2947 874 3008 is
904 2965 993 3027 quem
1026 2944 1174 3008 Ricardus
1211 2946 1314 3009 Simon
1346 2944 1538 3027 saepiuscule
1568 2943 1743 3025 loquentem
1773 2944 1901 3026 inducit,
1931 2947 1969 3009 de
1998 2947 2089 3008 rebus

721 3043 927 3127 Theologicis,
950 3063 1076 3126 quarum
1099 3045 1338 3125 imperitissimus
1361 3054 1443 3124 erat,
1479 3046 1685 3128 interrogatus
1715 3044 1754 3106 de
1783 3045 1834 3107 illa
1861 3063 1983 3108 suorum
2014 3063 2092 3108 con-

720 3142 880 3206 suetudine
902 3146 943 3206 ita
965 3141 1179 3225 respondebat.
1213 3143 1416 3206 Micam-salis
1438 3143 1526 3224 adjici
1549 3145 1579 3205 in
1603 3161 1702 3206 massa
1724 3143 1913 3223 fermentata,
1936 3145 1990 3207 sed
2013 3161 2090 3225 quae

719 3251 812 3324 gustu
832 3244 949 3324 percipi
961 3262 1022 3306 non
1043 3251 1163 3324 posset:
1187 3242 1285 3305 oleurn
1308 3260 1401 3306 cavae
1424 3245 1523 3306 manui
1541 3241 1712 3306 Sacerdotis
1736 3244 1828 3322 allini,
1851 3262 1890 3306 ne
1914 3245 1983 3306 dom
1995 3242 2091 3307 Obla-

720 3351 780 3405 tam
802 3342 922 3423 format,
945 3362 1044 3406 massa
1067 3344 1243 3406 adhaereat:
1271 3361 1377 3405 verum
1399 3361 1460 3406 noo
1484 3345 1556 3406 tanti
1578 3351 1625 3406 est
1647 3344 1765 3407 illorum
1788 3345 1938 3408 homiuum
1960 3344 2046 3408 fides.

788 3607 931 3698 Accipit
956 3612 1120 3698 mojorem
1145 3607 1280 3677 hostiae
1301 3611 1438 3698 portem
1464 3611 1499 3675 et
1525 3605 1674 3676 collocat
1699 3609 1736 3676 iu
1762 3607 1875 3694 disco,
1903 3607 2021 3679 dicem

1123 3727 1127 3738 '
1212 3721 1394 3816 Tamquam
1422 3722 1507 3809 ovis,
1536 3731 1599 3792 etc.

432 3960 489 4027 syri
511 3963 652 4015 lanceolam
675 3964 707 4015 ad
817 3933 949 4012 Drcrrun
976 3941 1056 4022 apud
1085 3940 1217 4003 Graecos
1241 3939 1346 4002 eadem
1369 3959 1475 4003 sacrae
1498 3942 1673 4024 Scripturae
1694 3943 1858 4023 particula,
1889 3962 1955 4006 cum
1978 3943 2089 4006 Sacer-

398 4045 561 4100 dtvidendam
597 4049 707 4102 oblatus
722 4045 777 4108 dos
800 4045 882 4109 ferro
905 4046 1082 4124 acuminato,
1106 4044 1186 4124 quod
1214 4031 1322 4125 Ἀγίαν
1344 4028 1461 4128 λόγχην
1488 4046 1652 4127 appellant,
1675 4048 1782 4130 pungit
1813 4054 1843 4108 et
1871 4054 1955 4109 secat
1981 4065 2089 4128 panem

397 4147 450 4185 non
469 4134 569 4188 habent.

722 4145 971 4222 Eucharisticum,
994 4144 1141 4226 adjunctis
1165 4141 1300 4205 formulis
1330 4141 1406 4222 aliis,
1431 4162 1448 4204 a
1470 4144 1605 4208 Diacono
1636 4154 1688 4208 aut
1710 4147 1777 4226 ipso
1800 4146 1960 4209 sacerdote
1983 4148 2089 4210 dicen-

723 4245 779 4325 dis,
803 4264 880 4328 quae
903 4247 933 4307 in
954 4244 1143 4326 Euchologio
1166 4229 1317 4324 lepontur.
1370 4244 1472 4306 Verba
1501 4245 1538 4307 ad
1566 4245 1815 4327 significationem
1847 4244 1957 4308 Christi
1984 4245 2089 4308 lancea

722 4345 969 4422 transverberati,
993 4350 1023 4406 et
1046 4342 1111 4404 aliis
1134 4343 1287 4424 suppliciis
1311 4342 1435 4404 lacerati
1466 4342 1638 4424 reserenda,
1663 4345 1827 4408 Germanus
1859 4344 2030 4407 Patriarcha
2057 4353 2089 4407 et

721 4446 771 4508 alii
800 4445 954 4529 Liturgiae
982 4442 1173 4524 expositores
1201 4450 1366 4520 testantur,
1396 4450 1427 4504 et
1457 4440 1524 4506 lose
1554 4445 1685 4525 Symeon
1715 4443 2003 4507 Thessalonicensis.
2048 4443 2089 4506 ht

721 4544 801 4626 Syri,
824 4554 856 4608 ut
879 4547 968 4608 etiam
991 4543 1139 4625 Coptitae‚
1163 4563 1247 4607 osum
1270 4533 1387 4628 λόγχης
1408 4564 1469 4608 non
1491 4544 1613 4625 hahent,
1635 4562 1736 4624 neque
1761 4543 1841 4605 illius
1864 4543 2004 4605 indicium
2033 4561 2091 4606 oc-

721 4646 824 4708 currit.
867 4645 1024 4725 hlysticam
1046 4629 1295 4726 significationem
1317 4650 1502 4728 agnoscunt,
1531 4645 1585 4707 scd
1609 4663 1674 4707 eam
1696 4643 1770 4705 satis
1801 4643 1927 4723 exprimi
1953 4641 2089 4724 judicant

720 4762 777 4825 per
799 4743 885 4824 panis
907 4742 1093 4821 fractionem,
1115 4750 1176 4806 tum
1198 4747 1322 4826 primam
1345 4763 1423 4825 quae
1451 4743 1511 4806 hoc
1541 4743 1609 4806 loco
1633 4745 1675 4822 lit,
1698 4761 1766 4804 cum
1788 4742 1875 4822 panis
1898 4742 1929 4802 in
1950 4741 2089 4822 particu-

720 4842 765 4905 las
788 4841 911 4920 fractus,
936 4842 1020 4906 disco
1043 4845 1216 4924 imponitur:
1241 4851 1302 4906 tum
1324 4844 1486 4907 secundam
1509 4862 1587 4924 quae
1610 4843 1641 4905 fit
1664 4850 1733 4905 ante
1757 4840 2004 4904 communionem.
2044 4838 2088 4902 lta

674 4985 679 4996 .
720 4941 836 5003 scilicet
859 4940 1029 5022 intelligunt
1049 4941 1144 5005 verba
1167 4940 1289 5022 Christi,
1311 4951 1343 5006 ut
1372 4945 1402 5006 iu
1431 4943 1575 5028 Liturgiis
1603 4943 1788 5018 referuntur,
1810 4939 1876 5004 Hoc
1905 4946 1952 5002 est
1978 4955 2089 5018 corpus

721 5059 818 5100 meum
840 5041 920 5121 quod
938 5059 996 5120 pro
1017 5043 1105 5104 volis
1123 5042 1288 5123 fronpitor,
1310 5043 1400 5123 idque
1425 5044 1522 5124 ipsum
1544 5043 1745 5127 significasse,
1769 5059 1834 5104 cum
1856 5057 1965 5121 panem
1987 5035 2087 5119 fregit.

723 5137 797 5200 Com
815 5138 919 5220 [repit
941 5140 1037 5222 inquit
1058 5142 1220 5223 Dionysius
1242 5141 1399 5222 Barsalibi,
1422 5145 1454 5205 in
1475 5145 1616 5226 mysterio
1639 5143 1823 5224 sipnificooit
1843 5139 1941 5218 nobis,
1960 5139 2089 5219 parato-
