4730 6038
661 675 1353 758 tucontotutvtrt
1615 671 1691 748 339

424 872 585 966 Popntm.
639 869 782 942 Etcum
810 871 926 964 spiritu
951 876 1019 939 tuo.

423 987 603 1060 Diaconos
629 987 713 1056 dicit
741 984 959 1055 catholicam.
1013 985 1134 1057 lterum
1162 993 1262 1078 atqcue
1288 987 1417 1070 iterum,
1445 990 1508 1054 eto.

324 1297 499 1369 Sacerdos
523 1299 638 1388 sipout
663 1301 697 1365 ot
725 1299 860 1389 sucepit
886 1295 1061 1383 Oblatum,
1098 1301 1132 1366 ct
1163 1316 1245 1364 moe
1277 1293 1362 1362 dicit
1389 1290 1586 1362 Orationem
1612 1294 1693 1360 onte

602 1425 605 1436 ’
881 1413 983 1486 Pater
1009 1422 1135 1485 noster.

431 1615 523 1686 Deus
562 1613 662 1686 Pater
697 1625 834 1700 sancte‚
868 1623 913 1685 'et
945 1617 1000 1709 qui
1039 1618 1248 1688 sanctitatem
1285 1612 1419 1704 largiris
1452 1609 1603 1698 Sanctis3
1639 1611 1695 1703 qui

115 1818 126 1846 ·
186 1826 189 1832 ι
327 1735 424 1805 etiarn
452 1728 664 1804 sanctificasti
699 1754 763 1804 nos
796 1753 858 1825 per
884 1734 1090 1804 sanctitatem
1117 1753 1203 1826 quae
1230 1754 1250 1801 a
1276 1739 1310 1800 to
1339 1738 1408 1812 est„
1443 1749 1505 1823 per
1534 1728 1694 1816 unigeni-

326 1861 393 1922 tum
421 1859 582 1936 sanctum,
609 1851 664 1942 qui
691 1871 710 1918 a
739 1858 771 1918 te
798 1850 930 1939 genitus
958 1857 1010 1920 est
1043 1848 1085 1921 ab
1114 1856 1272 1934 aeterno,
1300 1853 1333 1916 ct
1357 1867 1426 1917 non
1452 1841 1694 1938 temporaliter:

329 1967 383 2059 qui
410 1974 518 2035 tecum
546 1963 711 2050 adoratur,
740 1973 774 2034 et
799 1961 1003 2056 glorificetur
1030 1962 1288 2036 substantialiter
1315 1957 1492 2033 amillibus
1518 1969 1552 2029 et
1579 1958 1696 2029 decem

327 2077 470 2150 millibus
506 2081 730 2174 incorporeis:
768 2083 823 2173 qui
855 2077 955 2151 homo
990 2079 1099 2151 lactus
1131 2090 1183 2152 est
1216 2101 1261 2150 ex
1294 2079 1457 2170 genitrice
1489 2075 1554 2148 Dei
1588 2074 1696 2145 Maria

330 2197 477 2286 conjugii
504 2203 663 2288 experte,
695 2193 887 2266 naturaliter
918 2205 952 2266 et
983 2195 1221 2293 personaliter,
1256 2191 1382 2288 absque
1408 2191 1474 2264 ulla
1499 2193 1695 2263 mutatione:

330 2313 383 2406 qui
416 2321 627 2383 sacramenta
661 2311 744 2384 hoec
784 2311 953 2384 odoranda
994 2323 1028 2383 et
1059 2312 1195 2383 vivifica
1233 2308 1332 2382 nobis
1366 2308 1629 2397 commendavit,
1663 2315 1698 2378 et
1747 2321 1752 2336 ·

330 2431 512 2500 orationem
538 2426 623 2498 hone
649 2439 821 2523 paternam
848 2428 890 2500 ad
917 2439 962 2516 te,
989 2428 1199 2508 docuitnos.
1252 2425 1305 2498 Tu
1330 2429 1431 2517 igitur
1447 2435 1602 2518 tanquam
1623 2423 1696 2494 Pa-

329 2555 381 2616 ter
406 2543 546 2615 liliorum
578 2566 712 2632 amans‚
746 2554 881 2640 praesta
913 2544 1011 2617 nobis
1045 2554 1080 2616 ut
1115 2547 1216 2617 simus
1251 2540 1309 2614 tibi
1342 2541 1415 2630 lilii,
1450 2541 1540 2633 digni
1565 2544 1698 2612 nomine

330 2669 386 2732 tuo
414 2669 546 2732 saneto:
574 2659 629 2731 filii
655 2659 797 2756 perfecti
824 2659 1041 2756 adimplentes
1069 2659 1273 2733 voluntatem
1299 2669 1387 2731 tuam
1415 2667 1450 2729 et
1476 2656 1697 2730 observantes

331 2784 510 2871 praecepta
538 2786 609 2847 tua:
636 2785 672 2847 ut
698 2800 772 2847 cum
799 2775 940 2849 revelati
974 2776 1085 2850 vultus
1112 2777 1230 2849 tiduoin
1257 2775 1362 2871 qualis
1388 2775 1473 2850 tilios
1501 2775 1613 2863 decet,
1639 2775 1697 2844 in-

332 2913 492 2964 vocemus
524 2901 576 2981 te,
613 2893 704 2964 Deus
740 2890 840 2964 Peter
876 2892 1031 2966 coelestis
1066 2901 1099 2964 et
1131 2901 1266 2983 sancte,
1301 2914 1435 2966 oremus
1468 2902 1502 2964 et
1533 2892 1697 2964 dicemus:

331 3008 431 3080 Pater
456 3016 572 3080 noster
599 3012 654 3102 qui
681 3031 719 3080 es
746 3011 779 3079 in
806 3007 921 3083 coelis.

434 3123 597 3218 Populus.
650 3122 901 3214 Sanctificetur,
929 3135 1003 3198 etc:

435 3239 620 3313 Sacerdos.
671 3239 772 3311 Pater
798 3251 924 3329 sancte,
952 3245 1006 3336 qui
1035 3241 1126 3316 hona
1152 3241 1325 3314 voluntate
1351 3252 1406 3314 tua
1435 3250 1468 3312 et
1493 3263 1555 3336 per
1580 3239 1699 3312 Filium

332 3355 514 3428 namnetem
542 3366 631 3428 tuum
657 3357 796 3448 largitus
823 3379 861 3428 es
888 3357 997 3446 nobis,
1024 3369 1060 3429 ιιι
1085 3357 1141 3430 lilii
1168 3360 1213 3429 tui
1239 3379 1441 3429 vocaremur
1469 3359 1697 3452 pergratiam

334 3484 438 3544 tuam:
472 3472 597 3545 ideirco
625 3473 843 3567 deprecamur
870 3484 903 3544 te
934 3482 970 3544 ut
996 3474 1115 3567 dignos
1142 3474 1263 3547 efficias
1290 3495 1353 3545 nos
1381 3494 1497 3545 omnes
1525 3476 1699 3546 sanctitate

333 3591 473 3663 nominis
508 3593 552 3660 tui
587 3599 620 3660 et
652 3610 759 3680 regno
793 3599 848 3660 tuo
882 3599 1040 3677 aeterno,
1074 3589 1338 3686 liberationeque
1374 3613 1394 3662 a
1421 3589 1586 3681 maligno,
1619 3598 1653 3661 et
1680 3613 1699 3662 a

335 3705 568 3777 tentationibus
595 3703 770 3796 gravibus,
797 3707 872 3800 quia
900 3717 988 3778 tuum
1015 3716 1068 3780 est
1093 3729 1233 3800 regnum
1260 3717 1295 3779 et
1321 3706 1539 3795 excellentia,
1572 3713 1606 3776 et
1630 3728 1700 3801 po-

333 3824 434 3893 tentia
467 3831 502 3892 et
540 3821 628 3908 lons,
662 3830 697 3892 ut
732 3824 828 3893 etiem
869 3825 1027 3916 unigeniti
1057 3815 1136 3897 Filii
1171 3829 1233 3916 tui,
1273 3836 1309 3897 et
1340 3826 1482 3921 Spiritus
1516 3825 1561 3894 tui
1595 3823 1701 3892 saneti

334 3959 432 4016 nunno.
459 3949 522 4010 etc.

438 4054 600 4147 Populos.
652 4054 772 4126 Amen.

439 4169 621 4242 Sacerdos.
676 4169 758 4240 Pax.

440 4285 600 4378 Populus.
654 4283 699 4356 Et
725 4309 799 4358 cum
825 4289 938 4382 spiritu
965 4297 1032 4359 tuo.
1127 4271 1129 4276 ⁵

441 4400 627 4473 Diocomm.
681 4401 804 4474 Coram
831 4402 975 4474 Domino
1003 4412 1065 4475 ete.

440 4517 601 4610 Populus.
655 4516 779 4590 Corum
806 4531 848 4591 te.
1646 4616 1660 4622 ,

440 4631 623 4705 Sacerdos.
678 4635 802 4709 Coram
835 4639 980 4732 potentia
1016 4640 1197 4730 majestatis
1232 4648 1311 4708 tuae
1342 4637 1485 4708 Domine
1510 4633 1703 4708 inclinamus

338 4749 425 4823 colle
451 4760 580 4838 nostra„
607 4761 641 4821 et
667 4773 740 4824 oum
767 4752 925 4848 lacrymis
953 4756 1169 4847 suspiriisque
1202 4752 1420 4848 deprecamur
1445 4760 1496 4839 te,
1522 4761 1558 4823 ut
1584 4753 1704 4844 dignos

339 4866 460 4938 efficias
487 4887 549 4938 nos
578 4871 789 4962 susceptione
816 4871 1049 4966 mysteriorum
1075 4871 1213 4941 istorum
1241 4877 1442 4958 sanctorum,
1469 4878 1504 4941 et
1523 4870 1705 4942 vivifican-

339 4985 609 5078 tiun1‚corporis
636 4993 670 5054 et
695 4987 865 5079 sanguinis
898 4988 1058 5077 unigeniti
1091 4984 1166 5056 Filii
1192 4986 1255 5072 tui,
1282 4995 1316 5056 et
1343 4986 1409 5056 sint
1435 4984 1477 5056 ad
1493 5057 1495 5062 ,
1510 4981 1608 5056 nobis
1635 5004 1704 5054 ex-

340 5101 518 5194 piationem
546 5097 756 5192 delictorum,
791 5105 1020 5177 remissionem
1053 5111 1289 5198 peccatorum
1322 5109 1356 5172 et
1386 5103 1489 5174 vitam
1517 5110 1705 5173 aeternam:

387 5237 473 5282 Tomos
487 5239 509 5280 v.
1449 5218 1500 5294 46
