4782 6068
749 645 824 720 ato
1059 703 1064 716 .
1183 647 1687 729 blssnstntlo

745 829 935 926 Liturgiam'
956 833 1149 931 reliquisse,
1185 857 1284 908 nemo
1317 845 1414 909 autor
1439 837 1578 912 idoneus
1604 840 1785 910 memoriae
1811 837 1964 935 prodidit.
2016 837 2113 910 Unde

745 951 927 1023 verisimile
954 961 1006 1026 est
1032 973 1078 1023 ex
1104 953 1272 1025 nominum
1307 953 1525 1026 similitudine
1549 954 1709 1051 deceptos
1737 951 1908 1028 Censores
1935 954 2113 1028 Lusitanos

745 1065 864 1154 fuisse,
891 1077 947 1139 aut
973 1069 1126 1140 extitisse
1151 1069 1184 1138 in
1210 1065 1373 1142 Ecclesiis
1399 1067 1613 1142 Malabaricis
1640 1069 1774 1144 codices
1802 1073 1858 1167 qui
1882 1069 2023 1144 Diodori
2045 1092 2114 1142 no-

747 1204 824 1254 men
849 1181 924 1254 huic
951 1181 1079 1271 Officio,
1106 1181 1276 1256 Theodori
1300 1183 1378 1258 loco
1405 1185 1624 1278 adjunxerint.

474 1311 563 1366 nuda
580 1310 658 1366 emer
680 1312 734 1365 rte-
850 1299 925 1372 XV.
952 1299 988 1371 In
1016 1323 1056 1372 ea
1084 1299 1410 1373 animadvertendum
1438 1311 1501 1391 cst,
1527 1305 1589 1376 vix
1615 1312 1734 1375 extare
1760 1301 2051 1399 quidquamquod
2073 1301 2114 1374 ad

424 1400 577 1452 '¹⁰‘¹⁸¹¹¹⁵¹¹¹i
594 1406 676 1451 ’Μ’
745 1415 981 1489 Nestorianam
998 1415 1152 1489 haeresin
1172 1416 1399 1490 insinuandam
1417 1422 1590 1513 pertineat,
1618 1419 1706 1514 quod
1724 1422 1814 1492 circa
1831 1422 1968 1515 primam
1988 1416 2113 1491 obser-

745 1533 911 1606 vavimus.
948 1531 1047 1618 ouon
1073 1535 1102 1606 si
1128 1532 1183 1605 ubi
1209 1533 1255 1644 B.
1275 1531 1405 1605 Mariae
1431 1534 1581 1627 Virginis
1607 1538 1731 1608 mentio
1757 1535 1810 1625 fit,
1836 1558 1903 1607 non
1931 1533 2115 1631 appellatur
2160 1591 2165 1600 ,

744 1649 922 1742 Deipara,
949 1652 1066 1721 mirum
1093 1670 1264 1722 essenon
1291 1647 1408 1740 debet,
1435 1673 1510 1724 cum
1536 1659 1613 1723 ante
1638 1649 1843 1748 Ephesinum
1870 1650 2053 1723 Concilium
2080 1649 2113 1720 id

744 1763 835 1854 fieri,
861 1768 1060 1861 praesertim
1086 1767 1119 1836 in
1146 1762 1285 1860 publicis
1311 1763 1466 1860 precibus
1493 1790 1561 1839 non
1587 1766 1727 1840 soleret:
1754 1789 1879 1862 neque,
1913 1775 1949 1837 ιιι
1979 1769 2012 1836 in
2040 1765 2112 1838 aliis

744 1882 902 1977 privatis,
938 1892 994 1953 aut
1020 1903 1106 1976 quae
1132 1879 1176 1952 ad
1203 1880 1317 1955 Ollinia
1343 1892 1504 1956 nocturna
1531 1894 1564 1957 et
1591 1884 1707 1955 diurna
1732 1883 1941 1957 Nestorianis
1976 1885 2111 1979 propria

745 1995 957 2088 observatur,
984 1996 1137 2069 affectata
1162 1996 1217 2070 illa
1240 1995 1464 2093 christiparae
1488 1998 1724 2089 denominatio,
1751 2023 1836 2096 quae
1857 1997 2112 2071 Nestorianismi

744 2122 823 2186 nota
849 2122 943 2184 certa
969 2122 1040 2185 est:
1062 2123 1161 2209 atque
1187 2113 1264 2186 inde
1290 2125 1440 2189 vetustas
1472 2117 1567 2189 istius
1597 2114 1770 2208 liturgiae
1800 2138 1867 2188 non
1899 2114 2112 2188 mediocriter

744 2227 915 2303 stabilitur.

456 2349 540 2414 vasa
555 2359 731 2417 cassaren-
847 2345 937 2446 XVh
963 2343 1029 2417 Ubi
1055 2344 1161 2418 verba
1190 2343 1313 2418 Christi
1339 2350 1588 2419 consecratoria
1614 2347 1819 2438 referuntur,
1844 2346 1953 2420 forma
1980 2346 2110 2420 illorum

421 2449 812 2587 1ἓόῗὲῗὲὴῑῑῑῂ“““(ῑ“ί”ιιοιι
838 2461 964 2534 recedit
990 2460 1032 2534 ab
1063 2485 1104 2534 ea
1137 2485 1234 2556 quam
1268 2485 1385 2536 omnes
1419 2461 1594 2557 Liturgias
1628 2463 1815 2537 Orientales
1848 2474 2111 2560 repraesentant,

529 2550 567 2586 Μ’
744 2589 779 2650 et
804 2601 846 2650 ea
874 2603 960 2675 quae
985 2577 1126 2652 babetur
1150 2583 1184 2650 in
1218 2576 1346 2652 Codice
1376 2579 1490 2668 Eliae,
1523 2590 1558 2651 ιιι
1591 2581 1624 2652 in
1658 2578 1762 2652 altero
1797 2580 1873 2654 Isae
1904 2579 2109 2653 Sacerdotis.

744 2692 813 2767 Sed
841 2698 937 2767 ctiam
964 2698 1010 2768 ita
1037 2699 1192 2791 scriptam
1217 2694 1323 2768 fuisse
1349 2698 1382 2768 in
1410 2696 1600 2786 codicibus,
1634 2718 1719 2790 quos
1746 2706 1879 2768 secutus
1907 2705 1959 2767 cst
1984 2695 2109 2792 Joseph

742 2810 957 2899 Patriarcba,
992 2836 1038 2885 ex
1069 2814 1141 2905 ejus
1175 2812 1369 2910 apographo
1404 2815 1605 2907 agnoscitur.
1664 2811 1708 2884 Et
1743 2811 1830 2908 quod
1863 2815 1970 2902 magis
2005 2811 2109 2885 adbuc

742 2931 855 3001 mirari
882 2929 981 3020 subit,
1006 2929 1179 3002 lnvocatio
1204 2927 1346 3025 Spiritus
1373 2932 1479 3003 sancti
1505 2949 1606 3024 super
1625 2928 1866 3001 Eucharistiam
1891 2927 2008 3017 vorbis
2030 2927 2107 3002 Do-

741 3046 870 3116 minicis
897 3055 1139 3135 consecratam,
1166 3054 1202 3116 ιιι
1227 3066 1348 3141 panem
1374 3055 1407 3118 et
1433 3044 1570 3118 calicem
1596 3043 1699 3117 faciat
1718 3067 1839 3141 corpus
1860 3054 1894 3116 et
1913 3047 2108 3136 sanguinem

743 3159 866 3234 Christi
892 3161 1035 3252 Domini,
1061 3166 1094 3233 in
1122 3161 1242 3234 codem
1268 3160 1432 3253 leguntur,
1458 3171 1494 3234 ut
1520 3163 1553 3232 in
1580 3161 1654 3234 abis
1680 3161 1861 3247 codicibus,
1889 3182 2029 3255 quorum
2053 3160 2107 3231 id-

743 3279 834 3350 circo
861 3277 945 3350 fides
971 3281 1089 3362 vocari
1116 3279 1149 3348 in
1176 3275 1307 3350 dubium
1334 3299 1403 3350 non
1428 3285 1548 3372 potest.

455 3393 487 3494 ll}
503 3395 579 3447 etiam
597 3392 729 3494 invocatio
845 3391 950 3466 XVII.
976 3393 1068 3465 idem
1095 3393 1295 3468 observatur
1321 3395 1354 3465 in
1380 3392 1530 3486 Liturgia
1556 3397 1653 3466 tertia
1680 3416 1765 3489 quae
1789 3391 1946 3465 Nestorio
1974 3392 2107 3466 adscri-

419 3479 527 3548 ΕΜ
544 3487 633 3534 ”m
741 3509 848 3600 bitur,
887 3519 920 3582 et
954 3513 1048 3602 cujus
1079 3519 1114 3580 ιιι
1145 3508 1286 3584 Diodori
1325 3519 1359 3582 ct
1392 3508 1562 3584 Theodori
1595 3513 1755 3582 memoria
1790 3508 1978 3583 celebratur
2013 3507 2105 3580 titulo

740 3628 876 3700 Patrum
903 3623 1119 3698 Graecorum.
1178 3627 1214 3699 ln
1248 3649 1290 3698 ea
1322 3628 1442 3723 quippe
1474 3624 1585 3698 codex
1619 3624 1812 3722 aJosepho
1849 3627 2007 3722 scriptus,
2035 3624 2106 3697 aliis

740 3741 890 3837 perfecte
916 3741 1031 3815 similis
1058 3751 1127 3829 est,
1161 3751 1228 3814 tam
1254 3745 1345 3814 circa
1372 3741 1479 3844 verba
1505 3739 1730 3834 Evangelica,
1758 3764 1854 3837 quam
1881 3745 1972 3813 circa
1999 3741 2106 3814 luvo-

742 3863 904 3932 cationem
932 3862 1037 3931 sancti
1063 3856 1214 3955 Spiritus.
1266 3858 1347 3931 lndc
1373 3857 1533 3930 refellitur
1558 3857 1592 3929 id
1619 3858 1709 3953 quod
1734 3861 1767 3930 in
1794 3857 1924 3954 Synodi
1941 3857 2105 3954 Iliampc-

740 3996 844 4047 ranae
857 3971 1009 4045 Decretis
1035 3974 1167 4066 legitur,
1194 3978 1307 4048 varias
1333 3973 1439 4047 fuisso
1466 3974 1595 4061 multas,
1623 3984 1657 4046 et
1685 3996 1846 4046 erroneas
1872 3972 2001 4048 illorum
2020 3997 2105 4046 ver-

739 4088 857 4161 borum
866 4088 1004 4180 formas,
1018 4093 1050 4161 in
1063 4089 1275 4164 blalabaricis
1282 4089 1485 4163 Missalibus.
1512 4089 1667 4164 Varietas
1684 4093 1717 4162 in
1729 4093 1912 4188 primaevis
1927 4088 2106 4162 Codicibus

740 4209 795 4300 qui
821 4209 853 4277 in
881 4207 1123 4304 Mesopotamia
1150 4193 1385 4303 scripti'sunt,
1411 4206 1499 4280 nulla
1527 4216 1595 4296 est,
1621 4210 1685 4280 nisi
1713 4203 1818 4303 qualis
1844 4210 1930 4279 inter
1956 4204 2105 4279 Graecas

731 4322 867 4398 ‚diversi
892 4327 974 4398 ritus
999 4322 1167 4417 Liturgias
1194 4322 1482 4396 animadvertitur:
1519 4334 1552 4396 et
1587 4322 1675 4419 quod
1708 4323 1764 4396 illa
1789 4322 1898 4396 forma
1924 4345 1991 4396 noa
2018 4321 2106 4396 foret

741 4439 874 4529 eadem,
910 4463 996 4536 quae
1029 4438 1200 4529 Romana,
1236 4438 1279 4510 ad
1311 4439 1408 4512 iidem
1443 4439 1627 4513 nallatenus
1663 4443 1814 4536 pertinet
1857 4438 1953 4512 Unde
1981 4449 2105 4512 manera

740 4557 873 4630 omnino
900 4556 1095 4652 quibusdam
1123 4553 1314 4644 Catholicis,
1342 4559 1417 4630 sive
1445 4554 1688 4630 Chaldaeorum
1715 4559 1879 4653 supremis
1895 4555 2104 4631 Antistitibus

740 4673 930 4768 impingitur
956 4671 997 4746 ab
1024 4672 1149 4747 Alexio
1175 4672 1328 4745 Menenio
1357 4671 1445 4770 quod
1470 4673 1595 4746 formas
1621 4672 1696 4746 illas
1721 4675 1976 4746 immutaverint.
2022 4671 2106 4744 Nam

741 4787 957 4862 conformitas
992 4812 1066 4860 cum
1102 4788 1243 4861 Graecis
1278 4788 1439 4864 Ecclesiis
1482 4813 1615 4863 omnem
1646 4788 1710 4862 bac
1744 4791 1777 4861 in
1820 4798 1917 4885 parte
1948 4788 2104 4858 nodatis

741 4907 962 5001 suspicionem
990 4904 1146 4979 excludit.

453 5027 481 5082 ¹¹¹
500 5027 615 5100 usurpa
631 5029 745 5083 llum·
843 5021 909 5094 XV
910 5021 964 5094 lll.
991 5023 1028 5095 ln
1056 5022 1171 5094 eadem
1198 5020 1345 5094 Nestorii
1372 5009 1717 5114 Liturgia'singtdare
1746 5018 1898 5116 quiddam
1931 5017 2106 5091 observa-

419 5099 729 5226 ffenfflffilcfiffi
742 5148 805 5229 tur,
832 5140 922 5210 circa
948 5137 1089 5211 formam
1114 5139 1340 5212 Invocationis
1367 5136 1509 5235 Spiritus
1536 5140 1641 5212 sancti
1658 5136 1746 5234 quod
1763 5146 1841 5234 post
1859 5135 1981 5209 usitata
2000 5131 2107 5207 verba
