4804 6026
726 589 777 680 34
1231 605 1590 685 tutundit

724 781 940 870 DominoN.
967 792 1158 867 Patriarcha
1184 804 1302 868 nostro
1330 796 1429 867 etD.
1456 793 1498 866 N.
1524 791 1759 890 Metropolim,
1785 792 1988 887 reliquisque
2014 791 2098 926 Me-

713 903 888 1005 'tropolitis
916 918 950 981 et
975 908 1153 1006 Episcopis
1179 909 1380 983 venerandis
1406 912 1582 983 Dominum
1610 909 1869 1006 deprecemur

827 1024 1010 1097 Sacerdos.
1037 1028 1136 1099 Dona
1164 1026 1322 1100 ditissima
1350 1025 1491 1121 Spiritus
1521 1029 1566 1097 tui
1593 1028 1699 1100 sancti
1720 1023 1906 1097 concede'
1896 1027 1990 1120 ipsis,
2016 1026 2095 1098 Do-

724 1125 823 1212 mine
876 1140 1067 1234 Memento,
1100 1144 1260 1232 Domine,
1297 1152 1486 1216 sanctorum
1519 1140 1763 1238 Episcoporum
1798 1149 2010 1230 nostrorum,
2041 1143 2097 1235 qui

724 1255 822 1328 nobis
849 1266 942 1328 recte
968 1256 1109 1330 verbum
1135 1260 1287 1330 veritatis
1315 1256 1523 1352 dispensant,
1557 1260 1737 1352 praecipue
1768 1277 1852 1328 vero
1878 1256 1987 1328 Patris
2022 1257 2097 1328 Pa-

723 1381 809 1442 trum
837 1381 870 1442 et
896 1371 1110 1445 Patriarchae
1135 1377 1242 1448 nostri
1267 1373 1401 1445 Domini
1427 1371 1468 1444 N.
1495 1381 1530 1444 et
1559 1373 1693 1444 Domini
1719 1369 1760 1443 N.
1786 1370 1947 1466 Episcopi
1974 1376 2093 1462 nostri,

724 1509 799 1558 cum
825 1487 961 1582 reliquis
989 1489 1141 1563 onmibus
1158 1489 1336 1584 Episcopis
1353 1486 1569 1561 Orthodoxis.
1598 1484 1760 1559 Canitiem
1775 1489 1856 1583 ipsis
1870 1487 2097 1560 venerandam

724 1602 875 1674 concede
900 1604 1061 1676 Domine:
1089 1603 1197 1677 multis
1222 1609 1315 1677 antris
1328 1608 1422 1699 ipsos
1439 1625 1618 1694 conserva,
1634 1612 1813 1699 pascentes
1827 1601 1985 1698 populum
2007 1614 2096 1676 ιιιιιιιι

724 1741 800 1790 cum
832 1723 921 1790 omni
955 1724 1079 1816 pietate
1105 1731 1140 1792 et
1171 1723 1356 1792 sanctitate.
1383 1719 1573 1810 Memento,
1603 1720 1765 1809 Domine,
1791 1715 1998 1814 Presbyterii
2028 1719 2095 1791 bu-

720 1837 831 1926 jusce,
858 1846 892 1907 et
918 1841 1152 1931 quuscumque
1180 1837 1316 1908 alterius
1340 1834 1421 1907 loci:
1448 1836 1654 1907 Diaconatus
1679 1839 1714 1906 in
1741 1831 1890 1920 Christo,
1924 1839 2097 1938 omnisque

723 1954 895 2022 ministerii
930 1961 963 2023 et
999 1956 1105 2025 omnis
1142 1951 1275 2024 Ordinis
1310 1948 1552 2023 Ecclesiastici.
1584 1949 1773 2028 Memento
1801 1951 1912 2038 etiam,
1938 1950 2094 2040 Domine,

723 2071 951 2188 paupertatis
955 2089 1062 2155 meae,
1090 2072 1146 2162 qui
1172 2090 1226 2139 me
1252 2067 1331 2139 licet
1356 2067 1541 2158 indignum,
1568 2087 1697 2139 vocare
1729 2075 1840 2136 tamen
1866 2064 2020 2158 dignatos
2047 2091 2095 2140 es.

724 2183 855 2255 Delicta
877 2155 1062 2276 juventutis
1090 2205 1185 2254 meae
1213 2192 1247 2254 et
1273 2186 1478 2276 ignorantias
1506 2205 1600 2255 meas
1626 2205 1670 2253 ne
1696 2183 1903 2269 memineris,
1940 2180 2001 2255 sod
2032 2203 2096 2253 se-

723 2298 864 2369 cundum
891 2297 1127 2370 multitudinem
1154 2302 1402 2372 miserationum
1427 2308 1569 2388 tuarum,
1596 2306 1762 2371 memento
1785 2300 1851 2370 mei
1878 2308 1926 2370 tu:
1954 2299 2096 2371 sienim

723 2415 911 2507 iniquitates
932 2412 1186 2506 observaveris
1212 2416 1368 2505 Domine,
1380 2416 1533 2503 Domine,
1562 2418 1633 2511 quis
1660 2417 1785 2509 poterit
1810 2436 1925 2486 coram
1951 2424 1985 2486 te
2012 2435 2095 2485 sus-

723 2527 858 2599 tinere?
892 2529 978 2615 Quia
1005 2531 1091 2627 apud
1118 2541 1151 2602 te
1186 2535 1377 2627 propitiatio
1405 2540 1475 2604 est:
1509 2533 1609 2604 visita
1640 2553 1694 2602 me
1728 2537 1762 2602 et
1793 2527 1929 2625 purifica
1963 2551 2035 2620 me,
2061 2537 2097 2599 ιιι

722 2643 779 2716 ubi
806 2643 986 2718 abundavit
1012 2657 1204 2741 peccatum,
1231 2645 1277 2720 ibi
1305 2645 1551 2742 superabundet
1570 2651 1677 2740 gratia
1703 2656 1769 2717 tua.
1797 2641 1965 2715 Memento
1984 2649 2095 2736 etiam,

690 2775 696 2794 '
722 2761 878 2848 Domine,
905 2784 1021 2833 eorum
1048 2766 1103 2858 qui
1128 2765 1161 2833 in
1186 2763 1328 2836 vinculis
1351 2767 1467 2856 jacent
1493 2772 1550 2835 aut
1575 2759 1766 2835 carceribus
1792 2759 1992 2834 detinentur:
2020 2761 2096 2840 lra-

723 2879 935 2947 trumetiam
962 2887 1151 2950 nostrorum
1179 2881 1292 2973 quiin
1321 2878 1424 2952 exilio
1458 2887 1551 2951 sunt:
1586 2877 1804 2967 infirmorum,
1839 2885 1894 2947 aut
1927 2882 1983 2973 qui
2008 2876 2096 2948 male

724 2990 831 3064 allecti
867 3002 957 3066 sunt:
992 3017 1108 3066 eorum
1142 2999 1197 3090 qui
1234 3019 1254 3068 a
1288 2993 1456 3090 spiritibus
1488 2993 1662 3068 immundis
1696 2991 1905 3082 infestantur,
1933 3003 1989 3065 aut
2015 2996 2096 3086 agi-

712 3103 842 3179 tantur.
868 3109 1037 3182 Memento
1054 3114 1164 3200 etiam,
1189 3112 1343 3199 Domine,
1372 3115 1474 3202 aeris,
1499 3108 1660 3198 imbrium,
1676 3113 1775 3197 roris,
1802 3106 1967 3181 fructuum
1986 3120 2097 3181 terrae

724 3234 758 3296 et
785 3247 932 3298 coronae
958 3229 1046 3315 unni,
1083 3227 1171 3299 oculi
1203 3231 1291 3298 enim
1326 3229 1470 3300 omnium
1496 3230 1530 3298 in
1557 3237 1590 3298 te
1617 3235 1768 3323 sperant,
1804 3236 1836 3298 et
1868 3234 1904 3295 tu
1937 3223 1998 3297 das
2031 3224 2096 3296 illis

723 3362 838 3411 escam
866 3363 981 3414 eorum
1007 3344 1040 3412 in
1066 3350 1218 3437 tempore
1245 3353 1450 3438 opportuno:
1478 3346 1589 3436 aperis
1616 3351 1651 3414 tu
1677 3364 1808 3413 manum
1834 3351 1923 3413 tuam
1943 3339 2096 3414 omnibus
2182 3341 2188 3354 '

640 3481 643 3491 ¹
724 3455 948 3546 sufficientem,
976 3467 1010 3528 et
1034 3457 1153 3553 imples
1181 3480 1280 3539 omne
1307 3456 1428 3530 animal
1453 3455 1542 3530 bona
1568 3467 1623 3530 tua
1644 3456 1823 3530 voluntate.
1850 3455 2003 3528 Eteonos
2027 3477 2096 3527 oo-

724 3592 805 3641 cem.
831 3569 934 3667 llripo
960 3596 1024 3662 me,
1051 3574 1194 3648 Domine
1221 3576 1327 3663 Deus,
1356 3575 1397 3646 ab
1427 3578 1516 3647 omni
1543 3576 1714 3666 angustia,
1741 3576 1790 3644 ira
1818 3583 1853 3645 et
1879 3571 2096 3663 adversitate,

723 3685 766 3758 ab
803 3691 891 3759 omni
925 3688 1167 3764 machinatione
1204 3701 1239 3762 et
1271 3689 1535 3764 infestationibus
1570 3711 1809 3785 perversorum
1834 3687 2020 3776 hominnm,
2052 3689 2094 3762 ab

648 3818 654 3830 ¹
723 3807 813 3874 omni
839 3807 963 3899 impetu
990 3814 1024 3876 et
1048 3805 1207 3878 violentia
1242 3806 1458 3894 daemonum,
1496 3806 1538 3878 ab
1574 3807 1664 3877 omni
1695 3805 1797 3901 plaga
1832 3831 1852 3879 a
1885 3815 1919 3878 te
1949 3808 2096 3878 immissa

723 3919 878 4007 Domine,
906 3943 992 4015 quae
1018 3931 1233 4017 peccatorum
1259 3932 1449 3995 nostrorum
1477 3921 1690 3995 causanobis
1713 3919 1840 4008 accidit,
1868 3928 1902 3990 et
1928 3942 2096 3994 conserva

722 4055 786 4106 nos
820 4037 855 4106 in
888 4035 954 4107 lide
988 4035 1177 4109 orthodoxa
1211 4048 1245 4108 et
1279 4037 1520 4110 observatione
1557 4035 1787 4109 mandatorum
1827 4048 1973 4125 tuorum,
2010 4056 2096 4130 quac

724 4156 838 4222 sancta
866 4163 952 4240 sunt,
979 4161 1014 4223 et
1039 4153 1183 4242 vivifica
1209 4176 1273 4228 nos
1300 4176 1421 4248 nempe
1448 4162 1481 4226 et
1496 4175 1612 4226 omnes
1640 4157 1695 4249 qui
1712 4153 1804 4246 digni
1829 4153 1961 4226 luerunt
1979 4155 2095 4224 coram

723 4274 758 4336 te
785 4270 983 4356 consistere,
1010 4279 1044 4341 et
1070 4269 1191 4342 uberes
1220 4295 1240 4342 a
1276 4281 1309 4342 te
1335 4269 1580 4342 misericordias
1608 4279 1805 4365 expectmt3
1832 4274 1909 4365 quia
1942 4279 1976 4340 tu
2001 4268 2095 4340 Deus

721 4402 771 4470 es,
799 4385 855 4477 qui
880 4387 933 4455 vis
959 4386 1238 4458 misericordiam:
1266 4397 1299 4459 et
1325 4383 1383 4458 tibi
1410 4387 1552 4478 gloriam
1582 4385 1778 4500 referemus,
1806 4395 1869 4457 etc.

827 4483 988 4593 Populos.
1014 4505 1134 4575 Amen.

826 4617 901 4687 Pro
925 4617 1095 4710 fratribus
1119 4619 1277 4712 fidelibus
1302 4620 1489 4692 Diaconos.
1516 4620 1638 4691 lterum
1664 4625 1763 4714 atque
1788 4618 1906 4688 iterumn
1938 4639 2094 4691 comme-

724 4753 891 4806 moramus
917 4733 1039 4806 iratres
1065 4746 1200 4808 nostros
1226 4735 1355 4826 fideles,
1384 4735 1591 4810 Christianos
1618 4755 1732 4823 veros
1760 4735 1814 4828 qui
1831 4737 1922 4829 prius
1949 4755 2094 4807 monue-

722 4860 798 4921 runt
825 4859 859 4922 et
883 4854 1097 4944 injunxerunt
1120 4851 1219 4927 nobis
1252 4851 1386 4926 infirmis
1419 4861 1454 4924 et
1485 4835 1688 4939 imbellibus,
1722 4859 1758 4922 ut
1784 4871 1949 4924 memores
1977 4869 2095 4922 eorum

724 4987 875 5040 essemus
902 4969 936 5038 in
961 4965 1026 5038 hoc
1052 4973 1212 5063 temporis
1240 4969 1387 5042 articulo.
1419 4968 1464 5040 llt
1488 4990 1550 5063 pro
1576 4966 1640 5038 illis
1668 4969 1724 5061 qui
1751 4971 1840 5040 omni
1859 4988 1986 5061 genere
2013 4975 2093 5037 ten-

723 5086 883 5155 tationum
910 5092 944 5154 et
970 5082 1181 5158 afflictionum
1207 5089 1324 5160 vexati
1350 5094 1434 5160 sunt
