4728 6028
728 531 802 610 162
1108 536 1235 616 loono
1261 539 1303 615 IN
1332 538 1539 616 LITURGllll
1563 537 1672 616 PETRI
1695 540 1731 617 ll.

725 736 822 784 mma
844 722 925 802 qood
940 741 1001 802 pro
1022 721 1110 785 cobis
1128 721 1284 803 [κηρίων
1309 723 1342 786 in
1363 723 1569 788 remissionem
1591 730 1796 805 peccatorum,
1819 727 1990 790 continuam
2011 743 2089 790 coo-

720 819 833 900 junctis
856 821 1028 901 postremis,
1053 839 1120 882 cum
1141 820 1278 902 Accipite
1305 830 1336 886 et
1356 824 1519 898 comedite,
1547 824 1712 887 orationem
1739 823 1893 900 ellecerit,
1923 825 1974 907 qui
2002 843 2089 889 error

724 918 859 999 reliquos
882 919 1003 982 codices
1026 921 1210 1000 pervaserit:
1233 919 1263 982 id
1285 923 1398 1004 quippe
1420 922 1509 985 lacile
1532 922 1671 985 accidere
1693 931 1827 1004 poterat,
1850 925 1929 986 inter
1950 921 2088 985 homines

724 1032 784 1077 non
808 1011 994 1100 ‘theologiae
1016 1019 1116 1097 modo,
1140 1019 1195 1082 sed
1216 1021 1312 1099 ipsius
1342 1020 1463 1103 linguae
1492 1021 1658 1102 imperitos.
1704 1020 1914 1104 conjecturam
1936 1021 2013 1084 bano
2033 1021 2090 1084 tir-

725 1131 807 1176 mare
829 1125 967 1196 possunt,
990 1119 1110 1181 codices
1133 1135 1194 1180 non
1209 1119 1328 1201 quidem
1343 1120 1431 1183 valde
1443 1120 1567 1202 antiqui,
1590 1120 1645 1183 sed
1660 1122 1739 1202 apud
1751 1123 1846 1204 Syros
1867 1123 1951 1203 ipsos
1973 1119 2089 1201 scripti,

727 1230 784 1274 nec
807 1215 955 1277 emendati
978 1235 994 1278 a
1017 1216 1214 1281 llissionariis
1236 1226 1267 1280 et
1296 1220 1491 1295 censoribus,
1521 1238 1588 1282 oum
1610 1222 1730 1284 nomina
1757 1221 1978 1285 baereticonun
2009 1221 2090 1284 inter

724 1319 846 1375 sanctos
867 1315 1010 1396 referant,
1034 1325 1065 1379 et
1087 1316 1144 1380 alia
1168 1318 1338 1382 contineant
1369 1337 1430 1382 non
1452 1337 1559 1400 pauca,
1584 1337 1661 1401 quae
1685 1319 1848 1384 Catholicis
1876 1320 1999 1400 probari
2027 1337 2088 1382 non

725 1413 851 1490 possint.
897 1414 1015 1477 lllorum
1035 1417 1177 1497 judicium
1199 1418 1225 1479 si
1248 1417 1307 1479 tale
1329 1417 1446 1498 luisset,
1470 1417 1558 1500 quale
1580 1420 1751 1500 suspicatus
1775 1427 1822 1482 est
1843 1420 1971 1484 [landini
1992 1420 2089 1483 inter-

724 1527 807 1590 pres,
832 1511 869 1574 de
892 1513 1028 1593 ejusdem
1050 1514 1110 1579 loci
1133 1498 1341 1579 emendatione
1371 1535 1476 1598 parurn
1499 1516 1626 1581 luissent
1649 1519 1777 1604 solliciti.
1821 1518 1883 1582 lmo
1912 1538 2004 1581 unum
2030 1519 2088 1582 ha-

723 1607 839 1673 buirnus
862 1629 923 1674 non
946 1613 1063 1678 infimae
1092 1617 1250 1678 vetustatis
1278 1615 1308 1677 in
1336 1634 1394 1696 quo
1425 1617 1519 1680 verba
1548 1617 1596 1690 illa
1625 1619 1813 1694 reseruntur,
1842 1618 2088 1700 quemadmodum

724 1707 774 1769 illa
788 1709 827 1808 jn
849 1713 993 1776 versione
1016 1716 1232 1794 expressimus.
1277 1703 1428 1778 lntoctam'
1447 1717 1476 1778 in
1506 1716 1572 1779 aliis
1597 1716 1750 1781 codicibus
1774 1719 1956 1781 remansisse
1979 1735 2018 1781 eo
2039 1718 2088 1781 la·

725 1809 810 1872 cilius
833 1810 897 1888 luit,
921 1813 1002 1893 quod
1025 1814 1124 1876 rarior
1145 1815 1231 1876 istius
1253 1812 1409 1896 liturgiae
1422 1831 1503 1878 usus
1527 1823 1584 1880 est.

1047 2171 1050 2177 .
1121 2107 1156 2178 3.
1196 2108 1373 2180 lnoocotio
1399 2108 1551 2203 Spiritus
1575 2113 1696 2180 eoacti.

821 2315 852 2394 F
853 2343 972 2390 oauunn
1000 2326 1075 2390 haec
1104 2337 1137 2392 ut
1160 2348 1225 2393 eam
1252 2331 1501 2414 interpretatione
1529 2338 1634 2394 nostra
1664 2331 1885 2410 expressimus,
1916 2330 2029 2414 legitur
2057 2331 2088 2392 in

725 2427 886 2494 codicibus
909 2431 1045 2493 omnibus
1067 2431 1140 2496 blss.
1164 2451 1291 2515 quorum
1313 2436 1412 2498 nullus
1435 2453 1511 2511 eam,
1533 2441 1623 2515 prout
1645 2434 1676 2495 in
1698 2433 1829 2498 editione
1851 2433 1983 2507 Romana
2006 2432 2088 2517 legi-

724 2539 783 2609 tur,
807 2538 1033 2611 repraesentat:
1063 2549 1171 2614 nempe
1200 2542 1233 2596 ut
1255 2534 1402 2598 adventus
1429 2542 1460 2598 et
1489 2533 1612 2616 illapsus
1643 2533 1772 2614 Spiritus
1805 2534 1901 2596 sancti
1928 2532 1966 2595 ad
1991 2532 2089 2596 solum

643 2671 644 2674 ,
723 2627 851 2692 fructum
881 2631 1085 2712 perceptionis
1114 2633 1320 2698 Eucharistiae
1350 2637 1508 2716 pertineat.
1568 2633 1653 2708 Quae
1680 2631 1718 2696 de
1749 2631 1968 2716 significatione
1996 2633 2088 2715 ipsius

725 2728 879 2792 Orationis
902 2729 961 2793 dici
983 2730 1092 2810 solent,
1115 2750 1152 2795 ea
1182 2751 1250 2796 eum
1279 2734 1374 2798 lusius
1403 2734 1534 2797 innotis
1558 2731 1595 2794 ad
1617 2731 1766 2814 liturgias
1794 2731 1895 2795 Basilii
1923 2731 2087 2813 Copticam‚

725 2835 756 2891 ct
779 2827 932 2910 Syriacam
952 2828 1059 2894 Jacobi
1081 2834 1323 2912 exposuerimus,
1346 2850 1497 2915 reponere
1525 2847 1654 2894 necesse
1681 2848 1743 2894 non
1770 2838 1826 2894 est.
1876 2829 1963 2904 Quod
1992 2839 2089 2899 autem

725 2928 911 3006 paucissimis
933 2929 1034 3018 verbis
1057 2929 1209 2996 invocatio
1232 2935 1261 2995 in
1291 2932 1348 2995 hac
1370 2932 1505 3015 Liturgia
1528 2937 1662 3009 constet,
1694 2948 1760 2992 cum
1784 2931 1814 2993 in
1836 2929 1989 3012 plerisque
2012 2931 2089 3007 aliis,

725 3026 853 3088 maxime
875 3030 1053 3092 recentioris
1076 3029 1153 3109 aevi,
1176 3031 1269 3116 longe
1299 3031 1435 3112 pluribus
1457 3029 1585 3111 exprimi
1607 3029 1714 3106 soleat,
1736 3028 1933 3110 simplicitatis
1956 3037 1987 3093 et
2009 3031 2089 3092 anti-

725 3125 846 3206 quitatis
868 3135 1075 3216 argumentum
1098 3139 1155 3208 est,
1177 3130 1307 3194 tortasse
1329 3147 1390 3192 non
1414 3128 1670 3193 contemnendum.

1037 3425 1072 3496 tl.
1099 3426 1266 3498 Memento
1293 3425 1440 3498 Domine
1466 3425 1597 3543 Reponi
1620 3422 1779 3516 fidelium.

839 3631 933 3709 larun
956 3661 1077 3725 quoque
1100 3645 1238 3710 indicium
1269 3653 1327 3728 est,
1350 3647 1421 3709 licet
1452 3663 1512 3709 non
1545 3644 1634 3727 plane
1664 3651 1778 3707 certum
1808 3640 1991 3720 vetustatis‚'
2013 3661 2089 3724 quae

728 3746 964 3810 Christianorum
985 3747 1201 3828 imperatorum
1224 3748 1406 3830 temporibus
1429 3748 1562 3831 aequalis
1584 3748 1632 3812 sit.
1677 3746 1783 3826 Neque
1806 3753 1876 3807 tunc
1899 3744 1985 3808 aliter
2008 3747 2088 3810 orari

726 3853 847 3926 poterat
869 3853 920 3908 aut
942 3844 1070 3910 debebat
1091 3865 1149 3928 pro
1172 3847 1229 3910 illis
1252 3849 1436 3931 principibus
1465 3849 1516 3929 qui
1538 3847 1734 3911 Christianam
1762 3845 1942 3926 religionem
1962 3843 2089 3925 prolite-

726 3945 844 4010 bantur.
888 3945 1030 4008 Attamen
1052 3949 1196 4010 remansit
1218 3947 1248 4009 in
1271 3948 1371 4011 multis
1394 3947 1614 4011 recentioribus
1634 3944 1778 4028 liturgiis
1802 3946 1921 4026 antiqua
1944 3945 2001 4007 ista
2022 3943 2089 4007 ior·

725 4045 821 4120 mula,
856 4064 896 4107 ex
933 4046 1148 4109 consuetudine
1179 4054 1296 4109 vetusta
1333 4049 1432 4128 potius
1460 4065 1548 4129 quarn
1576 4065 1616 4108 ex
1645 4045 1723 4108 malo
1752 4043 1893 4123 oonsilio,
1925 4044 2005 4125 quod
2032 4043 2087 4106 sub

725 4141 867 4208 Barbaris
891 4145 1016 4209 dominis
1040 4147 1205 4209 consultori
1226 4147 1388 4227 pessimum
1409 4166 1479 4210 esse
1501 4147 1658 4228 potuisset.

814 4244 940 4326 Reliqua
961 4245 1034 4307 nibil
1055 4244 1165 4309 habent
1188 4245 1393 4327 obscuritatis,
1428 4255 1477 4309 aut
1499 4247 1633 4330 indigent
1661 4262 1741 4307 novo
1772 4242 1993 4306 Commentario
2021 4260 2087 4304 eum

728 4340 876 4423 pleraque
898 4345 1047 4426 explicata
1069 4347 1128 4408 sint
1151 4346 1189 4409 ad
1210 4346 1317 4410 iacobi
1339 4347 1511 4430 liturgiam.
