4730 6038
697 641 774 718 348
1199 643 1556 720 tttutttttt

694 839 731 901 ιιι
762 829 955 902 comedatur
993 829 1035 901 ad
1070 832 1294 926 expiationem
1327 829 1535 922 delictorum,
1574 830 1803 903 remissionem
1834 837 2060 926 peccatorum,

697 955 731 1016 et
757 948 860 1017 vitam
887 955 1065 1017 aeternam.
1272 945 1435 1039 Populus.
1487 947 1606 1017 Arnen.

797 1059 985 1132 Dinaeam.
1038 1059 1196 1133 Similiter
1222 1071 1256 1132 et
1282 1059 1418 1133 calicem
1445 1065 1537 1134 vitae
1563 1083 1660 1156 quem
1692 1070 1877 1158 temperate
1909 1063 2059 1136 miscue-

693 1185 747 1248 rat
780 1179 947 1269 genimine
979 1180 1057 1248 vitis
1091 1186 1126 1249 et
1160 1200 1264 1273 aqua,
1299 1180 1446 1272 accepit,
1487 1187 1520 1248 ct
1548 1180 1676 1270 gratias
1711 1181 1795 1270 egit,
1821 1178 1850 1266 †
1875 1175 2060 1266 benedixit,

693 1291 981 1380 'rsanctificavit3
1007 1299 1028 1375 †
1056 1292 1209 1388 deditque
1235 1296 1334 1364 etiam
1360 1293 1449 1364 illum
1483 1297 1644 1389 mysterio
1678 1315 1739 1366 suo
1775 1296 1925 1380 initiatis,
1960 1314 2059 1365 conr-

693 1408 927 1502 mendavitque
953 1409 1016 1480 illis
1043 1420 1079 1481 ut
1104 1431 1150 1482 ex
1177 1432 1219 1481 eo
1255 1431 1372 1481 omnes
1406 1413 1686 1482 communicarent
1719 1403 1915 1503 ‘quotque
1950 1413 1984 1480 in
2017 1431 2059 1481 eo

693 1523 783 1595 salus
809 1523 997 1598 bibentibus
1023 1525 1112 1597 illum
1139 1535 1231 1598 esset
1257 1524 1452 1613 declaravit,
1479 1549 1553 1598 cum
1580 1548 1623 1598 eo
1638 1536 1808 1598 uterentur
1823 1529 1857 1596 in
1876 1529 2059 1598 couscien-

692 1643 739 1712 tia
774 1663 873 1736 pura,
915 1641 957 1713 ad
992 1645 1217 1740 expiationem
1254 1641 1463 1730 delictorum,
1497 1646 1728 1716 remissionem
1762 1651 1994 1736 peecatorum,
2027 1651 2059 1712 et

693 1757 795 1827 vitam
823 1765 1000 1829 aeternam.

795 1872 957 1966 Populus.
1009 1875 1128 1946 Amen.

796 1987 981 2062 Sacerdos.
1038 1988 1201 2082 Adjunxit
1239 2011 1371 2084 quoque
1411 1987 1687 2075 admonitionem,
1728 1999 1762 2060 ct
1802 1987 2059 2061 declarationem

693 2105 827 2176 dicens:
854 2109 1126 2200 quotiescumque
1153 2108 1387 2201 mysteriorum
1414 2107 1593 2200 participes
1620 2105 1723 2190 eritis,
1749 2108 1942 2177 memoriam
1960 2128 2057 2178 mor-

692 2225 734 2294 tis
762 2229 796 2292 et
821 2226 1077 2295 resurrectionis
1103 2245 1201 2294 meae
1233 2221 1461 2310 celebrabitis3
1488 2219 1595 2292 donec
1621 2223 1764 2291 veniam.

794 2336 956 2430 Papulae.
1008 2338 1126 2412 Mortis
1153 2350 1248 2426 tuae,
1275 2341 1435 2425 Domine,
1462 2339 1654 2408 memoriam
1683 2337 1821 2426 agimus.

795 2451 978 2524 Sacerdos.
1030 2453 1140 2526 Etiam
1154 2457 1346 2540 nativitatis,
1372 2452 1563 2542 fasciarum,
1590 2455 1865 2543 circumcisionis,
1891 2454 2078 2551 baptismi„

694 2570 818 2656 crucis,
852 2569 1061 2664 sepulturae,
1092 2570 1360 2642 Resurrectionis
1395 2578 1429 2640 et
1458 2570 1678 2641 Ascensionis
1712 2573 1947 2665 mysteriorum
1980 2594 2058 2642 me-

692 2705 824 2772 mores,
849 2707 959 2780 aeque
984 2685 1080 2758 ullius
1108 2685 1216 2773 obliti,
1244 2685 1420 2758 adventum
1449 2707 1581 2780 quoque
1607 2693 1695 2757 ιιιιιιιι
1730 2688 1762 2755 in
1794 2685 1901 2778 gloria
1938 2709 2058 2779 magna

693 2810 922 2894 expectamus,
948 2806 981 2874 in
1008 2826 1074 2898 quo
1101 2825 1219 2875 omnes
1245 2801 1394 2874 homines
1421 2812 1455 2873 et
1479 2801 1633 2892 Angelos
1660 2805 1693 2872 in
1720 2825 1786 2874 uno
1812 2803 1941 2875 tbeatro
1969 2826 2057 2874 con-

692 2919 829 3006 stitues,
855 2915 1020 3012 bonisque
1046 2929 1080 2991 et
1106 2917 1200 2992 malis
1216 2918 1304 3013 quod
1314 2921 1437 3010 justum
1452 2926 1504 2990 est
1520 2917 1701 2989 retribues:
1728 2925 1908 3014 propterea
1929 2917 2057 2990 Eccle-

691 3033 742 3104 sia
770 3041 842 3126 tua,
879 3043 913 3104 et
943 3055 1031 3126 grex
1067 3045 1139 3108 tuus
1174 3035 1371 3130 deprecatur
1405 3044 1452 3105 te:
1487 3042 1520 3104 et
1552 3055 1613 3128 per
1645 3043 1678 3105 te
1711 3057 1751 3105 ac
1784 3044 1891 3107 tecum
1924 3035 2056 3107 Patrem

691 3158 782 3219 tuum
809 3146 937 3224 dicens:

796 3263 958 3358 Populus.
1010 3267 1183 3340 Miserere.

793 3376 977 3456 Sacerdos.
1029 3384 1102 3457 Nos
1129 3406 1270 3480 quoquc.

795 3499 983 3574 Diaconos.
1038 3503 1144 3590 Quam
1171 3501 1314 3574 timenda
1342 3509 1393 3571 est
1417 3497 1502 3572 baec
1528 3497 1617 3570 bora.

930 3840 1106 3913 Sacerdos
1131 3842 1215 3913 dicit
1242 3842 1496 3912 invocationem
1522 3840 1673 3934 Spiritus
1697 3843 1817 3911 sancti.

796 4046 863 4118 Per
887 4050 1119 4121 miserationes
1146 4048 1312 4120 naturales
1341 4047 1464 4142 tibique
1490 4051 1643 4145 proprias
1660 4047 1812 4132 Domine,
1841 4057 1875 4117 et
1900 4047 2054 4142 placabi-

690 4163 816 4236 litatem
842 4185 862 4234 a
890 4187 954 4258 qua
981 4169 1244 4258 cognominaris,
1271 4169 1362 4236 mitte
1388 4161 1586 4236 Paraclitum
1614 4163 1769 4258 Spiritum
1795 4165 1965 4254 veritatis,
2002 4171 2054 4262 qui

690 4289 853 4376 perpetuo
884 4274 899 4314 ⁰
933 4303 953 4352 a
986 4291 1019 4352 te
1044 4281 1197 4377 procedit
1228 4290 1261 4352 et
1296 4280 1426 4353 aFilio
1461 4302 1546 4373 quae
1582 4278 1787 4352 substantiae
1819 4290 1894 4351 sunt
1925 4286 2053 4379 accipit,

690 4394 926 4491 illabaturque,
959 4408 992 4470 et
1018 4403 1206 4493 requiescat
1232 4419 1333 4495 super
1357 4396 1422 4470 boc
1450 4395 1664 4485 sacrificinm,
1690 4395 1834 4490 illudque
1861 4399 2054 4488 sanctificet,

690 4533 800 4606 neque
825 4523 962 4609 propter
987 4526 1127 4611 peccata
1153 4538 1246 4603 mea,
1278 4517 1428 4610 privetur
1460 4511 1600 4609 populus
1631 4522 1704 4586 tuus
1732 4511 1820 4584 dono
1848 4523 1903 4585 tuo
1931 4513 2054 4589 divino.

794 4629 944 4700 Hecatae
969 4654 1095 4703 uacent.
1149 4630 1281 4703 Exaudi
1306 4653 1360 4701 me
1385 4629 1538 4703 Domine.

793 4743 955 4839 Papulae.
1008 4748 1114 4845 llyrie
1143 4749 1280 4822 eleison.

794 4859 977 4937 Sacerdos.
1031 4863 1076 4936 Ut
1101 4863 1156 4937 ille
1184 4869 1238 4959 qui
1265 4869 1370 4961 spirat
1396 4867 1541 4955 occulte,
1572 4877 1606 4940 et
1631 4868 1811 4962 requiescit
1835 4866 2052 4954 irrvisibiliter,

690 4999 810 5074 panem
838 4982 935 5052 istum
962 4981 1111 5078 perliciat
1142 4976 1155 5016 ⁷
1183 5005 1304 5077 corpus
1329 4982 1394 5054 Dei
1420 4986 1589 5056 incarnati.

793 5093 954 5189 Popalaa.
1005 5101 1127 5173 Amen.

2327 648 2333 741 l

2335 947 2337 990 l

2335 993 2336 1023 t
