4814 6060
711 548 788 622 480
1219 537 1579 617 uiuuuutt

714 739 769 832 qui
794 738 828 806 in
856 729 1059 820 carceribus,
1087 740 1143 803 aut
1162 731 1324 801 servitute
1342 727 1539 814 detinentur,
1566 721 1671 794 libera
1687 732 1721 794 et
1739 741 1922 795 conserva:
1948 716 2080 814 pluuias

713 850 920 938 benedictas,
947 857 980 920 et
1005 869 1102 920 rores
1125 844 1291 940 jucundas
1320 843 1361 916 ad
1387 843 1463 916 loca
1490 863 1577 936 quoe
1603 839 1667 912 illis
1693 838 1840 930 indigent
1866 839 1974 924 mitte3
2010 834 2079 906 be-

713 967 811 1040 nedic
837 986 983 1039 coronae
1011 966 1108 1050 anni,
1139 961 1323 1056 frugesque
1357 971 1390 1032 et
1415 952 1680 1054 i1·uctus}terme
1706 955 1902 1049 multiplica,
1935 955 2011 1047 quia
2047 961 2081 1022 tu

713 1079 879 1172 benignus
907 1102 945 1152 es
973 1091 1007 1151 et
1033 1090 1161 1152 amatur
1187 1077 1365 1168 bominum,
1392 1073 1682 1170 tibiqueggloriam
1710 1070 1887 1144 etlaudem
1904 1069 2079 1142 offerimus.

818 1196 978 1290 Populos.
1030 1185 1157 1267 Amem'

817 1313 993 1384 Sacerdos
1018 1311 1210 1382 inclinatos.
1262 1309 1314 1381 Sit
1339 1303 1506 1404 {memoria
1533 1306 1623 1378 bona
1650 1305 1691 1377 ad
1718 1303 1822 1376 altare
1855 1313 1944 1374 tunm
1976 1303 2082 1395 spiri-

714 1429 815 1528 tuale,
843 1426 1015 1522 coelisque
1042 1424 1225 1510 sublimius,
1253 1436 1287 1497 et
1313 1425 1355 1497 ad
1381 1425 1444 1497 hoc
1471 1427 1570 1496 etiam
1589 1445 1702 1496 coram
1731 1443 1796 1516 quo
1823 1429 1888 1493 stat
1912 1418 2081 1490 infirmitas

716 1569 804 1634 mea,
832 1557 968 1617 sauctae
995 1546 1164 1636 genitricis
1191 1541 1255 1613 Dei
1282 1540 1421 1630 Mariae,
1448 1541 1586 1613 loannis
1613 1541 1792 1634 Baptistae,
1821 1534 1979 1636 Stephani
2005 1536 2082 1630 pri-

661 1717 668 1723 .
715 1663 874 1754 mogeniti
901 1661 1086 1756 Martyrum
1113 1669 1146 1730 et
1173 1657 1413 1745 Diaconomm‚
1440 1655 1727 1742 Patriarcbarum,
1754 1654 1900 1741 Petrum,
1926 1649 2083 1745 Prophe-

716 1789 833 1862 tarum,
858 1775 1111 1871 Apostolorum,
1137 1776 1334 1871 Martprum,
1362 1773 1615 1862 Corriessomm,
1645 1783 1678 1844 et
1704 1772 1845 1852 omnium
1873 1769 2082 1852 Sanctorum,

716 1892 910 1966 dilectorum
937 1903 1076 1964 tuorum.
1129 1890 1231 1964 Effice
1257 1913 1320 1964 nos
1346 1892 1488 1963 Domine
1516 1892 1698 1961 imitatores
1724 1909 1853 1958 morum
1879 1884 2021 1972 illorum,
2048 1891 2083 1954 et

716 2031 777 2105 per
804 2012 972 2108 orationes
999 2029 1125 2094 eorum,
1153 2006 1248 2078 salva
1274 2030 1338 2080 nos
1366 2006 1407 2080 ab
1435 2005 1587 2078 omnibus
1613 2003 1697 2077 dolis
1713 2014 1746 2076 et
1760 2003 1906 2074 damnis:
1933 1999 2083 2072 concede

717 2128 815 2198 etium
832 2123 938 2204 ‚nobis
964 2127 1141 2218 petitiones
1168 2136 1313 2208 nostras,
1340 2147 1386 2196 ex
1412 2123 1567 2195 thesauro
1593 2132 1648 2194 tuo
1668 2121 1768 2218 pleno
1795 2119 1893 2191 bonis
1920 2116 2083 2191 omnibus.

821 2241 971 2312 Elcomm
1002 2262 1127 2310 ooccm.
1180 2240 1409 2336 suscipiantur
1446 2241 1705 2313 intercessiones
1733 2236 1927 2308 dilectorum
1952 2245 2084 2307 tuorum

717 2379 832 2431 coram
858 2358 1032 2448 majestate
1058 2366 1124 2444 tua,
1148 2357 1302 2444 Domine,
1331 2366 1468 2453 propter
1493 2379 1615 2428 nomeu
1641 2364 1728 2427 tuum
1756 2375 1912 2446 magnum
1939 2363 1972 2424 et
1997 2374 2085 2425 san-

718 2482 816 2562 ctum,
843 2471 931 2565 quod
957 2473 1146 2543 invocatum
1175 2482 1352 2568 estsuper
1378 2495 1451 2546 nos.
1489 2473 1631 2568 Propter
1658 2471 1911 2566 deprecationes
1938 2476 2084 2556 sanctas,

719 2598 753 2661 et
779 2588 1030 2661 obsecrationes
1057 2608 1173 2658 eorum
1199 2589 1350 2662 exaudiri
1377 2590 1506 2683 dignas,
1533 2593 1648 2685 aspice
1672 2609 1736 2660 nos
1762 2585 1859 2658 oculo
1886 2586 2083 2656 misericor-

722 2703 806 2790 diae,
835 2712 869 2773 et
895 2704 1028 2798 suscipe
1056 2706 1225 2776 orationes
1260 2717 1394 2778 nostras
1428 2705 1585 2797 infirmas,
1613 2715 1646 2776 et
1672 2702 1927 2778 obsecrationes
1951 2709 2084 2772 nostras

718 2817 945 2916 imperfectas:
973 2841 1039 2890 nou
1066 2820 1222 2915 repellas,
1248 2844 1357 2918 neque
1384 2823 1520 2895 avertas
1546 2822 1666 2894 faciem
1693 2832 1781 2892 tuam
1801 2843 1820 2890 a
1838 2815 1954 2890 nobis:
1981 2839 2024 2888 ne
2050 2819 2085 2886 in

719 2935 834 3009 furore
861 2935 1006 3008 declines
1034 2961 1055 3008 a
1082 2936 1200 3026 nobiS,
1232 2961 1342 3034 neque
1367 2942 1476 3024 inira
1500 2942 1646 3033 justitiae
1680 2937 1852 3034 disperdas
1885 2956 1958 3008 nos.
2010 2933 2084 3006 Nos

652 3090 654 3102 ·
721 3055 807 3124 enim
833 3052 951 3124 infirmi
977 3055 1011 3124 et
1036 3056 1136 3144 egeni
1162 3076 1236 3158 cum
1265 3055 1385 3145 simus,
1411 3078 1473 3151 per
1500 3057 1845 3128 commemorationem
1872 3051 2084 3138 Sanctorum,

721 3171 775 3263 qui
801 3189 864 3241 nos
890 3181 1159 3264 praecesserunt,
1187 3171 1346 3244 audemus
1382 3172 1424 3244 ad
1450 3181 1483 3243 te
1510 3171 1690 3260 accedere,
1725 3181 1759 3243 et
1784 3168 1946 3266 perficere
1974 3169 2085 3238 sacri-

721 3287 829 3357 ticium
856 3284 919 3357 hoc
947 3286 1149 3359 tremendum
1183 3298 1217 3358 et
1247 3288 1469 3376 metuendum,
1506 3288 1593 3384 quud
1629 3288 1818 3360 desiderant
1849 3283 1973 3376 Angeli
1998 3303 2085 3375 prc-

631 3399 633 3404 ’
722 3404 862 3497 spicere.
914 3401 1039 3474 Verum
1066 3404 1321 3501 perlacrymas
1353 3427 1426 3475 cum
1460 3427 1587 3478 summo
1614 3408 1738 3496 gemitu
1773 3407 1981 3496 coujunctaS,
2017 3394 2084 3465 de-

721 3538 895 3612 precamur
929 3527 976 3588 te:
1010 3518 1193 3592 secundum
1223 3520 1462 3616 beneplacitum
1490 3533 1591 3606 tuum,
1618 3522 1752 3616 posside
1777 3541 1856 3593 nas:
1891 3539 1953 3612 per
1985 3534 2085 3585 com·
2163 3582 2167 3590 .

722 3635 970 3706 miserationem
997 3644 1084 3706 tuam
1111 3636 1336 3730 parcenobis,
1363 3637 1450 3710 etab
1469 3637 1620 3711 omnibus
1636 3638 1837 3710 offendicudis
1855 3647 1888 3709 et
1898 3630 2085 3706 incursibus
2192 3706 2198 3715 ,

723 3746 894 3821 diabolicis
927 3747 1022 3820 salva
1057 3771 1128 3822 nos.
1196 3753 1330 3824 Dimitte
1362 3765 1500 3848 peccata
1531 3767 1659 3843 nostra,
1699 3767 1732 3828 et
1771 3753 1846 3826 dele
1880 3751 2085 3850 insipientias

723 3875 876 3955 nostras,
911 3863 1127 3961 deiectusque
1161 3877 1296 3942 nostros
1338 3869 1454 3943 abula:
1472 3919 1475 3932 ·
1495 3877 1628 3944 nomina
1661 3883 1775 3948 nostru
1810 3877 1843 3945 in
1878 3873 1962 3947 libro
1995 3876 2086 3943 vitae

725 3981 846 4069 scribe,
874 3991 908 4052 et
933 3981 1136 4055 inEcclesia
1149 3987 1444 4079 primogenitorum
1462 4011 1598 4062 numera
1624 4013 1698 4063 nos.
1753 3991 1929 4064 Ordinibus
1956 3995 2085 4086 piomm

725 4107 759 4168 at
781 4099 944 4188 justorum
970 4119 1111 4170 accense
1138 4122 1219 4191 n0s3
1252 4102 1437 4199 dignosque
1470 4105 1533 4178 nos
1566 4107 1658 4179 effice
1683 4118 1778 4204 parte
1806 4131 1919 4180 eorum
1947 4111 2001 4204 qui
2028 4107 2087 4178 di-

614 4289 615 4294 ,
724 4217 812 4286 vinis
838 4217 902 4285 tuis
930 4217 1097 4310 mysteriis
1116 4227 1200 4289 ‘sunt
1225 4219 1360 4308 initiati,
1392 4231 1426 4292 et
1454 4221 1542 4295 festo
1575 4235 1674 4319 atque
1708 4225 1830 4318 gaudio
1867 4248 1999 4308 eorum,
2032 4227 2088 4319 qui

726 4328 987 4424 adimpleverunt
1021 4331 1224 4406 voluntatem
1258 4323 1346 4407 tuam
1384 4336 1439 4408 fac
1473 4361 1536 4412 nos
1567 4341 1708 4436 perfrui:
1747 4353 1846 4437 atque
1882 4317 1918 4414 in
1947 4346 2088 4436 regione
2133 4365 2138 4378 ·

725 4443 871 4518 laetitiae
898 4457 931 4518 et
955 4443 1260 4546 voluptatislquam
1292 4459 1501 4548 praeparasti
1535 4461 1657 4529 sanctis
1683 4463 1746 4530 tuis
1780 4458 1921 4532 laetifica
1952 4481 2025 4546 nos,
2053 4469 2090 4530 ut

727 4583 802 4750 epup
828 4561 904 4751 igis’
930 4566 1015 4636 inter
1042 4586 1115 4656 eos,
1142 4572 1235 4640 etin
1270 4569 1455 4663 agminibus
1483 4595 1611 4665 comm,
1637 4573 1820 4649 referamus
1854 4577 1911 4650 tibi
1947 4576 2089 4669 gloriam

728 4700 747 4748 e
800 4701 841 4750 au
865 4702 927 4751 em.

832 4795 993 4889 Populos.
1043 4800 1162 4875 Amen.
1243 4815 1246 4828 '

832 4912 1007 4986 Sacerdos
1038 4916 1230 4990 inclinatus.
1302 4919 1387 4993 Cum
1429 4901 1561 5012 amore,¹
1607 4937 1771 5000 memento
1811 4931 1908 5000 etiam
1949 4931 2095 5003 Domine

729 5026 965 5123 Apostolorum
993 5041 1185 5106 sanatorum
1216 5035 1361 5132 Petrum,
1393 5037 1587 5131 Doctorum,
1618 5043 1805 5140 Pastorum,
1838 5057 2099 5143 sanctorumque
