4782 6068
711 601 715 618 ·
752 565 811 640 ΑΒ
845 560 1057 640 NESTORII
1088 559 1349 638 LITURGIAM.
1663 561 1738 636 635

370 750 400 814 in
423 747 567 814 Oratione
590 749 628 813 de
650 757 730 814 statu
751 747 956 811 Ecclesiarum
977 747 1006 808 iu
1030 743 1159 808 Graecia
1182 753 1212 808 et
1234 745 1321 840 Asia,
1352 765 1409 827 qua
1438 741 1646 810 lucubratione
1667 745 1740 810 nihil

370 848 500 914 fortasse
528 867 658 930 unquam
685 848 796 930 prodiit
825 846 943 924 falsius,
974 843 1122 906 indoctius
1145 851 1195 905 aut
1217 842 1367 908 inlautius.
1412 843 1452 909 At
1474 865 1514 908 ne
1535 845 1595 909 ulla
1617 845 1738 927 quidem

372 947 488 1012 Graeca
516 939 650 1032 L'iturgia
681 953 765 1010 caret
793 945 843 1008 illa
871 941 1011 1008 sacrificii
1034 945 1329 1023 commemoratione,
1353 963 1440 1025 quam
1463 946 1576 1027 pariter
1596 951 1738 1025 repetunt

369 1047 521 1111 multoties
544 1046 623 1128 Syri,
646 1044 795 1128 Coptitae‚
818 1042 996 1123 Aethiopes
1021 1061 1124 1106 omues
1147 1042 1267 1105 taudem
1289 1042 1460 1107 Orientales
1483 1045 1513 1106 iu
1536 1045 1608 1108 suis.
1633 1043 1735 1107 Grae-

371 1165 423 1210 cas
445 1149 667 1210 recentissimas
690 1146 893 1221 arbitrantur,
923 1141 999 1205 adeo
1022 1147 1054 1203 ut
1077 1149 1204 1204 aetatem
1227 1141 1342 1204 illarum
1366 1143 1402 1206 ad
1425 1143 1526 1205 Alexii
1548 1143 1740 1224 imperatoris

370 1252 498 1309 aetatem
521 1245 646 1308 llivetus
668 1241 869 1308 revocandam
891 1242 1052 1304 censuerit.
1083 1241 1195 1303 Verum
1216 1240 1413 1304 Nestoriauas
1436 1260 1514 1322 quae
1537 1241 1657 1305 Oriticis
1681 1243 1739 1308 illis

371 1345 497 1428 ignotae
520 1344 657 1422 luerunt,
687 1343 830 1425 majorem
860 1341 974 1422 aliquot
1002 1339 1135 1402 saeculis
1165 1339 1370 1420 antiquitatem
1399 1339 1511 1404 habere
1542 1343 1739 1405 certissimum

372 1452 429 1508 est.
461 1444 504 1506 lta
527 1444 618 1526 longe
640 1451 710 1505 ante
731 1441 924 1524 imaginarias
945 1439 1010 1502 illas
1024 1438 1172 1521 Epochas,
1196 1456 1270 1519 quas
1292 1439 1531 1502 Protestantihus
1553 1442 1603 1520 qui
1626 1440 1738 1502 similes

372 1551 495 1606 autores
518 1542 653 1606 studiose
678 1542 916 1622 exscripserunt,
939 1539 1122 1601 comminisci
1144 1537 1265 1618 placuit,
1289 1537 1460 1601 Nestoriani
1479 1540 1531 1619 qui
1544 1539 1580 1600 ab
1594 1538 1738 1621 Ephesini

372 1641 498 1720 Concilii
521 1650 666 1723 tempore,
690 1641 799 1703 nullam
822 1658 889 1702 cum
912 1637 1095 1701 Orthodoxis
1119 1635 1330 1716 Orientalibus,
1354 1637 1446 1699 multo
1469 1639 1565 1700 miuus
1589 1657 1656 1700 cum
1675 1637 1738 1700 La-

371 1743 441 1805 tinis
463 1743 700 1805 communionem
721 1739 898 1817 habueruut,
922 1737 1086 1801 doctrinam
1110 1734 1147 1798 de
1169 1735 1316 1799 sacrificio
1334 1736 1540 1800 Eucharistico
1564 1729 1736 1800 familiarem

370 1839 537 1919 habehant,
561 1849 592 1904 et
612 1839 696 1922 plebi
717 1840 796 1902 iuter
818 1854 972 1901 sacrorum
994 1831 1139 1899 solemnia
1160 1835 1358 1900 inculcabant.
1403 1835 1481 1899 Nihil
1505 1851 1597 1917 porro
1620 1835 1739 1918 simpli-

373 1941 436 2004 cius
459 1947 491 2003 et
513 1939 624 2002 clarius
647 1938 705 2001 hoc
727 1939 757 2000 in
779 1944 956 2019 argumento
979 1935 1038 1998 dici
1060 1942 1197 2016 poterat,
1221 1952 1307 2015 quam
1331 1953 1408 2016 quae
1430 1936 1533 2017 paucis
1556 1935 1613 1998 illis
1637 1936 1737 1998 verbis

374 2040 592 2121 exprimuntur.
637 2035 747 2101 Ollerri
771 2037 872 2100 dicunt
892 2035 1065 2098 Nestoriani
1088 2033 1277 2097 Oblationem
1299 2035 1397 2097 vivam
1420 2043 1452 2098 et
1477 2035 1668 2111 rationalem,
1697 2036 1737 2097 ita

373 2139 485 2220 quippe
507 2137 703 2219 rigidiuscule
725 2137 918 2216 interpretari
942 2141 1090 2216 praestat,
1121 2151 1209 2214 quam
1237 2134 1425 2197 accuratiore
1448 2141 1478 2196 et
1501 2135 1537 2197 ad
1560 2135 1738 2198 senteutiam

372 2238 486 2322 magis,
520 2255 606 2318 quam
637 2236 675 2299 ad
701 2237 766 2317 ipsa
789 2236 881 2297 verba
904 2234 1128 2297 accommodata
1150 2231 1415 2314 interpretatione,
1444 2232 1608 2296 calumniae
1638 2233 1738 2295 locum

373 2337 456 2402 dare.
478 2335 603 2399 llirihca
616 2336 694 2398 enim
708 2342 755 2397 est
771 2333 954 2396 eruditorum
976 2331 1170 2414 quommdam
1191 2331 1421 2395 Protestantium
1444 2333 1551 2416 religio
1574 2335 1603 2395 in
1627 2332 1736 2414 linguis

373 2434 576 2499 Orientalibus
594 2433 829 2516 'interpretandis
853 2452 893 2495 ex
915 2441 1015 2514 etymo
1040 2433 1140 2512 aliquo
1163 2429 1324 2507 Hebraico,
1346 2431 1426 2494 nulla
1450 2431 1486 2494 ad
1509 2431 1607 2495 stilum
1624 2431 1737 2494 Eccle-

373 2537 525 2598 siasticum
553 2534 654 2597 habita
680 2534 816 2611 ratione,
844 2549 860 2594 a
885 2550 945 2615 quo
972 2541 1072 2596 tamen
1094 2546 1203 2592 vocum
1225 2531 1262 2593 ad
1286 2531 1481 2614 Theologiam
1504 2533 1639 2614 ritusque
1661 2549 1737 2613 spc-

371 2637 512 2697 ctantium
534 2634 711 2717 significatio
734 2649 796 2694 non
817 2631 938 2694 aliunde
964 2630 1094 2712 petenda
1113 2636 1169 2694 est.
1201 2630 1270 2693 Vox
1281 2629 1405 2712 Syriaca
1427 2641 1546 2718 nsaht?
1564 2631 1736 2712 Kmohorro,

371 2734 551 2796 oblationem
573 2731 737 2813 significan
759 2738 792 2793 ut
814 2731 903 2794 etiam
923 2729 1135 2810 Sacrificium:
1159 2731 1200 2792 ita
1221 2731 1300 2793 verti
1321 2739 1423 2812 potest
1443 2729 1653 2810 Sacrificium
1676 2749 1737 2794 non

371 2831 468 2894 minus
496 2848 584 2911 quam
612 2829 741 2894 Oblatio.
786 2829 846 2894 Sed
868 2847 997 2892 necesse
1020 2847 1080 2892 non
1103 2837 1167 2908 est,
1199 2847 1265 2892 cum
1289 2847 1350 2893 vox
1372 2841 1491 2899 ΝΠΠἎἾ
1519 2829 1676 2894 Dchahhto
1699 2829 1737 2893 de

370 2949 428 3012 qua
452 2929 629 3014 ambiguitas
652 2928 733 2991 nulla
755 2936 803 2991 est
825 2927 959 2990 Graecae
975 2921 1082 2991 θυσία
1108 2928 1301 3008 respondeat,
1326 2937 1356 2992 et
1378 2930 1475 2992 statim
1498 2929 1683 3011 subjiciatur,
1707 2938 1737 2993 et

372 3027 404 3091 iu
427 3027 751 3109 Orationeprolixiori
774 3035 844 3109 post
866 3029 1062 3108 pronunciata
1086 3025 1196 3090 Christi
1219 3027 1311 3088 verba
1340 3027 1460 3110 legatur
1491 3029 1612 3090 iterum:
1652 3026 1737 3112 ⁰ff⁰.·
1812 3015 1816 3022 ’

370 3129 466 3190 fimus
487 3127 543 3190 tibi
563 3127 752 3206 sacrificium
774 3127 951 3202 hoccicam,
972 3134 1119 3205 sanctam,
1143 3125 1342 3204 acceptabile,
1360 3127 1556 3206 praeclaram
1578 3135 1608 3188 et
1628 3129 1736 3188 incra-

370 3233 477 3288 entam.
505 3226 618 3289 Dicunt
640 3243 716 3308 ergo
737 3225 920 3304 Nestoriani,
943 3225 1049 3288 ollerri
1066 3224 1131 3287 Deo
1144 3223 1325 3287 oblationem
1347 3225 1445 3287 vivam
1467 3231 1497 3287 et
1519 3226 1734 3305 rationabilem,

371 3313 501 3410 λογικὴν
523 3327 726 3406 minoem,
755 3326 795 3388 ita
825 3325 904 3387 euim
926 3343 988 3387 vox
1008 3325 1073 3406 ipsa
1096 3305 1198 3391 &5250
1220 3324 1347 3408 intelligi
1370 3322 1476 3402 dehet,
1506 3333 1539 3387 ut
1568 3344 1609 3388 ex
1637 3326 1735 3390 multis

370 3424 522 3488 versionis
538 3423 681 3506 Syriacae
704 3424 780 3488 locis
802 3423 1032 3488 demonstratur.
1068 3425 1109 3487 At
1132 3423 1251 3487 Oblatio
1273 3426 1344 3486 cica
1366 3431 1397 3486 et
1419 3425 1587 3504 spiritacdh
1606 3423 1736 3506 intelligi

372 3520 429 3584 alia
452 3539 512 3583 non
533 3531 644 3604 potest,
666 3541 754 3603 quam
773 3521 892 3604 Corpus
914 3524 1013 3586 vivum
1036 3521 1147 3586 Christi
1170 3523 1298 3598 Domini,
1322 3523 1402 3604 quod
1425 3521 1551 3584 oilertur
1572 3541 1633 3587 non
1660 3540 1735 3586 sen-

370 3619 512 3701 sibiliter,
542 3620 595 3683 sed
623 3622 829 3703 spiritualiter.
879 3623 1005 3685 Victima
1026 3624 1114 3686 etlam
1137 3639 1197 3684 nou
1218 3624 1373 3684 damiata
1394 3621 1516 3700 dicitur,
1545 3624 1614 3703 quia
1636 3623 1735 3686 sacri-

370 3717 469 3781 ficium
490 3721 675 3783 incruentum
698 3729 764 3798 est,
788 3722 900 3803 absque
924 3723 1078 3785 occisione
1096 3724 1252 3804 victimae,
1277 3739 1355 3802 quae
1376 3723 1445 3785 viva
1468 3730 1499 3785 et
1519 3722 1637 3804 integra
1659 3739 1735 3802 per-

370 3825 502 3882 severat.
546 3818 661 3881 Dicitur
682 3827 781 3883 autem
804 3818 923 3883 oblatio
941 3823 1145 3900 primitiaram
1167 3829 1352 3897 matronae,
1374 3822 1441 3902 quia
1461 3818 1597 3884 Christus
1619 3822 1735 3902 primo-

370 3917 491 3998 genitus
520 3919 615 3982 omnis
644 3928 816 3999 creaturae,
847 3918 954 3984 obtulit
976 3923 1130 4002 seipsum
1151 3921 1233 4000 Deo,
1262 3939 1318 4002 pro
1340 3921 1438 3984 saluta
1459 3920 1578 3984 humani
1598 3921 1733 4003 generis,

370 4035 463 4081 verus
492 4017 598 4095 homo,
627 4019 713 4082 nobis
742 4038 799 4101 per
827 4021 925 4084 omnia
954 4021 1057 4084 similis
1085 4020 1198 4098 lactus,
1228 4029 1358 4102 excepto
1386 4028 1524 4103 peccato.
1567 4019 1601 4082 ln
1628 4019 1733 4083 eadem

371 4117 507 4180 oratione
540 4135 597 4199 per
632 4119 726 4182 verba
754 4119 911 4200 sequeutia
941 4118 1135 4183 conhrmatur
1162 4121 1271 4183 eximie
1299 4127 1387 4184 vetus
1415 4119 1571 4183 Ecclesiae
1597 4119 1672 4183 iides
1695 4118 1733 4182 de

370 4216 555 4279 revelatione
585 4224 616 4280 et
638 4218 868 4281 annunciatione
890 4236 947 4299 per
967 4218 1133 4301 Prophetas
1155 4218 1234 4282 lacta
1256 4221 1400 4282 sacrificii·
1415 4217 1610 4300 Evangelici,
1639 4235 1734 4299 prae-

372 4315 461 4379 dicati
483 4334 539 4397 per
549 4315 726 4397 Apostolos,
749 4324 913 4399 martyrum
936 4319 1102 4382 testhnonio
1125 4318 1301 4398 confirmati,
1323 4318 1559 4400 quotidianoque
1581 4316 1735 4383 Sacerdo-

370 4421 432 4477 tum
453 4417 618 4480 ministerio
641 4417 796 4495 celebrati,
819 4435 835 4479 a
858 4417 980 4494 Levitis,
1003 4416 1060 4481 hoc
1076 4427 1122 4481 est
1132 4419 1271 4481 Diaconis
1283 4419 1402 4499 portati,
1427 4419 1495 4498 quia
1517 4417 1734 4480 Eucharistiam

371 4511 550 4577 distribuere
572 4533 677 4580 munus
699 4517 818 4580 illorum
841 4517 905 4597 luit,
929 4524 1036 4597 estque
1058 4518 1216 4580 etiamnum
1238 4519 1268 4579 in
1290 4516 1445 4598 plerisque
1465 4515 1610 4580 Ecclesiis
1622 4515 1735 4580 Orien-

370 4612 489 4676 talihus.
534 4613 724 4694 significatur
757 4617 846 4679 ctiam
876 4615 1002 4680 allectus
1034 4615 1235 4692 sacramenti,
1269 4633 1336 4678 cum
1368 4614 1488 4677 dicitur:
1524 4613 1628 4697 populi
1660 4613 1735 4679 illud

371 4713 521 4793 accipiunt
543 4712 580 4774 ad
603 4715 809 4780 remissionem
828 4723 1031 4797 peccatorum,
1054 4716 1179 4798 ejusque
1202 4714 1314 4777 oblatio
1335 4731 1392 4795 pro
1415 4714 1551 4778 omnihus
1574 4716 1732 4793 creaturis,
1775 4713 1776 4718 ’

370 4809 429 4874 hoc
451 4818 498 4876 est
517 4829 576 4893 pro
596 4811 692 4876 bouis
707 4815 919 4897 temporalibus
942 4823 973 4878 et
994 4814 1212 4898 spiritualibus:
1240 4832 1297 4896 pro
1319 4813 1395 4876 vivis
1418 4821 1448 4876 et
1470 4815 1603 4880 munais.
1648 4815 1733 4888 Quae

371 4911 409 4973 sit
430 4911 555 4974 intentio
578 4911 734 4974 Ecclesiae
756 4913 954 4978 Nestorianae
977 4913 1158 4978 sulhcientcr
1180 4911 1312 4994 explicat
1339 4910 1493 4996 Liturgiae
1523 4913 1636 4993 series,
1666 4932 1732 4976 cum

371 5011 515 5074 memoria
536 5009 587 5072 bat
609 5012 746 5074 vivorum
768 5020 799 5076 et
820 5021 1016 5093 mortuorum,
1037 5014 1250 5077 necessitatum
1262 5012 1457 5094 spiritualium
1471 5018 1501 5075 et
1514 5011 1731 5095 temporalium,

396 5171 521 5216 romanu.
1466 5155 1516 5230 83
