4730 6038
655 696 695 772 111
721 692 927 770 lllllliGlAll
951 689 1146 768 nlttuttt
1171 689 1361 768 ristona.
1572 710 1576 738 ¹
1631 687 1704 760 355

336 879 362 943 si
385 880 451 960 quis
473 879 555 942 litem
578 885 708 956 moveat,
730 885 763 940 ut
785 895 891 940 vocem
915 877 1077 959 Syriacam,
1103 877 1140 938 ad
1163 875 1327 956 simplicem
1348 875 1598 960 designationem,
1622 873 1706 954 typi-

336 995 464 1060 camque
505 977 755 1062 significationem
792 975 902 1038 reterri
932 976 1046 1039 dehere
1073 974 1250 1050 contendat,
1278 973 1357 1038 laoili
1386 976 1510 1060 negotio
1540 971 1706 1036 refelletur.

335 1077 410 1139 Nam
433 1095 500 1138 oum
523 1077 629 1140 eedem
652 1093 714 1153 res,
738 1075 856 1137 divinus
879 1074 995 1137 scilicet
1018 1073 1160 1152 ellectus,
1184 1072 1276 1136 variis
1298 1075 1401 1139 verbis
1424 1074 1608 1156 postuletur,
1639 1091 1706 1135 eam

336 1175 437 1238 solam
452 1175 702 1258 significationem
725 1175 905 1252 convenire,
933 1192 1011 1255 quae
1033 1173 1169 1255 petitioni
1190 1173 1390 1254 respondeat,
1422 1174 1620 1238 certissimum
1649 1181 1705 1248 est.

335 1274 390 1338 llla
413 1293 480 1337 cum
502 1273 637 1355 pluribus
659 1273 761 1338 verbis
785 1274 976 1354 exprimitur,
1010 1273 1165 1354 adjunctas
1192 1270 1283 1334 habet
1309 1290 1403 1337 voces
1434 1274 1524 1352 alias,
1554 1290 1632 1354 quae
1660 1267 1708 1351 τῷ

336 1373 444 1437 ποιεῖν
472 1373 691 1456 respondeant:
722 1391 763 1435 ex
789 1371 841 1436 illo
872 1373 978 1454 igitur,
1009 1389 1069 1433 non
1092 1391 1132 1434 ex
1154 1371 1275 1454 linguae
1299 1374 1419 1455 origine
1441 1372 1622 1458 significatio
1645 1373 1737 1456 peti·

337 1472 449 1551 debet,
470 1489 531 1534 non
561 1473 657 1534 minus
688 1490 776 1552 quam
805 1473 834 1533 in
864 1471 962 1533 multis
992 1470 1067 1534 aliie.
1110 1468 1154 1532 lta
1176 1482 1288 1537 ttttztt!
1306 1482 1387 1568 p‘ttm
1411 1475 1462 1554 qui
1484 1477 1583 1535 vertat
1604 1477 1708 1532 rectae

256 1591 259 1598 ’
335 1572 463 1651 gloriae,
485 1579 518 1633 ut
530 1571 729 1651 Boderianus,
751 1589 847 1655 nugas
871 1578 956 1654 agetz
979 1570 1072 1632 multo
1093 1570 1189 1652 magis
1212 1569 1264 1650 qui
1285 1581 1379 1638 nrotn
1397 1583 1484 1648 ltin),
1507 1571 1634 1633 siQO
1656 1573 1711 1629 out

339 1671 493 1750 aequalem
520 1671 706 1732 midstontio:
740 1687 807 1732 eum
831 1658 1021 1748 Ὁμοούσιον
1049 1668 1138 1731 eliter
1166 1669 1319 1750 explicare
1349 1690 1410 1734 non
1440 1673 1568 1753 possint.
1612 1667 1708 1750 lgitur

337 1767 396 1830 hoc
419 1768 499 1849 loeo,
521 1777 554 1832 ut
576 1770 605 1830 in
630 1767 695 1831 aliis
717 1767 861 1850 Liturgiis
884 1750 1008 1848 ttssnttt,
1027 1770 1178 1849 perficiat,
1201 1770 1367 1850 respondet
1380 1771 1517 1834 Graecae
1538 1754 1707 1850 τελειώσῃ,

336 1865 394 1931 hoc
417 1875 463 1930 est
485 1876 660 1931 consecret:
681 1853 816 1952 ποιήσῃ,
836 1867 937 1946 faciat
958 1877 990 1930 et
1011 1868 1077 1930 aliis
1100 1867 1253 1932 similibus.
1288 1868 1334 1931 De
1357 1871 1423 1952 ipse
1446 1889 1481 1933 re
1504 1875 1646 1950 quantum
1669 1865 1708 1928 ad

336 1963 539 2032 lnvocationis
563 1966 714 2046 ellectum,
737 1984 900 2048 veramque
923 1967 988 2049 ejus
1011 1965 1239 2050 intelligentiam
1252 1967 1400 2034 videndus
1414 1969 1651 2035 Commentarius
1671 1966 1708 2028 ed

338 2063 503 2148 liturgiam
524 2065 626 2130 Basilii
649 2065 812 2146 Copticam.

800 2359 837 2432 8.
878 2361 994 2456 Reges
1018 2357 1147 2452 fideles,
1175 2365 1240 2430 etc.

436 2567 489 2646 Da
512 2597 549 2644 ea
572 2578 698 2642 formula
717 2581 779 2663 jam
802 2581 912 2643 dictum
935 2588 997 2644 est:
1021 2597 1099 2662 quae
1122 2579 1193 2642 licet
1219 2581 1315 2643 minus
1337 2579 1481 2662 frequens
1504 2582 1553 2658 sit,
1577 2581 1709 2644 occurrit

335 2690 434 2748 tamen
456 2685 488 2746 in
510 2683 647 2764 pluribus
670 2684 827 2768 liturgiis,
849 2702 950 2766 nequo
973 2684 1032 2747 alia
1053 2691 1177 2747 utuntur
1198 2683 1380 2747 Nestoriani.
1415 2685 1642 2747 vetustissimae
1657 2685 1709 2748 illa

337 2782 512 2864 disciplinae
542 2790 644 2844 notam
674 2783 825 2865 praefert,
854 2785 991 2847 omnibus
1026 2783 1174 2848 Ecclesiis
1208 2801 1408 2847 communem:
1445 2791 1586 2848 mutatam
1615 2784 1709 2847 luisse

336 2881 621 2946 lluhamedanorum
644 2892 725 2948 metu
748 2884 820 2947 setis
842 2889 937 2964 petet.

361 3171 397 3246 9.
437 3171 503 3258 out
529 3173 655 3246 dedisti
677 3197 802 3269 corpus
829 3182 973 3248 tuomet
998 3179 1169 3268 ederetur,
1197 3186 1232 3250 ct
1248 3183 1337 3250 esset
1359 3181 1559 3270 fermentum
1579 3183 1681 3250 citae.

450 3381 528 3459 locu
557 3394 670 3477 legitur
698 3397 730 3458 in
752 3396 907 3479 plerisque
931 3397 1124 3461 Orationibus
1147 3401 1310 3483 gratiarum
1333 3400 1460 3462 actionis
1483 3407 1552 3479 post
1574 3416 1709 3462 commu-

338 3497 473 3560 nionem:
496 3505 529 3559 ut
550 3498 582 3559 in
604 3497 720 3580 hymnis
743 3500 794 3580 qui
817 3507 963 3562 canuntur
985 3519 1001 3563 a
1022 3500 1171 3581 Diacono,
1194 3521 1262 3566 cum
1275 3510 1494 3566 sacramentum
1508 3501 1708 3565 distribuitur:

338 3596 393 3659 sed
415 3598 597 3678 praesertim
620 3599 651 3659 in
675 3597 783 3662 Olllciis
807 3601 1012 3680 exequiarum.
1056 3602 1130 3666 lnde
1153 3611 1237 3666 certe
1259 3603 1398 3685 probatio
1421 3601 1576 3666 doctrinae
1595 3601 1710 3665 Ortho-

338 3692 437 3756 doxee
460 3694 630 3777 deducitur,
652 3715 708 3778 pro
731 3697 818 3778 reali,
841 3717 904 3785 non
926 3701 1075 3780 spirituali
1097 3702 1195 3766 solum
1216 3704 1412 3784 susceptione
1436 3702 1575 3782 corporis
1599 3700 1710 3764 Christi

338 3810 355 3854 a
380 3791 573 3858 Christianis:
597 3804 630 3858 ut
653 3796 722 3861 alibi
746 3799 915 3878 expositum
938 3809 994 3864 est.
