4784 6040
732 673 808 750 416
1194 677 1592 757 'LITURGIA

733 866 817 936 senii
843 876 1024 961 expertem,
1052 864 1141 939 bona
1168 865 1401 954 indesinentia,
1429 864 1565 939 delicias
1597 865 1826 940 incessabiles.
1878 866 2093 943 Porticentur

732 1002 794 1074 per
819 981 1026 1054 clementiam
1052 994 1152 1072 tuam,
1180 985 1322 1076 quietem
1350 986 1514 1079 accipiant
1545 1005 1607 1079 per
1631 986 1862 1057 miserationes
1888 995 1979 1074 tuas,
2005 1008 2092 1081 pro-

705 1106 888 1187 tegantur
921 1095 980 1170 sub
1015 1097 1076 1182 alis
1111 1099 1266 1172 bonitatis
1298 1108 1392 1185 tuae,
1428 1121 1537 1194 noque
1571 1099 1851 1188 condemnentur3
1885 1104 1961 1195 quia
1993 1105 2027 1173 in
2059 1113 2093 1175 te

732 1224 963 1306 speraverunt,
990 1225 1024 1286 et
1049 1218 1082 1286 in
1108 1217 1310 1308 unigenitum
1335 1215 1454 1286 Filium
1481 1226 1583 1287 mum:
1609 1237 1785 1311 perquem
1811 1238 1874 1290 nos
1902 1218 2000 1288 etiam
2025 1219 2092 1289 mi-

732 1328 948 1401 sericordiam
975 1335 1132 1428 consequi
1159 1352 1350 1428 speramus,
1383 1341 1418 1402 et
1442 1334 1671 1405 remissionem
1706 1341 1920 1427 peccatorum
1956 1341 2093 1429 propter

733 1465 817 1532 enm,
845 1455 909 1516 tam
936 1447 1032 1521 nobis
1060 1472 1157 1544 quam
1184 1447 1256 1520 illis.
1309 1447 1361 1519 'lu
1388 1451 1443 1542 qui
1469 1447 1600 1520 occulta
1632 1452 1720 1522 nosti
1753 1459 1787 1520 et
1817 1447 1924 1541 judex
1956 1452 2092 1542 cogita-

732 1564 854 1632 tionum
884 1585 932 1651 es,
960 1564 1055 1637 aufer
1080 1575 1114 1637 et
1139 1565 1213 1638 dele
1240 1567 1349 1637 omnia
1375 1573 1515 1658 peccata
1542 1574 1668 1654 nostra,
1695 1564 1899 1652 voluntaria,
1927 1574 1961 1636 et
1985 1568 2090 1639 invo-

728 1677 887 1767 luntaria,
915 1693 1045 1762 secreta
1073 1693 1106 1754 et
1131 1681 1324 1772 manifesta,
1359 1684 1546 1776 praesentis
1578 1691 1612 1752 et
1645 1683 1815 1778 praeteriti
1847 1684 2025 1776 temporis:
2058 1693 2092 1755 et

730 1792 857 1883 deinde,
885 1820 958 1868 cum
984 1801 1122 1895 imperio
1149 1810 1206 1871 tuo
1232 1798 1330 1869 finem
1356 1798 1446 1868 vitae
1472 1799 1687 1889 attigerimus,
1711 1800 1809 1890 juxta
1835 1799 1921 1869 viam
1948 1801 2090 1871 univer-

731 1909 835 1982 salem
861 1914 1012 1988 omnibus
1039 1915 1224 1988 bominibus
1251 1915 1478 2002 constitutam,
1511 1923 1625 1985 reatus
1652 1911 1812 1988 immunes
1838 1934 2002 2008 praepara
2028 1937 2091 1989 nos

730 2024 772 2095 ad
799 2030 1044 2104 consistendum
1072 2054 1185 2104 coram
1212 2041 1266 2120 te,
1292 2040 1326 2102 et
1352 2029 1473 2123 adjuva
1500 2049 1584 2119 nos,
1611 2030 1772 2119 Domine,
1799 2030 2090 2104 salvatornoster:

728 2140 835 2213 indica
862 2145 959 2220 nobis
985 2150 1059 2221 vias
1084 2151 1196 2239 vitae,
1224 2157 1257 2219 et
1283 2149 1418 2220 semitas
1443 2143 1527 2219 lueis
1558 2143 1693 2242 plenas,
1726 2167 1812 2239 quae
1844 2154 1937 2216 recta
1971 2146 2090 2219 ducunt

729 2257 770 2328 ad
797 2271 928 2354 portum
953 2261 1165 2356 benignitatis
1192 2273 1286 2352 tuae,
1312 2272 1347 2333 ut
1373 2265 1406 2332 in
1431 2259 1545 2349 nobis,
1572 2282 1634 2357 pro
1661 2261 1777 2350 nobis,
1805 2271 1839 2332 at
1863 2270 2001 2358 propter
2026 2285 2088 2336 nos

729 2370 770 2445 ab
799 2375 950 2449 omnibus
978 2378 1156 2452 extollatur
1181 2401 1303 2452 nomen
1328 2386 1436 2467 mum,
1473 2378 1634 2472 simulque
1658 2381 1817 2470 unigeniti
1851 2377 1927 2450 Filii
1959 2381 2023 2470 tui,
2058 2388 2091 2450 et

729 2490 871 2585 Spiritus
900 2496 945 2563 tui
972 2499 1087 2567 sancti.

833 2609 995 2700 Populus.
1048 2609 1102 2682 Ut.

831 2723 1014 2796 Sacerdos.
1067 2725 1151 2798 Pax.

830 2839 993 2934 Populus.
1045 2841 1188 2914 Etcum
1215 2843 1330 2936 spiritu
1347 2849 1424 2924 tuo.

829 2955 1012 3030 Sacerdos.
1065 2957 1138 3031 Sint
1164 2957 1432 3047 benedictiones,
1460 2967 1522 3028 etc.

829 3073 991 3167 Populus.
1043 3072 1186 3147 Etcum
1213 3076 1328 3170 spiritu
1355 3082 1421 3144 tuo.

830 3189 1017 3262 Diaconos.
1069 3189 1190 3263 lterum
1217 3201 1317 3284 atque
1342 3191 1469 3260 iterum.

754 3465 928 3538 Sacerdos
943 3469 1087 3560 frangit,
1115 3472 1149 3537 et
1168 3469 1281 3559 eipnot
1306 3469 1374 3534 tum
1392 3465 1478 3533 dicit
1499 3461 1694 3532 Orationem
1713 3469 1793 3533 ante
1812 3462 1914 3534 Pater
1939 3472 2063 3536 noster.

831 3653 922 3726 Vere
948 3658 1036 3726 enim
1062 3666 1096 3726 et
1120 3653 1340 3726 indubitanter
1366 3663 1402 3724 tu
1428 3673 1465 3725 es
1491 3652 1592 3723 Pater
1618 3660 1751 3724 sanctus
1777 3650 1851 3722 Filii
1878 3655 2003 3740 saneti,
2036 3653 2091 3748 qul

590 3843 592 3848 .
729 3771 877 3868 aequalis
904 3781 956 3844 est
982 3775 1157 3844 sanctitate
1183 3793 1256 3841 curn
1283 3769 1407 3866 Spiritu
1441 3778 1577 3857 sancto,
1613 3771 1668 3863 qui
1693 3777 1729 3840 ut
1754 3766 1923 3863 perfector
1949 3779 1984 3840 et
2008 3768 2088 3842 Do-

729 3894 836 3961 minus
863 3890 897 3958 in
924 3890 1046 3961 sanctis
1073 3890 1275 3982 requiescis,
1303 3896 1337 3957 et
1361 3897 1523 3981 perpetuo
1550 3893 1665 3956 sancta
1691 3887 1956 3956 consecrantium
1976 3888 2090 3958 susci-

729 4010 791 4102 pis.
844 4003 895 4074 'lu
922 4025 960 4076 es
985 4003 1062 4078 lons
1089 4006 1290 4093 sanctitatis,
1316 4013 1350 4074 et
1376 4006 1473 4096 origo
1502 3999 1634 4090 auxilii,
1669 4011 1768 4074 tues
1798 4022 1920 4096 parens
1952 4003 2090 4073 miseri-

729 4119 928 4212 cordiarum,
955 4129 989 4192 et
1005 4129 1100 4216 pater
1115 4118 1321 4206 clementiae,
1348 4121 1541 4207 miserator,
1567 4119 1772 4208 misericors,
1799 4118 1995 4206 auxiliator,
2022 4117 2091 4190 ad-

727 4241 835 4330 jutor,
868 4245 901 4307 et
936 4245 1069 4309 curator
1101 4257 1301 4332 pauperum,
1332 4233 1495 4328 retugium
1530 4233 1739 4322 afflictorum,
1775 4230 1951 4328 hospitium
1983 4253 2092 4327 pere-

730 4354 945 4446 grinantium,
971 4362 1086 4450 portus
1113 4363 1147 4424 et
1171 4354 1303 4448 retpries
1329 4373 1445 4424 eorum
1471 4353 1526 4446 qui
1548 4353 1715 4442 jactantur
1739 4353 1774 4420 in
1798 4352 1893 4436 mari,
1919 4347 2092 4421 familiaris

730 4477 964 4564 peccatorum,
989 4469 1137 4543 medicus
1164 4468 1272 4542 bonus
1299 4467 1514 4540 intirmorum:
1541 4467 1595 4538 cui
1622 4475 1781 4561 acceptae
1812 4475 1889 4539 sunt
1917 4463 2094 4561 lacrymae
2131 4465 2133 4470 '

729 4588 980 4681 poenitentium:
1013 4589 1067 4681 qui
1093 4588 1216 4682 aspicis
1243 4583 1361 4657 sordes
1388 4605 1502 4657 eorum
1530 4581 1630 4677 quiin
1654 4583 1767 4654 cinere
1782 4579 1989 4653 volutantur:
2015 4581 2093 4651 lar-

732 4705 821 4793 gitor
848 4700 1029 4789 donorum,
1055 4701 1228 4776 thesaurus
1255 4721 1412 4793 gazarum
1441 4696 1706 4773 abundantium
1736 4697 1813 4771 'libi
1836 4700 1891 4794 qui
1916 4693 1958 4768 ab
1985 4697 2095 4785 initio,

734 4827 768 4888 et
793 4820 970 4890 creationis
996 4817 1107 4890 mundi
1133 4816 1339 4913 primordiis,
1367 4825 1504 4887 aeterne
1530 4821 1663 4888 sanctus
1678 4833 1734 4903 es,
1761 4816 1933 4887 sanctitate
1959 4811 2096 4909 pleone,

734 4933 953 5006 sanctificator
980 4943 1014 5007 et
1045 4932 1214 5030 perfector
1248 4931 1461 5018 Sanctorum,
1495 4927 1711 5021 doxologiam
1744 4939 1892 5002 sanctam
1923 4931 2097 5016 mittimus,

734 5072 831 5145 pam
859 5074 878 5121 a
903 5049 988 5122 Filio
1015 5060 1072 5123 tuo
1099 5051 1267 5142 unigenito
1294 5047 1473 5120 didicimus.
1524 5045 1762 5140 Rogamusque
1786 5056 1821 5118 te
1846 5055 1956 5120 utuos
1974 5066 2098 5118 omnes

735 5166 853 5260 dignos
880 5165 1020 5256 efficias,
1047 5169 1103 5262 qui
1129 5165 1231 5239 corde
1256 5186 1358 5260 puro,
1385 5173 1419 5236 et
1445 5162 1600 5236 ardenter
1625 5159 1796 5255 vigilama
1822 5162 1897 5235 uelo
1922 5157 2100 5250 laudabili,
