4784 6040
421 2207 509 2262 Jaoobi
528 2209 624 2263 Fratris
641 2209 697 2264 Do-

385 2295 455 2346 muni.

714 628 792 703 410
1221 625 1580 703 LITURGIA

714 827 807 891 tores
834 827 868 889 et
893 818 1062 888 ministros
1089 819 1325 910 mysteriorum
1350 825 1483 896 tuorum
1509 814 1713 888 terribilium
1732 824 1766 886 ot
1782 813 1975 886 coelestium
1997 837 2088 890 con-

714 936 868 1006 stituere:
893 954 938 1003 ne
964 934 1125 1026 respicias
1151 935 1342 1003 tenuitatem
1369 941 1531 1020 nostram,
1557 952 1622 1001 nec
1638 933 1726 1002 enirn
1744 929 1835 1022 digni
1853 952 1965 1004 sumus
1980 955 2088 1006 acce-

714 1048 811 1120 dendi
838 1057 874 1119 et
900 1047 1165 1120 communicandi
1192 1047 1288 1121 donis
1316 1050 1378 1120 tuis
1393 1047 1533 1135 divinis3
1560 1045 1620 1119 sed
1638 1067 1701 1140 per
1721 1049 1862 1138 gratian
1882 1056 1972 1119 tuam
1990 1051 2089 1120 visita

713 1185 793 1250 nos,
820 1165 854 1236 in
880 1163 1109 1236 misericordia
1137 1171 1171 1234 et
1196 1165 1426 1236 miseratione:
1453 1161 1559 1235 libera
1586 1183 1649 1233 nos
1677 1160 1719 1234 ab
1749 1164 1838 1234 omni
1865 1160 1943 1235 dolo
1970 1172 2005 1234 et
2029 1167 2089 1236 iu-

713 1279 821 1352 vidia:
849 1289 883 1350 et
909 1279 1060 1352 concede
1086 1278 1184 1351 nobis
1211 1277 1369 1374 Spiritum
1396 1288 1485 1348 tuum
1512 1285 1678 1367 sanctum,
1714 1276 1872 1371 Spiritum
1905 1279 2089 1372 sapientiae

715 1403 749 1465 et
773 1394 1026 1488 intelligentiae,
1055 1395 1213 1489 Spiritum
1239 1396 1399 1468 scientiae
1426 1403 1459 1466 et
1485 1393 1702 1482 fortitudinis,
1730 1415 1795 1487 quo
1822 1415 1884 1487 per
1900 1391 1983 1464 baec
2001 1393 2089 1466 dona

712 1509 885 1601 illustrati,
912 1533 1100 1583 mereamur
1126 1509 1229 1582 corde
1261 1531 1345 1605 puro
1380 1517 1470 1582 stare
1505 1530 1621 1581 coram
1652 1518 1686 1580 te
1721 1519 1755 1579 et
1786 1511 1975 1580 ministrare
2008 1507 2088 1600 tibi,

713 1626 902 1722 offerrequo
929 1625 986 1698 tibi
1013 1626 1209 1698 sacrificium
1235 1624 1300 1697 boc
1327 1624 1497 1720 spirituale
1523 1635 1557 1696 et
1582 1626 1807 1711 incruentum,
1839 1623 1881 1695 ad
1907 1627 2087 1698 remissio-

715 1763 791 1814 nem
818 1752 1033 1838 peccatorum
1059 1752 1263 1830 nostrorum,
1290 1744 1550 1836 memoriamque
1578 1742 1723 1812 omnium
1749 1738 1894 1812 fidelium
1911 1738 2085 1812 Orthodo-

711 1879 852 1946 xorum,
879 1869 913 1930 ot
937 1858 1080 1951 gloriam
1107 1868 1214 1946 tuam,
1241 1857 1335 1930 Deus
1362 1859 1479 1945 Pater,
1505 1877 1663 1930 necnon
1689 1857 1851 1948 unigeniti
1877 1853 1952 1928 Filii
1969 1858 2025 1943 tui,
2053 1866 2087 1927 et

711 1971 854 2068 Spiritus
881 1979 927 2047 tui
952 1977 1077 2061 sancti,
1103 1995 1192 2044 nunc
1219 1985 1253 2045 et
1280 1993 1430 2068 semper,
1457 1983 1521 2045 etc.

818 2089 979 2183 Populos.
1032 2090 1153 2161 Arnen.

815 2204 1003 2278 Diaconos.
1057 2205 1191 2278 Stemus
1218 2205 1385 2277 decenter.

815 2320 1001 2393 Sacerdos.
1056 2321 1188 2395 Caritas
1223 2322 1349 2409 Patris,
1376 2323 1485 2412 gratia
1511 2318 1605 2410 Filii,
1641 2328 1675 2390 ot
1707 2320 1962 2392 communicatio
1998 2316 2084 2415 Spi-

710 2440 793 2510 ritus
821 2440 928 2510 sanoti
954 2440 1020 2510 sint
1046 2460 1122 2509 oum
1150 2436 1302 2510 omnibus
1329 2434 1439 2508 vobis.

752 2629 758 2648 ,
814 2552 979 2644 Populos.
1030 2553 1151 2626 Amen.

813 2666 999 2740 Sacerdos.
1052 2667 1192 2741 Sursum
1219 2667 1333 2739 corda.

801 2784 976 2876 ‚Populos
1028 2782 1199 2857 Habemus
1227 2783 1270 2870 ad
1296 2784 1486 2855 Dominum.

814 2900 999 2972 Sacerdos.
1054 2899 1188 2974 Gratias
1215 2920 1356 2991 agamus
1382 2899 1539 2971 Domino.

814 3015 976 3108 Populos.
1021 3017 1175 3109 Dignum
1203 3024 1237 3086 et
1259 3019 1385 3108 justum
1412 3023 1472 3086 est

812 3129 989 3202 Sacerdos
1014 3131 1209 3203 inclinatos.
1261 3130 1354 3202 Vere
1381 3130 1515 3223 dignum
1543 3139 1577 3202 et
1586 3130 1711 3220 justum
1732 3139 1796 3219 ast,
1824 3130 1949 3204 decens
1968 3139 2002 3202 et
2020 3131 2085 3203 de-

709 3243 830 3335 biturn,
864 3257 900 3318 ut
933 3254 967 3318 te
1002 3246 1192 3336 laudemus,
1228 3256 1261 3318 to
1296 3246 1491 3332 adoremus,
1528 3244 1587 3316 tibi
1621 3246 1749 3336 gratias
1785 3267 1942 3338 agamus,
1977 3247 2086 3344 opitioi

708 3365 890 3435 universae
917 3371 1108 3453 creaturae,
1135 3361 1276 3437 visibilis
1304 3371 1360 3432 aut
1386 3360 1570 3434 invisibilis.

812 3477 964 3549 Elcoooo
994 3499 1121 3550 nocem.
1174 3478 1226 3550 Te
1251 3477 1379 3565 laudat,
1407 3479 1571 3566 Domine,
1599 3474 1747 3565 coelum,
1776 3477 1865 3573 quod
1898 3488 1950 3552 est
1983 3477 2083 3553 tbro-

706 3614 769 3665 nus
794 3595 978 3686 majestatis
1004 3603 1102 3684 tuae,
1129 3605 1163 3666 et
1190 3605 1278 3665 terra
1306 3616 1392 3689 quae
1412 3597 1465 3665 est
1483 3590 1665 3664 scabellum
1683 3591 1806 3688 pedum
1821 3604 1968 3667 tuorum:
1997 3604 2084 3668 terra

706 3730 793 3802 quae
821 3708 938 3780 adorat
964 3721 998 3781 et
1023 3707 1164 3782 honorat
1190 3731 1312 3782 nornen
1340 3720 1428 3781 tuum
1454 3718 1619 3798 sanctum,
1645 3710 1679 3780 in
1704 3705 1861 3782 Ecclesia
1888 3708 1971 3801 hac,
1999 3733 2083 3806 quae

704 3827 794 3895 canit
819 3824 877 3896 tibi
903 3825 1046 3921 hymnos
1073 3846 1134 3897 ore
1160 3824 1300 3899 filiorum
1329 3846 1483 3913 suorum,
1509 3827 1544 3894 in
1571 3843 1735 3897 consessu
1762 3824 2021 3921 Prophetarum,
2048 3827 2101 3899 in'

703 3947 802 4013 coetu
828 3942 1088 4036 Apostolorum,
1115 3945 1148 4012 in
1175 3940 1387 4036 passionibus
1415 3941 1620 4036 Martyrum,
1647 3941 1681 4010 in
1704 3939 1874 4015 ordinibus
1891 3940 2082 4018 Confesso-

704 4077 794 4144 rum,
821 4059 855 4128 in
882 4056 1071 4149 Theologia
1098 4057 1294 4144 Doctorum,
1322 4059 1356 4128 in
1373 4055 1482 4130 choris
1508 4055 1704 4147 Virginum,
1730 4059 1765 4126 in
1790 4058 1968 4151 praeclara
1996 4081 2082 4131 con-

704 4175 902 4246 versatione
941 4173 1204 4265 Religiosorum:
1242 4176 1277 4244 in
1317 4175 1477 4268 patientia
1516 4171 1785 4257 Nazaraeortun,
1822 4175 1856 4242 in
1888 4171 2083 4247 habitaculis

703 4289 852 4380 piorum,
890 4291 923 4360 in
959 4279 1278 4382 congregationibus
1313 4292 1497 4381 justorum,
1540 4291 1574 4360 in
1607 4289 1862 4382 perseverantia
1896 4298 2082 4385 temperata

703 4400 863 4476 fidelium:
890 4403 1021 4477 coelum
1048 4415 1177 4494 autem,
1204 4408 1238 4477 in
1263 4404 1419 4478 Ecclesia
1445 4403 1501 4476 illa
1520 4402 1667 4492 sublimi,
1694 4405 1727 4474 in
1743 4425 1809 4497 qua
1825 4403 1987 4499 descripti
2008 4412 2081 4475 sunt

702 4519 915 4611 primogeniti
941 4523 1005 4607 tui,
1033 4523 1065 4592 in
1093 4519 1185 4592 libris
1213 4524 1277 4593 tuis
1305 4523 1440 4595 sanctis.
1493 4521 1530 4592 In
1558 4541 1599 4591 ea
1628 4521 1714 4590 enim
1733 4517 1917 4592 celebraris
1930 4517 2079 4592 cantibus

702 4631 922 4725 Angelorum,
946 4635 1196 4729 jubilationibus
1222 4634 1530 4729 Archangelorum,
1559 4637 1697 4707 canticis
1726 4630 1918 4721 Chenrbim,
1946 4633 2078 4706 clarno-

701 4748 794 4822 n‘bus
821 4751 1085 4846 Principatuum,
1113 4752 1274 4844 dignitate
1300 4754 1524 4840 Potestatum,
1552 4749 1732 4846 splendore
1758 4748 1992 4850 Thronorum,
2018 4749 2079 4818 vi-

702 4863 839 4958 gilantia
865 4865 1074 4959 Legionum,
1109 4871 1144 4938 in
1170 4868 1322 4942 coetibus
1355 4871 1539 4956 victorum,
1573 4869 1607 4937 in
1641 4865 1963 4958 congregationibus
1995 4885 2078 4960 per·

702 4978 888 5071 sectorum,
915 4985 948 5053 in
976 4980 1086 5054 choris
1115 4993 1149 5056 et
1175 4982 1307 5058 choreis
1333 4982 1553 5086 Sanctorum,
1580 4991 1614 5054 et
1629 4986 1663 5053 in
1680 4979 1998 5058 sanctificationibus
2014 4979 2078 5050 de-
