4814 6060
744 683 820 758 552
1254 682 1615 760 LITURGlA
1740 707 1753 718 ‘

741 874 864 962 rimus,
891 879 925 944 et
951 869 1048 944 simol
1073 873 1244 964 unigenito
1258 869 1343 941 Filio
1366 877 1440 960 tuo,
1467 871 1744 966 sanctissimoque
1772 879 1826 942 tuo
1840 867 1987 966 Spiritui,
2014 868 2118 959 bono,

744 986 938 1076 adorando,
965 991 1068 1058 vitam
1095 987 1268 1078 largienti,
1297 996 1360 1058 etc.

847 1102 1009 1196 Populos.
1064 1105 1183 1176 Amen.

847 1217 1024 1290 Sacerdos
1055 1219 1248 1290 inclinatos.
1302 1218 1388 1304 Quia
1415 1242 1518 1315 porro
1546 1231 1580 1292 tu
1596 1221 1639 1306 ⁸in
1665 1224 1768 1290 vitnnr
1797 1215 1892 1288 simul
1919 1225 1953 1288 et
1979 1225 2118 1286 mortem

741 1332 847 1406 habes
874 1337 1064 1429 imperium,
1102 1334 1243 1426 dignare
1274 1355 1337 1406 nos
1373 1357 1489 1407 eorum
1524 1337 1623 1406 etiam
1658 1335 1869 1420 meminisse,
1906 1333 1962 1425 qui
1994 1330 2118 1403 iodea

743 1447 881 1523 saeculo
909 1451 1104 1545 placuerunt
1131 1450 1201 1538 tibi,
1228 1451 1360 1520 Petrum
1381 1449 1706 1538 etPatriarcharum,
1733 1447 1987 1545 Prophetarum,
2013 1447 2118 1543 Apo-

744 1565 916 1654 stolorum,
942 1565 1082 1639 Joannis
1109 1566 1292 1662 Baptistae,
1319 1564 1477 1662 Stephani
1503 1567 1600 1662 primi
1627 1567 1800 1661 martyris,
1828 1572 1862 1634 et
1888 1571 2025 1636 sanctae
2054 1564 2118 1635 Dei

745 1679 936 1767 Genitricis,
965 1685 1176 1754 anomalum
1204 1681 1348 1777 denique
1376 1691 1575 1754 sanctorum.

848 1796 896 1866 Et
920 1797 1058 1869 collato
1088 1819 1185 1869 ooce.
1245 1795 1290 1868 Et
1324 1801 1352 1870 si
1385 1797 1427 1868 ad
1458 1797 1535 1870 loca
1568 1795 1718 1890 gloriosa
1750 1798 1924 1888 omnisque
1958 1797 2119 1867 materiae

745 1916 926 2006 expertia,¹
952 1922 986 1984 et
1012 1936 1098 2007 quae
1132 1922 1230 1984 extra
1264 1934 1396 1985 omnem
1432 1917 1715 2009 comparationem
1749 1922 1844 2000 sunt,
1879 1913 2052 2005 receperis
2086 1913 2118 1982 in

744 2037 876 2100 coetum
903 2039 1095 2102 sauctorum
1121 2039 1250 2101 tuorum
1277 2027 1437 2102 Domine:
1464 2029 1566 2102 facito
1594 2040 1629 2100 ut
1655 2033 1758 2102 simus
1783 2027 1913 2099 illorum
1941 2037 2118 2100 consortes
2186 2031 2200 2050 ·’

743 2144 778 2214 in
812 2142 968 2216 Ecclesia
1000 2149 1298 2241 primogenitorum
1332 2167 1353 2216 o
1388 2143 1488 2217 bone.
1549 2141 1699 2240 Cumque
1733 2142 1994 2218 misericordiam
2031 2152 2117 2214 tuam

743 2256 1058 2350 laudabilissimam,
1100 2272 1135 2333 et
1170 2271 1319 2334 amorem
1353 2273 1442 2335 tuum
1475 2283 1558 2354 erga
1593 2283 1700 2355 genus
1733 2259 1907 2332 humanum
1941 2260 2118 2346 imitantes,

744 2374 897 2448 assiduas
923 2400 1045 2473 preces
1078 2387 1177 2472 atque
1209 2378 1462 2450 obsecrationes
1495 2400 1557 2473 pro
1594 2376 1691 2449 nohis
1726 2377 1784 2450 tibi
1818 2374 1975 2464 offerant,
2010 2395 2119 2468 eoque

742 2493 938 2564 memoriam
964 2492 1092 2564 illorum
1120 2491 1348 2584 celebremus,
1380 2503 1417 2565 ut
1449 2492 1580 2588 quando
1614 2492 1720 2565 nobis
1744 2495 1807 2588 ipsi
1832 2513 1949 2588 parum
1976 2487 2118 2578 fidimus,

741 2609 903 2678 memoria
930 2616 963 2678 et
989 2607 1160 2700 legatione
1185 2607 1315 2680 illorum
1342 2613 1505 2705 protecti,
1532 2632 1594 2705 per
1621 2631 1682 2682 eos
1710 2609 1890 2681 audeamus
1922 2605 1966 2678 ad
1993 2616 2027 2678 te
2055 2627 2118 2676 ac-

735 2720 883 2812 cedere,
925 2730 1025 2817 atque
1060 2724 1234 2796 trernendo
1270 2723 1334 2796 hoc
1370 2736 1403 2797 et
1437 2726 1629 2798 reverendo
1666 2748 1765 2798 sacro
1801 2743 1938 2796 munere
1972 2720 2117 2813 defungi.

741 2834 827 2908 Esto
850 2840 1006 2933 expiator
1027 2843 1351 2936 praevaricationum
1369 2851 1572 2932 nostrarum,
1600 2851 1666 2913 tum
1687 2852 1825 2937 propter
1845 2849 1980 2912 sanetas
1997 2859 2117 2935 preces

741 2951 887 3040 illorum,
916 2966 982 3027 tum
1009 2965 1149 3051 propter
1174 2968 1324 3042 sanctum
1352 2978 1474 3029 nomen
1501 2968 1613 3047 tuum,
1641 2956 1729 3052 quod
1756 2959 1948 3029 invocatum
1975 2965 2029 3029 est
2055 2955 2133 3027 su-‘

741 3089 804 3164 per
829 3089 904 3158 nos,
931 3074 1009 3165 qaia
1037 3082 1171 3146 sauctus
1198 3077 1273 3168 ipse
1299 3096 1351 3165 es,
1380 3077 1473 3145 etin
1501 3077 1625 3147 sanctis
1653 3075 1850 3168 acquiescis.
1905 3071 1981 3144 'libi
2007 3073 2119 3166 itaque

740 3181 874 3256 laudem
909 3196 942 3258 et
976 3190 1160 3296 gratiarum
1195 3193 1361 3263 actionem
1397 3188 1588 3281 tribuimus,
1624 3189 1787 3286 simulque
1823 3189 1995 3281 unigenito
2031 3186 2116 3259 Filio

632 3307 634 3312 ’
742 3308 817 3388 tuo,
845 3311 908 3372 etc.

846 3415 1034 3488 Diaconos.
1086 3420 1187 3492 Ante.

765 3601 772 3612 ,
846 3530 1022 3604 Sacerdos
1054 3534 1247 3605 inclinatus.
1299 3535 1468 3608 Memento
1503 3537 1603 3606 etiam
1637 3532 1781 3604 Domine
1814 3555 1928 3607 eorum
1963 3536 2019 3630 qui
2052 3534 2118 3606 de-

742 3655 933 3734 cesserunt,
960 3651 1257 3743 migraveruntque
1285 3672 1332 3722 ex
1357 3648 1420 3722 hac
1446 3653 1535 3723 vita:
1563 3661 1596 3722 et
1621 3649 1866 3746 Episcopomm
1894 3651 2117 3724 Orthodoxo-

741 3782 829 3849 rum,
864 3766 920 3857 qui
952 3763 1029 3835 iude
1064 3788 1084 3835 a
1116 3766 1218 3838 Petro
1253 3773 1288 3837 et
1312 3764 1443 3838 Jacoho
1468 3765 1644 3862 Apostolis
1678 3766 1721 3837 ad
1757 3763 1844 3839 hunc
1878 3789 1984 3861 usque
2019 3767 2117 3856 diem,

740 3888 868 3950 rectum
893 3878 970 3952 [idei
996 3880 1136 3953 verbum
1164 3881 1256 3954 clare
1283 3891 1358 3955 sunt
1383 3881 1529 3978 professi
1561 3894 1596 3956 et
1628 3884 1819 3956 nominatim
1854 3882 1991 3974 Ignatii,
2025 3882 2115 3955 Dio-

739 3997 848 4090 nysii,
873 3994 950 4066 lolii
977 4018 1018 4068 ec
1044 3997 1248 4094 reliquorum
1274 3998 1426 4071 divorum
1453 3997 1627 4072 laudabilis
1654 3987 1847 4071 memoriae.

845 4111 893 4182 Et
917 4111 1053 4183 sublato
1077 4136 1173 4185 coco.
1226 4113 1396 4188 Memento
1424 4114 1568 4187 Domine
1603 4137 1720 4186 eorum
1756 4135 1889 4210 quoque
1923 4115 1978 4208 qui
2011 4135 2116 4209 usque

739 4225 783 4297 ad
809 4231 1004 4320 sanguinem
1023 4251 1094 4325 ,pro
1122 4228 1287 4322 religione
1313 4239 1494 4325 steterunt,
1526 4240 1560 4302 et
1594 4249 1736 4324 gregem
1769 4241 1859 4302 tuum
1892 4251 2024 4302 sacrum
2056 4253 2117 4326 per

611 4439 614 4442 ,
737 4351 896 4440 justitiam
925 4356 958 4420 et
985 4350 1192 4420 sanctitatem
1219 4356 1403 4442 paverunt,
1431 4350 1465 4418 in
1491 4348 1575 4419 locis
1602 4348 1740 4419 uberum
1768 4367 1985 4443 pascuorum,
2014 4346 2115 4418 etad

741 4485 846 4560 aquas
874 4483 1048 4553 amoenas,
1074 4462 1139 4535 hoc
1166 4473 1218 4534 est
1243 4484 1306 4558 per
1332 4462 1477 4535 divinam
1505 4463 1713 4536 doctrinam:
1742 4485 1782 4534 ac
1808 4484 1871 4558 per
1897 4460 2115 4534 obsecratio-

740 4596 813 4668 nes,
841 4578 1075 4676 supplicesque
1101 4598 1223 4672 preces
1250 4599 1341 4666 suas,
1371 4577 1520 4650 membra
1546 4578 1724 4651 Ecclesiae
1750 4587 1879 4650 remota
1906 4587 2115 4670 congregato

740 4697 774 4766 in
799 4715 899 4768 ιιιιιιιιι
925 4693 1169 4791 professionem
1198 4701 1232 4765 et
1257 4694 1455 4786 religionem
1485 4693 1735 4791 Apostolicam,
1770 4705 1808 4766 ut
1838 4713 1939 4790 pares
1972 4695 2116 4766 omnium

740 4813 806 4883 sint
831 4831 939 4884 voees
966 4820 1000 4881 et
1025 4831 1126 4904 pares
1152 4808 1289 4899 laudes,
1326 4811 1441 4903 sicque
1474 4821 1667 4908 comparato
1696 4813 1840 4882 omnium
1867 4818 2018 4882 nostrum
2046 4831 2115 4880 voa

739 4925 909 5013 luntatem,
935 4933 1159 5019 mentemque,
1186 4934 1221 4996 ut
1247 4927 1349 4997 simus
1373 4927 1564 5000 sectatores
1585 4926 1662 5000 [idei
1682 4936 1717 4998 et
1734 4924 1954 5021 professionis
1967 4923 2116 5010 illorum;

739 5049 815 5140 quia
842 5045 1008 5136 benignus
1035 5053 1069 5114 et
1095 5063 1223 5116 summe
1249 5045 1441 5116 misericors
1469 5065 1520 5132 es,
1546 5042 1672 5138 tibique
1699 5042 1854 5134 congruit
1879 5040 1971 5130 laus,
1998 5039 2117 5129 honor,

737 5169 771 5230 et
797 5169 962 5257 potestas,
989 5158 1151 5253 simulque
1176 5161 1347 5252 unigenito
1373 5158 1460 5232 Filio
1489 5169 1558 5250 tuo,
1585 5168 1648 5230 etc.
