<?xml version="1.0" encoding="UTF-8"?>
<!DOCTYPE html PUBLIC "-//W3C//DTD XHTML 1.0 Transitional//EN"
    "http://www.w3.org/TR/xhtml1/DTD/xhtml1-transitional.dtd">
<html xmlns="http://www.w3.org/1999/xhtml" xml:lang="en" lang="en">
 <head>
  <title>
</title>
<meta http-equiv="Content-Type" content="text/html;charset=utf-8" />
  <meta name='ocr-system' content='tesseract 3.04.00' />
  <meta name='ocr-capabilities' content='ocr_page ocr_carea ocr_par ocr_line ocrx_word'/>
</head>
<body>
  <div class='ocr_page' id='page_1' title='image "./liturgiarumorie04renagoog_0354.png"; bbox 0 0 4730 6038; ppageno 0'>
   <div class='ocr_carea' id='block_1_1' title="bbox 688 523 1698 670">
    <p class='ocr_par' dir='ltr' id='par_1_1' title="bbox 688 523 1698 670">
     <span class='ocr_line' id='line_1_1' title="bbox 688 523 1698 670; baseline -0.008 -45"><span class='ocrx_word' id='word_1_1' title='bbox 688 547 939 670; x_wconf 82' lang='grc' dir='ltr'>ιιιιιοιιιιιι</span> <span class='ocrx_word' id='word_1_2' title='bbox 976 546 1343 624; x_wconf 83' lang='grc' dir='ltr'>ιιιιιιιοιοιιιιιι</span> <span class='ocrx_word' id='word_1_3' title='bbox 1555 523 1558 530; x_wconf 88' lang='grc'>’</span> <span class='ocrx_word' id='word_1_4' title='bbox 1624 545 1698 620; x_wconf 78' lang='lat'><strong>31:</strong></span> 
     </span>
    </p>
   </div>
   <div class='ocr_carea' id='block_1_2' title="bbox 571 869 1463 970">
    <p class='ocr_par' dir='ltr' id='par_1_2' title="bbox 571 869 1463 970">
     <span class='ocr_line' id='line_1_2' title="bbox 571 869 1463 970; baseline -0.002 -28"><span class='ocrx_word' id='word_1_5' title='bbox 571 869 745 943; x_wconf 78' lang='lat' dir='ltr'><strong>Sacerdos</strong></span> <span class='ocrx_word' id='word_1_6' title='bbox 765 872 856 970; x_wconf 27' lang='lat' dir='ltr'><strong>,dicte</strong></span> <span class='ocrx_word' id='word_1_7' title='bbox 883 870 1079 942; x_wconf 76' lang='lat' dir='ltr'><strong><em>Orationem</em></strong></span> <span class='ocrx_word' id='word_1_8' title='bbox 1104 877 1184 942; x_wconf 86' lang='lat' dir='ltr'><strong>onte</strong></span> <span class='ocrx_word' id='word_1_9' title='bbox 1210 871 1311 943; x_wconf 88' lang='lat' dir='ltr'><strong>Pater</strong></span> <span class='ocrx_word' id='word_1_10' title='bbox 1336 879 1463 941; x_wconf 90' lang='lat' dir='ltr'><strong>noster.</strong></span> 
     </span>
    </p>
   </div>
   <div class='ocr_carea' id='block_1_3' title="bbox 259 1057 1702 3373">
    <p class='ocr_par' dir='ltr' id='par_1_3' title="bbox 259 1057 1701 2681">
     <span class='ocr_line' id='line_1_3' title="bbox 437 1057 1701 1172; baseline 0.002 -27"><span class='ocrx_word' id='word_1_11' title='bbox 437 1075 530 1149; x_wconf 88' lang='lat' dir='ltr'><strong>Deus</strong></span> <span class='ocrx_word' id='word_1_12' title='bbox 555 1079 655 1151; x_wconf 89' lang='lat' dir='ltr'><strong>Pater</strong></span> <span class='ocrx_word' id='word_1_13' title='bbox 681 1075 893 1166; x_wconf 88' lang='lat' dir='ltr'><strong>abscondite,</strong></span> <span class='ocrx_word' id='word_1_14' title='bbox 919 1057 1258 1172; x_wconf 78' lang='lat' dir='ltr'><strong>incomprehensibilis</strong></span> <span class='ocrx_word' id='word_1_15' title='bbox 1274 1085 1308 1148; x_wconf 88' lang='lat' dir='ltr'><strong>et</strong></span> <span class='ocrx_word' id='word_1_16' title='bbox 1323 1075 1615 1167; x_wconf 74' lang='lat' dir='ltr'><strong>ininvestigabilis:</strong></span> <span class='ocrx_word' id='word_1_17' title='bbox 1645 1079 1701 1171; x_wconf 90' lang='lat' dir='ltr'><strong>qui</strong></span> 
     </span>
     <span class='ocr_line' id='line_1_4' title="bbox 335 1187 1698 1286; baseline 0 -24"><span class='ocrx_word' id='word_1_18' title='bbox 335 1187 531 1264; x_wconf 85' lang='lat' dir='ltr'><strong>sublimitate</strong></span> <span class='ocrx_word' id='word_1_19' title='bbox 557 1193 589 1262; x_wconf 91' lang='lat' dir='ltr'><strong>in</strong></span> <span class='ocrx_word' id='word_1_20' title='bbox 615 1212 723 1284; x_wconf 90' lang='lat' dir='ltr'><strong>regno</strong></span> <span class='ocrx_word' id='word_1_21' title='bbox 748 1204 805 1265; x_wconf 87' lang='lat' dir='ltr'><strong>tuo</strong></span> <span class='ocrx_word' id='word_1_22' title='bbox 832 1193 972 1266; x_wconf 88' lang='lat' dir='ltr'><strong>excelso</strong></span> <span class='ocrx_word' id='word_1_23' title='bbox 991 1192 1141 1265; x_wconf 88' lang='lat' dir='ltr'><strong>elevatus</strong></span> <span class='ocrx_word' id='word_1_24' title='bbox 1169 1214 1221 1264; x_wconf 91' lang='lat' dir='ltr'><strong>es:</strong></span> <span class='ocrx_word' id='word_1_25' title='bbox 1248 1191 1326 1264; x_wconf 86' lang='lat' dir='ltr'><strong>Rex</strong></span> <span class='ocrx_word' id='word_1_26' title='bbox 1342 1191 1516 1280; x_wconf 90' lang='lat' dir='ltr'><strong>eoelestis,</strong></span> <span class='ocrx_word' id='word_1_27' title='bbox 1544 1195 1599 1286; x_wconf 84' lang='lat' dir='ltr'><strong>qui</strong></span> <span class='ocrx_word' id='word_1_28' title='bbox 1619 1191 1698 1262; x_wconf 89' lang='lat' dir='ltr'><strong>lau-</strong></span> 
     </span>
     <span class='ocr_line' id='line_1_5' title="bbox 336 1304 1698 1403; baseline 0 -26"><span class='ocrx_word' id='word_1_29' title='bbox 336 1304 429 1380; x_wconf 85' lang='lat' dir='ltr'><strong>dibus</strong></span> <span class='ocrx_word' id='word_1_30' title='bbox 456 1307 678 1403; x_wconf 80' lang='lat' dir='ltr'><strong>spiritualibus</strong></span> <span class='ocrx_word' id='word_1_31' title='bbox 705 1309 886 1382; x_wconf 88' lang='lat' dir='ltr'><strong>celebraris</strong></span> <span class='ocrx_word' id='word_1_32' title='bbox 913 1307 1047 1380; x_wconf 78' lang='lat' dir='ltr'><strong>amitte</strong></span> <span class='ocrx_word' id='word_1_33' title='bbox 1074 1319 1108 1382; x_wconf 89' lang='lat' dir='ltr'><strong>et</strong></span> <span class='ocrx_word' id='word_1_34' title='bbox 1133 1309 1247 1380; x_wconf 88' lang='lat' dir='ltr'><strong>decies</strong></span> <span class='ocrx_word' id='word_1_35' title='bbox 1273 1307 1361 1380; x_wconf 91' lang='lat' dir='ltr'><strong>mille</strong></span> <span class='ocrx_word' id='word_1_36' title='bbox 1379 1305 1536 1400; x_wconf 80' lang='lat' dir='ltr'><strong>Angelis:</strong></span> <span class='ocrx_word' id='word_1_37' title='bbox 1564 1316 1698 1378; x_wconf 90' lang='lat' dir='ltr'><strong>creator</strong></span> 
     </span>
     <span class='ocr_line' id='line_1_6' title="bbox 335 1421 1697 1518; baseline -0.001 -24"><span class='ocrx_word' id='word_1_38' title='bbox 335 1425 495 1514; x_wconf 90' lang='lat' dir='ltr'><strong>omnium,</strong></span> <span class='ocrx_word' id='word_1_39' title='bbox 521 1433 555 1495; x_wconf 88' lang='lat' dir='ltr'><strong>et</strong></span> <span class='ocrx_word' id='word_1_40' title='bbox 581 1421 761 1518; x_wconf 73' lang='lat' dir='ltr'><strong>dispositor</strong></span> <span class='ocrx_word' id='word_1_41' title='bbox 784 1423 988 1516; x_wconf 88' lang='lat' dir='ltr'><strong>linguarum:</strong></span> <span class='ocrx_word' id='word_1_42' title='bbox 1024 1424 1143 1497; x_wconf 89' lang='lat' dir='ltr'><strong>doctor</strong></span> <span class='ocrx_word' id='word_1_43' title='bbox 1168 1423 1265 1496; x_wconf 89' lang='lat' dir='ltr'><strong>verbi</strong></span> <span class='ocrx_word' id='word_1_44' title='bbox 1291 1424 1477 1513; x_wconf 88' lang='lat' dir='ltr'><strong>rationalis,</strong></span> <span class='ocrx_word' id='word_1_45' title='bbox 1505 1433 1537 1494; x_wconf 92' lang='lat' dir='ltr'><strong>et</strong></span> <span class='ocrx_word' id='word_1_46' title='bbox 1577 1421 1656 1517; x_wconf 88' lang='lat' dir='ltr'><strong>pert</strong></span> <span class='ocrx_word' id='word_1_47' title='bbox 1674 1465 1697 1479; x_wconf 90' lang='lat'><em>-</em></span> 
     </span>
     <span class='ocr_line' id='line_1_7' title="bbox 335 1539 1696 1636; baseline 0.001 -25"><span class='ocrx_word' id='word_1_48' title='bbox 335 1549 407 1611; x_wconf 89' lang='lat' dir='ltr'><strong>otor</strong></span> <span class='ocrx_word' id='word_1_49' title='bbox 433 1560 638 1615; x_wconf 81' lang='lat' dir='ltr'><strong>sermonum:</strong></span> <span class='ocrx_word' id='word_1_50' title='bbox 665 1543 721 1634; x_wconf 87' lang='lat' dir='ltr'><strong>qui</strong></span> <span class='ocrx_word' id='word_1_51' title='bbox 747 1541 888 1636; x_wconf 87' lang='lat' dir='ltr'><strong>suscipis</strong></span> <span class='ocrx_word' id='word_1_52' title='bbox 920 1543 1105 1629; x_wconf 90' lang='lat' dir='ltr'><strong>orationes,</strong></span> <span class='ocrx_word' id='word_1_53' title='bbox 1142 1540 1235 1612; x_wconf 91' lang='lat' dir='ltr'><strong>audis</strong></span> <span class='ocrx_word' id='word_1_54' title='bbox 1269 1561 1408 1636; x_wconf 88' lang='lat' dir='ltr'><strong>preces,</strong></span> <span class='ocrx_word' id='word_1_55' title='bbox 1443 1548 1477 1610; x_wconf 89' lang='lat' dir='ltr'><strong>et</strong></span> <span class='ocrx_word' id='word_1_56' title='bbox 1511 1539 1696 1634; x_wconf 85' lang='lat' dir='ltr'><strong>respondes</strong></span> 
     </span>
     <span class='ocr_line' id='line_1_8' title="bbox 333 1653 1696 1752; baseline 0 -24"><span class='ocrx_word' id='word_1_57' title='bbox 333 1654 562 1752; x_wconf 79' lang='lat' dir='ltr'><strong>petitionibus:</strong></span> <span class='ocrx_word' id='word_1_58' title='bbox 599 1658 652 1752; x_wconf 88' lang='lat' dir='ltr'><strong>qui</strong></span> <span class='ocrx_word' id='word_1_59' title='bbox 686 1677 748 1752; x_wconf 92' lang='lat' dir='ltr'><strong>per</strong></span> <span class='ocrx_word' id='word_1_60' title='bbox 773 1653 953 1729; x_wconf 90' lang='lat' dir='ltr'><strong>bonitatem</strong></span> <span class='ocrx_word' id='word_1_61' title='bbox 979 1664 1067 1729; x_wconf 79' lang='lat' dir='ltr'><strong>mam</strong></span> <span class='ocrx_word' id='word_1_62' title='bbox 1092 1654 1275 1729; x_wconf 83' lang='lat' dir='ltr'><strong>naturalem</strong></span> <span class='ocrx_word' id='word_1_63' title='bbox 1308 1667 1342 1728; x_wconf 90' lang='lat' dir='ltr'><strong>et</strong></span> <span class='ocrx_word' id='word_1_64' title='bbox 1373 1659 1696 1730; x_wconf 85' lang='lat' dir='ltr'><strong>commiserationem</strong></span> 
     </span>
     <span class='ocr_line' id='line_1_9' title="bbox 335 1758 1699 1860; baseline 0.001 -18"><span class='ocrx_word' id='word_1_65' title='bbox 335 1781 503 1844; x_wconf 91' lang='lat' dir='ltr'><strong>aeternam</strong></span> <span class='ocrx_word' id='word_1_66' title='bbox 541 1782 648 1860; x_wconf 77' lang='lat' dir='ltr'><strong>mam,</strong></span> <span class='ocrx_word' id='word_1_67' title='bbox 686 1771 805 1844; x_wconf 90' lang='lat' dir='ltr'><strong>misisti</strong></span> <span class='ocrx_word' id='word_1_68' title='bbox 835 1771 936 1844; x_wconf 87' lang='lat' dir='ltr'><strong>filium</strong></span> <span class='ocrx_word' id='word_1_69' title='bbox 968 1782 1059 1845; x_wconf 89' lang='lat' dir='ltr'><strong>tuum</strong></span> <span class='ocrx_word' id='word_1_70' title='bbox 1090 1775 1125 1844; x_wconf 94' lang='lat' dir='ltr'><strong>in</strong></span> <span class='ocrx_word' id='word_1_71' title='bbox 1158 1758 1329 1844; x_wconf 85' lang='lat' dir='ltr'><strong>mundum:</strong></span> <span class='ocrx_word' id='word_1_72' title='bbox 1371 1781 1405 1844; x_wconf 89' lang='lat' dir='ltr'><strong>et</strong></span> <span class='ocrx_word' id='word_1_73' title='bbox 1438 1769 1596 1844; x_wconf 86' lang='lat' dir='ltr'><strong>liberavit</strong></span> <span class='ocrx_word' id='word_1_74' title='bbox 1635 1794 1699 1844; x_wconf 90' lang='lat' dir='ltr'><strong>uos</strong></span> 
     </span>
     <span class='ocr_line' id='line_1_10' title="bbox 334 1886 1699 1984; baseline -0.001 -25"><span class='ocrx_word' id='word_1_75' title='bbox 334 1897 538 1984; x_wconf 90' lang='lat' dir='ltr'><strong>apeccato,</strong></span> <span class='ocrx_word' id='word_1_76' title='bbox 575 1895 684 1960; x_wconf 90' lang='lat' dir='ltr'><strong>morte</strong></span> <span class='ocrx_word' id='word_1_77' title='bbox 721 1898 756 1958; x_wconf 88' lang='lat' dir='ltr'><strong>et</strong></span> <span class='ocrx_word' id='word_1_78' title='bbox 788 1886 929 1960; x_wconf 87' lang='lat' dir='ltr'><strong>Satana:</strong></span> <span class='ocrx_word' id='word_1_79' title='bbox 961 1909 1024 1960; x_wconf 90' lang='lat' dir='ltr'><strong>nos</strong></span> <span class='ocrx_word' id='word_1_80' title='bbox 1059 1892 1158 1961; x_wconf 89' lang='lat' dir='ltr'><strong>etiam</strong></span> <span class='ocrx_word' id='word_1_81' title='bbox 1199 1888 1310 1960; x_wconf 88' lang='lat' dir='ltr'><strong>docuit</strong></span> <span class='ocrx_word' id='word_1_82' title='bbox 1341 1891 1431 1961; x_wconf 88' lang='lat' dir='ltr'><strong>viam</strong></span> <span class='ocrx_word' id='word_1_83' title='bbox 1465 1891 1556 1961; x_wconf 87' lang='lat' dir='ltr'><strong>vitae</strong></span> <span class='ocrx_word' id='word_1_84' title='bbox 1583 1897 1617 1960; x_wconf 89' lang='lat' dir='ltr'><strong>et</strong></span> <span class='ocrx_word' id='word_1_85' title='bbox 1636 1909 1699 1958; x_wconf 89' lang='lat' dir='ltr'><strong>se-</strong></span> 
     </span>
     <span class='ocr_line' id='line_1_11' title="bbox 334 2002 1699 2100; baseline 0.001 -27"><span class='ocrx_word' id='word_1_86' title='bbox 334 2005 430 2074; x_wconf 89' lang='lat' dir='ltr'><strong>mitas</strong></span> <span class='ocrx_word' id='word_1_87' title='bbox 457 2002 571 2078; x_wconf 91' lang='lat' dir='ltr'><strong>salutis</strong></span> <span class='ocrx_word' id='word_1_88' title='bbox 597 2004 730 2100; x_wconf 90' lang='lat' dir='ltr'><strong>plenas:</strong></span> <span class='ocrx_word' id='word_1_89' title='bbox 756 2007 876 2098; x_wconf 81' lang='lat' dir='ltr'><strong>quique</strong></span> <span class='ocrx_word' id='word_1_90' title='bbox 904 2006 1089 2076; x_wconf 88' lang='lat' dir='ltr'><strong>orationem</strong></span> <span class='ocrx_word' id='word_1_91' title='bbox 1115 2007 1325 2097; x_wconf 86' lang='lat' dir='ltr'><strong>Dominicam</strong></span> <span class='ocrx_word' id='word_1_92' title='bbox 1335 2003 1561 2098; x_wconf 89' lang='lat' dir='ltr'><strong>promulgavit</strong></span> <span class='ocrx_word' id='word_1_93' title='bbox 1578 2013 1612 2075; x_wconf 87' lang='lat' dir='ltr'><strong>et</strong></span> <span class='ocrx_word' id='word_1_94' title='bbox 1632 2002 1699 2074; x_wconf 93' lang='lat' dir='ltr'><strong>de-</strong></span> 
     </span>
     <span class='ocr_line' id='line_1_12' title="bbox 332 2117 1699 2216; baseline -0.001 -27"><span class='ocrx_word' id='word_1_95' title='bbox 332 2121 532 2192; x_wconf 81' lang='lat' dir='ltr'><strong>monstrauit</strong></span> <span class='ocrx_word' id='word_1_96' title='bbox 556 2118 666 2195; x_wconf 89' lang='lat' dir='ltr'><strong>nobis.</strong></span> <span class='ocrx_word' id='word_1_97' title='bbox 717 2121 857 2192; x_wconf 89' lang='lat' dir='ltr'><strong>Praesta</strong></span> <span class='ocrx_word' id='word_1_98' title='bbox 883 2118 979 2191; x_wconf 92' lang='lat' dir='ltr'><strong>nobis</strong></span> <span class='ocrx_word' id='word_1_99' title='bbox 1005 2120 1169 2210; x_wconf 88' lang='lat' dir='ltr'><strong>Domine,</strong></span> <span class='ocrx_word' id='word_1_100' title='bbox 1195 2123 1295 2192; x_wconf 88' lang='lat' dir='ltr'><strong>etiam</strong></span> <span class='ocrx_word' id='word_1_101' title='bbox 1316 2142 1424 2216; x_wconf 80' lang='lat' dir='ltr'><strong>nunc,</strong></span> <span class='ocrx_word' id='word_1_102' title='bbox 1442 2131 1477 2192; x_wconf 86' lang='lat' dir='ltr'><strong>ut</strong></span> <span class='ocrx_word' id='word_1_103' title='bbox 1502 2117 1545 2192; x_wconf 90' lang='lat' dir='ltr'><strong>ab</strong></span> <span class='ocrx_word' id='word_1_104' title='bbox 1572 2122 1699 2214; x_wconf 91' lang='lat' dir='ltr'><strong>iniqui-</strong></span> 
     </span>
     <span class='ocr_line' id='line_1_13' title="bbox 332 2233 1698 2334; baseline 0 -26"><span class='ocrx_word' id='word_1_105' title='bbox 332 2243 401 2308; x_wconf 89' lang='lat' dir='ltr'><strong>tate</strong></span> <span class='ocrx_word' id='word_1_106' title='bbox 425 2233 540 2326; x_wconf 87' lang='lat' dir='ltr'><strong>liberi,</strong></span> <span class='ocrx_word' id='word_1_107' title='bbox 566 2239 750 2332; x_wconf 71' lang='lat' dir='ltr'><strong>remotione</strong></span> <span class='ocrx_word' id='word_1_108' title='bbox 778 2236 820 2309; x_wconf 91' lang='lat' dir='ltr'><strong>ab</strong></span> <span class='ocrx_word' id='word_1_109' title='bbox 848 2238 936 2307; x_wconf 92' lang='lat' dir='ltr'><strong>omni</strong></span> <span class='ocrx_word' id='word_1_110' title='bbox 962 2235 1056 2326; x_wconf 89' lang='lat' dir='ltr'><strong>dolo,</strong></span> <span class='ocrx_word' id='word_1_111' title='bbox 1084 2236 1160 2310; x_wconf 91' lang='lat' dir='ltr'><strong>odio</strong></span> <span class='ocrx_word' id='word_1_112' title='bbox 1187 2247 1222 2308; x_wconf 89' lang='lat' dir='ltr'><strong>et</strong></span> <span class='ocrx_word' id='word_1_113' title='bbox 1253 2236 1392 2316; x_wconf 80' lang='lat' dir='ltr'><strong>malitia,</strong></span> <span class='ocrx_word' id='word_1_114' title='bbox 1427 2239 1624 2334; x_wconf 88' lang='lat' dir='ltr'><strong>purgatique</strong></span> <span class='ocrx_word' id='word_1_115' title='bbox 1656 2235 1698 2308; x_wconf 89' lang='lat' dir='ltr'><strong>ab</strong></span> 
     </span>
     <span class='ocr_line' id='line_1_14' title="bbox 334 2347 1701 2449; baseline -0.001 -25"><span class='ocrx_word' id='word_1_116' title='bbox 334 2354 423 2424; x_wconf 89' lang='lat' dir='ltr'><strong>omni</strong></span> <span class='ocrx_word' id='word_1_117' title='bbox 448 2347 681 2440; x_wconf 78' lang='lat' dir='ltr'><strong>fraudulentia,</strong></span> <span class='ocrx_word' id='word_1_118' title='bbox 709 2361 743 2424; x_wconf 88' lang='lat' dir='ltr'><strong>et</strong></span> <span class='ocrx_word' id='word_1_119' title='bbox 769 2350 868 2426; x_wconf 88' lang='lat' dir='ltr'><strong>soluti</strong></span> <span class='ocrx_word' id='word_1_120' title='bbox 894 2373 913 2423; x_wconf 90' lang='lat' dir='ltr'><strong>a</strong></span> <span class='ocrx_word' id='word_1_121' title='bbox 940 2352 1074 2428; x_wconf 87' lang='lat' dir='ltr'><strong>vinculo</strong></span> <span class='ocrx_word' id='word_1_122' title='bbox 1101 2355 1251 2449; x_wconf 88' lang='lat' dir='ltr'><strong>peccati,</strong></span> <span class='ocrx_word' id='word_1_123' title='bbox 1283 2352 1402 2449; x_wconf 90' lang='lat' dir='ltr'><strong>repleti</strong></span> <span class='ocrx_word' id='word_1_124' title='bbox 1436 2355 1524 2424; x_wconf 91' lang='lat' dir='ltr'><strong>omni</strong></span> <span class='ocrx_word' id='word_1_125' title='bbox 1558 2355 1701 2448; x_wconf 87' lang='lat' dir='ltr'><strong>puritate</strong></span> 
     </span>
     <span class='ocr_line' id='line_1_15' title="bbox 259 2466 1701 2558; baseline 0.001 -20"><span class='ocrx_word' id='word_1_126' title='bbox 259 2467 266 2474; x_wconf 85' lang='grc'><strong><em>’</em></strong></span> <span class='ocrx_word' id='word_1_127' title='bbox 334 2477 367 2538; x_wconf 88' lang='lat' dir='ltr'><strong>et</strong></span> <span class='ocrx_word' id='word_1_128' title='bbox 393 2471 586 2558; x_wconf 80' lang='lat' dir='ltr'><strong>sanctitate,</strong></span> <span class='ocrx_word' id='word_1_129' title='bbox 614 2466 794 2541; x_wconf 90' lang='lat' dir='ltr'><strong>audeamus</strong></span> <span class='ocrx_word' id='word_1_130' title='bbox 820 2471 982 2542; x_wconf 87' lang='lat' dir='ltr'><strong>invocare</strong></span> <span class='ocrx_word' id='word_1_131' title='bbox 1009 2479 1042 2542; x_wconf 88' lang='lat' dir='ltr'><strong>te</strong></span> <span class='ocrx_word' id='word_1_132' title='bbox 1068 2471 1177 2542; x_wconf 88' lang='lat' dir='ltr'><strong>Deum</strong></span> <span class='ocrx_word' id='word_1_133' title='bbox 1203 2470 1337 2541; x_wconf 87' lang='lat' dir='ltr'><strong>Patrem</strong></span> <span class='ocrx_word' id='word_1_134' title='bbox 1363 2479 1511 2543; x_wconf 87' lang='lat' dir='ltr'><strong>sanctum</strong></span> <span class='ocrx_word' id='word_1_135' title='bbox 1535 2478 1569 2540; x_wconf 93' lang='lat' dir='ltr'><strong>et</strong></span> <span class='ocrx_word' id='word_1_136' title='bbox 1587 2471 1701 2541; x_wconf 88' lang='lat' dir='ltr'><strong>omni-</strong></span> 
     </span>
     <span class='ocr_line' id='line_1_16' title="bbox 331 2583 1476 2681; baseline -0.001 -25"><span class='ocrx_word' id='word_1_137' title='bbox 331 2591 519 2680; x_wconf 86' lang='lat' dir='ltr'><strong>potentem,</strong></span> <span class='ocrx_word' id='word_1_138' title='bbox 547 2605 646 2656; x_wconf 87' lang='lat' dir='ltr'><strong>orare</strong></span> <span class='ocrx_word' id='word_1_139' title='bbox 673 2593 707 2656; x_wconf 90' lang='lat' dir='ltr'><strong>et</strong></span> <span class='ocrx_word' id='word_1_140' title='bbox 732 2583 861 2657; x_wconf 92' lang='lat' dir='ltr'><strong>dicere:</strong></span> <span class='ocrx_word' id='word_1_141' title='bbox 888 2585 989 2658; x_wconf 87' lang='lat' dir='ltr'><strong>Pater</strong></span> <span class='ocrx_word' id='word_1_142' title='bbox 1014 2595 1130 2660; x_wconf 87' lang='lat' dir='ltr'><strong>noster</strong></span> <span class='ocrx_word' id='word_1_143' title='bbox 1156 2588 1212 2681; x_wconf 82' lang='lat' dir='ltr'><strong>qui</strong></span> <span class='ocrx_word' id='word_1_144' title='bbox 1239 2607 1277 2657; x_wconf 90' lang='lat' dir='ltr'><strong>es</strong></span> <span class='ocrx_word' id='word_1_145' title='bbox 1304 2585 1476 2658; x_wconf 88' lang='lat' dir='ltr'><strong>incaelis.</strong></span> 
     </span>
    </p>

    <p class='ocr_par' dir='ltr' id='par_1_4' title="bbox 294 2698 1251 2793">
     <span class='ocr_line' id='line_1_17' title="bbox 294 2698 1251 2793; baseline 0.005 -24"><span class='ocrx_word' id='word_1_146' title='bbox 294 2777 302 2790; x_wconf 55' lang='grc'><em>,</em></span> <span class='ocrx_word' id='word_1_147' title='bbox 434 2698 596 2793; x_wconf 81' lang='lat' dir='ltr'><strong>Populus.</strong></span> <span class='ocrx_word' id='word_1_148' title='bbox 649 2699 879 2773; x_wconf 85' lang='lat' dir='ltr'><strong>Sanctificetur</strong></span> <span class='ocrx_word' id='word_1_149' title='bbox 904 2717 1028 2774; x_wconf 91' lang='lat' dir='ltr'><strong>nomeu</strong></span> <span class='ocrx_word' id='word_1_150' title='bbox 1053 2712 1160 2790; x_wconf 91' lang='lat' dir='ltr'><strong>tuum,</strong></span> <span class='ocrx_word' id='word_1_151' title='bbox 1188 2711 1251 2774; x_wconf 86' lang='lat' dir='ltr'><strong>etc.</strong></span> 
     </span>
    </p>

    <p class='ocr_par' dir='ltr' id='par_1_5' title="bbox 331 2813 1702 3373">
     <span class='ocr_line' id='line_1_18' title="bbox 433 2813 1702 2906; baseline 0.005 -20"><span class='ocrx_word' id='word_1_152' title='bbox 433 2813 618 2888; x_wconf 84' lang='lat' dir='ltr'><strong>Sacerdos.</strong></span> <span class='ocrx_word' id='word_1_153' title='bbox 671 2816 772 2888; x_wconf 89' lang='lat' dir='ltr'><strong>Pater</strong></span> <span class='ocrx_word' id='word_1_154' title='bbox 797 2817 939 2905; x_wconf 85' lang='lat' dir='ltr'><strong>Sancte,</strong></span> <span class='ocrx_word' id='word_1_155' title='bbox 967 2827 1001 2888; x_wconf 87' lang='lat' dir='ltr'><strong>et</strong></span> <span class='ocrx_word' id='word_1_156' title='bbox 1026 2818 1225 2890; x_wconf 84' lang='lat' dir='ltr'><strong>Sanctorum</strong></span> <span class='ocrx_word' id='word_1_157' title='bbox 1257 2817 1498 2906; x_wconf 85' lang='lat' dir='ltr'><strong>sanctificator,</strong></span> <span class='ocrx_word' id='word_1_158' title='bbox 1533 2841 1702 2894; x_wconf 88' lang='lat' dir='ltr'><strong>conserva</strong></span> 
     </span>
     <span class='ocr_line' id='line_1_19' title="bbox 332 2933 1699 3027; baseline 0.004 -25"><span class='ocrx_word' id='word_1_159' title='bbox 332 2952 394 3005; x_wconf 90' lang='lat' dir='ltr'><strong>nos</strong></span> <span class='ocrx_word' id='word_1_160' title='bbox 421 2933 454 3002; x_wconf 94' lang='lat' dir='ltr'><strong>in</strong></span> <span class='ocrx_word' id='word_1_161' title='bbox 481 2953 522 3002; x_wconf 90' lang='lat' dir='ltr'><strong>ea</strong></span> <span class='ocrx_word' id='word_1_162' title='bbox 547 2935 740 3022; x_wconf 79' lang='lat' dir='ltr'><strong>sanctitate,</strong></span> <span class='ocrx_word' id='word_1_163' title='bbox 767 2954 853 3026; x_wconf 89' lang='lat' dir='ltr'><strong>quae</strong></span> <span class='ocrx_word' id='word_1_164' title='bbox 879 2955 900 3003; x_wconf 90' lang='lat' dir='ltr'><strong>a</strong></span> <span class='ocrx_word' id='word_1_165' title='bbox 926 2941 960 3004; x_wconf 89' lang='lat' dir='ltr'><strong>te</strong></span> <span class='ocrx_word' id='word_1_166' title='bbox 986 2933 1118 3027; x_wconf 86' lang='lat' dir='ltr'><strong>produit</strong></span> <span class='ocrx_word' id='word_1_167' title='bbox 1144 2936 1314 3024; x_wconf 80' lang='lat' dir='ltr'><strong>eivenit,</strong></span> <span class='ocrx_word' id='word_1_168' title='bbox 1350 2943 1384 3005; x_wconf 88' lang='lat' dir='ltr'><strong>ct</strong></span> <span class='ocrx_word' id='word_1_169' title='bbox 1418 2933 1524 3005; x_wconf 88' lang='lat' dir='ltr'><strong>libera</strong></span> <span class='ocrx_word' id='word_1_170' title='bbox 1559 2957 1622 3008; x_wconf 90' lang='lat' dir='ltr'><strong>nos</strong></span> <span class='ocrx_word' id='word_1_171' title='bbox 1657 2937 1699 3008; x_wconf 93' lang='lat' dir='ltr'><strong>ab</strong></span> 
     </span>
     <span class='ocr_line' id='line_1_20' title="bbox 333 3044 1702 3146; baseline 0.005 -28"><span class='ocrx_word' id='word_1_172' title='bbox 333 3045 484 3119; x_wconf 91' lang='lat' dir='ltr'><strong>omnibus</strong></span> <span class='ocrx_word' id='word_1_173' title='bbox 511 3044 637 3120; x_wconf 90' lang='lat' dir='ltr'><strong>insidiis</strong></span> <span class='ocrx_word' id='word_1_174' title='bbox 664 3055 699 3119; x_wconf 91' lang='lat' dir='ltr'><strong>et</strong></span> <span class='ocrx_word' id='word_1_175' title='bbox 722 3049 880 3120; x_wconf 86' lang='lat' dir='ltr'><strong>versutiis</strong></span> <span class='ocrx_word' id='word_1_176' title='bbox 908 3047 1171 3122; x_wconf 88' lang='lat' dir='ltr'><strong>calumniatoris:</strong></span> <span class='ocrx_word' id='word_1_177' title='bbox 1199 3049 1294 3122; x_wconf 88' lang='lat' dir='ltr'><strong>auter</strong></span> <span class='ocrx_word' id='word_1_178' title='bbox 1314 3049 1448 3122; x_wconf 91' lang='lat' dir='ltr'><strong>anobis</strong></span> <span class='ocrx_word' id='word_1_179' title='bbox 1465 3051 1702 3146; x_wconf 87' lang='lat' dir='ltr'><strong>inspirationes</strong></span> 
     </span>
     <span class='ocr_line' id='line_1_21' title="bbox 331 3161 1700 3261; baseline 0.004 -28"><span class='ocrx_word' id='word_1_180' title='bbox 331 3163 481 3259; x_wconf 86' lang='lat' dir='ltr'><strong>peccati,</strong></span> <span class='ocrx_word' id='word_1_181' title='bbox 507 3170 541 3233; x_wconf 91' lang='lat' dir='ltr'><strong>et</strong></span> <span class='ocrx_word' id='word_1_182' title='bbox 566 3161 699 3235; x_wconf 69' lang='lat' dir='ltr'><strong>nocida</strong></span> <span class='ocrx_word' id='word_1_183' title='bbox 734 3163 945 3236; x_wconf 90' lang='lat' dir='ltr'><strong>delictorum:</strong></span> <span class='ocrx_word' id='word_1_184' title='bbox 979 3174 1013 3237; x_wconf 89' lang='lat' dir='ltr'><strong>et</strong></span> <span class='ocrx_word' id='word_1_185' title='bbox 1044 3175 1187 3261; x_wconf 89' lang='lat' dir='ltr'><strong>protege</strong></span> <span class='ocrx_word' id='word_1_186' title='bbox 1219 3185 1338 3237; x_wconf 91' lang='lat' dir='ltr'><strong>sensus</strong></span> <span class='ocrx_word' id='word_1_187' title='bbox 1373 3174 1509 3238; x_wconf 88' lang='lat' dir='ltr'><strong>nostros</strong></span> <span class='ocrx_word' id='word_1_188' title='bbox 1545 3164 1605 3238; x_wconf 91' lang='lat' dir='ltr'><strong>sub</strong></span> <span class='ocrx_word' id='word_1_189' title='bbox 1639 3165 1700 3239; x_wconf 90' lang='lat' dir='ltr'><strong>alis</strong></span> 
     </span>
     <span class='ocr_line' id='line_1_22' title="bbox 333 3279 1700 3373; baseline 0.001 -23"><span class='ocrx_word' id='word_1_190' title='bbox 333 3280 464 3372; x_wconf 56' lang='lat' dir='ltr'><strong>gutiae</strong></span> <span class='ocrx_word' id='word_1_191' title='bbox 490 3289 575 3350; x_wconf 86' lang='lat' dir='ltr'><strong>tuae.</strong></span> <span class='ocrx_word' id='word_1_192' title='bbox 627 3279 746 3372; x_wconf 84' lang='lat' dir='ltr'><strong>Dirige</strong></span> <span class='ocrx_word' id='word_1_193' title='bbox 772 3301 912 3373; x_wconf 85' lang='lat' dir='ltr'><strong>gressus</strong></span> <span class='ocrx_word' id='word_1_194' title='bbox 938 3291 1072 3355; x_wconf 88' lang='lat' dir='ltr'><strong>nostros</strong></span> <span class='ocrx_word' id='word_1_195' title='bbox 1099 3284 1133 3352; x_wconf 91' lang='lat' dir='ltr'><strong>in</strong></span> <span class='ocrx_word' id='word_1_196' title='bbox 1159 3283 1285 3354; x_wconf 89' lang='lat' dir='ltr'><strong>semitis</strong></span> <span class='ocrx_word' id='word_1_197' title='bbox 1305 3280 1535 3353; x_wconf 89' lang='lat' dir='ltr'><strong>mandatorum</strong></span> <span class='ocrx_word' id='word_1_198' title='bbox 1553 3292 1700 3353; x_wconf 86' lang='lat' dir='ltr'><strong>tuorum:</strong></span> 
     </span>
    </p>
   </div>
   <div class='ocr_carea' id='block_1_4' title="bbox 222 3395 1700 3492">
    <p class='ocr_par' dir='ltr' id='par_1_6' title="bbox 222 3395 1700 3492">
     <span class='ocr_line' id='line_1_23' title="bbox 222 3395 1700 3492; baseline -0.004 -22"><span class='ocrx_word' id='word_1_199' title='bbox 222 3469 231 3492; x_wconf 73' lang='grc'>,</span> <span class='ocrx_word' id='word_1_200' title='bbox 335 3397 409 3490; x_wconf 87' lang='lat' dir='ltr'><strong>quia</strong></span> <span class='ocrx_word' id='word_1_201' title='bbox 435 3403 522 3467; x_wconf 83' lang='lat' dir='ltr'><strong>nuum</strong></span> <span class='ocrx_word' id='word_1_202' title='bbox 551 3404 603 3466; x_wconf 88' lang='lat' dir='ltr'><strong>est</strong></span> <span class='ocrx_word' id='word_1_203' title='bbox 626 3417 786 3488; x_wconf 90' lang='lat' dir='ltr'><strong>regnum,</strong></span> <span class='ocrx_word' id='word_1_204' title='bbox 812 3398 918 3468; x_wconf 82' lang='lat' dir='ltr'><strong>uirtus</strong></span> <span class='ocrx_word' id='word_1_205' title='bbox 945 3407 978 3468; x_wconf 90' lang='lat' dir='ltr'><strong>et</strong></span> <span class='ocrx_word' id='word_1_206' title='bbox 1003 3395 1124 3489; x_wconf 90' lang='lat' dir='ltr'><strong>gloria,</strong></span> <span class='ocrx_word' id='word_1_207' title='bbox 1151 3407 1185 3470; x_wconf 92' lang='lat' dir='ltr'><strong>et</strong></span> <span class='ocrx_word' id='word_1_208' title='bbox 1210 3398 1370 3488; x_wconf 88' lang='lat' dir='ltr'><strong>unigeniti</strong></span> <span class='ocrx_word' id='word_1_209' title='bbox 1386 3395 1442 3468; x_wconf 84' lang='lat' dir='ltr'><strong>filii</strong></span> <span class='ocrx_word' id='word_1_210' title='bbox 1470 3399 1528 3484; x_wconf 88' lang='lat' dir='ltr'><strong>tui,</strong></span> <span class='ocrx_word' id='word_1_211' title='bbox 1556 3407 1589 3468; x_wconf 89' lang='lat' dir='ltr'><strong>et</strong></span> <span class='ocrx_word' id='word_1_212' title='bbox 1616 3395 1700 3491; x_wconf 90' lang='lat' dir='ltr'><strong>Spi-</strong></span> 
     </span>
    </p>
   </div>
   <div class='ocr_carea' id='block_1_5' title="bbox 333 3513 1702 5016">
    <p class='ocr_par' dir='ltr' id='par_1_7' title="bbox 333 3513 825 3602">
     <span class='ocr_line' id='line_1_24' title="bbox 333 3513 825 3602; baseline 0 -20"><span class='ocrx_word' id='word_1_213' title='bbox 333 3513 414 3584; x_wconf 89' lang='lat' dir='ltr'><strong>ritus</strong></span> <span class='ocrx_word' id='word_1_214' title='bbox 442 3513 488 3582; x_wconf 87' lang='lat' dir='ltr'><strong>tui</strong></span> <span class='ocrx_word' id='word_1_215' title='bbox 513 3513 734 3602; x_wconf 76' lang='lat' dir='ltr'><strong>sanctissimi,</strong></span> <span class='ocrx_word' id='word_1_216' title='bbox 762 3522 825 3584; x_wconf 88' lang='lat' dir='ltr'><strong>eto.</strong></span> 
     </span>
    </p>

    <p class='ocr_par' dir='ltr' id='par_1_8' title="bbox 436 3629 769 3724">
     <span class='ocr_line' id='line_1_25' title="bbox 436 3629 769 3724; baseline 0.006 -24"><span class='ocrx_word' id='word_1_217' title='bbox 436 3629 598 3724; x_wconf 82' lang='lat' dir='ltr'><strong>Populea.</strong></span> <span class='ocrx_word' id='word_1_218' title='bbox 650 3633 769 3705; x_wconf 88' lang='lat' dir='ltr'><strong>Amen.</strong></span> 
     </span>
    </p>

    <p class='ocr_par' dir='ltr' id='par_1_9' title="bbox 438 3745 758 3820">
     <span class='ocr_line' id='line_1_26' title="bbox 438 3745 758 3820; baseline 0.006 -2"><span class='ocrx_word' id='word_1_219' title='bbox 438 3745 619 3819; x_wconf 82' lang='lat' dir='ltr'><strong>Sacerdos.</strong></span> <span class='ocrx_word' id='word_1_220' title='bbox 673 3748 758 3820; x_wconf 88' lang='lat' dir='ltr'><strong>Pax.</strong></span> 
     </span>
    </p>

    <p class='ocr_par' dir='ltr' id='par_1_10' title="bbox 439 3862 1027 3961">
     <span class='ocr_line' id='line_1_27' title="bbox 439 3862 1027 3961; baseline 0.012 -29"><span class='ocrx_word' id='word_1_221' title='bbox 439 3862 597 3957; x_wconf 81' lang='lat' dir='ltr'><strong>Populea.</strong></span> <span class='ocrx_word' id='word_1_222' title='bbox 648 3864 693 3937; x_wconf 85' lang='lat' dir='ltr'><strong>Et</strong></span> <span class='ocrx_word' id='word_1_223' title='bbox 719 3886 793 3937; x_wconf 91' lang='lat' dir='ltr'><strong>cum</strong></span> <span class='ocrx_word' id='word_1_224' title='bbox 820 3866 934 3961; x_wconf 88' lang='lat' dir='ltr'><strong>spiritu</strong></span> <span class='ocrx_word' id='word_1_225' title='bbox 960 3875 1027 3939; x_wconf 90' lang='lat' dir='ltr'><strong>tuo.</strong></span> 
     </span>
    </p>

    <p class='ocr_par' dir='ltr' id='par_1_11' title="bbox 438 3977 777 4052">
     <span class='ocr_line' id='line_1_28' title="bbox 438 3977 777 4052; baseline 0.009 -4"><span class='ocrx_word' id='word_1_226' title='bbox 438 3977 625 4050; x_wconf 82' lang='lat' dir='ltr'><strong>Diaconos.</strong></span> <span class='ocrx_word' id='word_1_227' title='bbox 677 3980 777 4052; x_wconf 80' lang='lat' dir='ltr'><strong>Ante.</strong></span> 
     </span>
    </p>

    <p class='ocr_par' dir='ltr' id='par_1_12' title="bbox 373 4093 846 4188">
     <span class='ocr_line' id='line_1_29' title="bbox 373 4093 846 4188; baseline 0.013 -26"><span class='ocrx_word' id='word_1_228' title='bbox 373 4155 375 4162; x_wconf 18' lang='grc' dir='ltr'>ι</span> <span class='ocrx_word' id='word_1_229' title='bbox 439 4093 599 4188; x_wconf 82' lang='lat' dir='ltr'><strong>Populus.</strong></span> <span class='ocrx_word' id='word_1_230' title='bbox 653 4093 778 4168; x_wconf 84' lang='lat' dir='ltr'><strong>Coram</strong></span> <span class='ocrx_word' id='word_1_231' title='bbox 804 4106 846 4168; x_wconf 88' lang='lat' dir='ltr'><strong>te.</strong></span> 
     </span>
    </p>

    <p class='ocr_par' dir='ltr' id='par_1_13' title="bbox 336 4203 1702 5016">
     <span class='ocr_line' id='line_1_30' title="bbox 440 4203 1701 4312; baseline -0.006 -30"><span class='ocrx_word' id='word_1_232' title='bbox 440 4209 614 4282; x_wconf 80' lang='lat' dir='ltr'><strong>Sacerdos</strong></span> <span class='ocrx_word' id='word_1_233' title='bbox 640 4211 777 4283; x_wconf 82' lang='lat' dir='ltr'><strong>cloccas</strong></span> <span class='ocrx_word' id='word_1_234' title='bbox 802 4235 927 4285; x_wconf 82' lang='lat' dir='ltr'><strong>aecem.</strong></span> <span class='ocrx_word' id='word_1_235' title='bbox 980 4211 1104 4284; x_wconf 88' lang='lat' dir='ltr'><strong>inclina</strong></span> <span class='ocrx_word' id='word_1_236' title='bbox 1130 4208 1273 4282; x_wconf 90' lang='lat' dir='ltr'><strong>Domine</strong></span> <span class='ocrx_word' id='word_1_237' title='bbox 1299 4231 1414 4312; x_wconf 79' lang='lat' dir='ltr'><strong>aurem</strong></span> <span class='ocrx_word' id='word_1_238' title='bbox 1441 4214 1530 4276; x_wconf 87' lang='lat' dir='ltr'><strong>tuam</strong></span> <span class='ocrx_word' id='word_1_239' title='bbox 1553 4203 1595 4276; x_wconf 92' lang='lat' dir='ltr'><strong>ad</strong></span> <span class='ocrx_word' id='word_1_240' title='bbox 1613 4226 1701 4299; x_wconf 91' lang='lat' dir='ltr'><strong>pre-</strong></span> 
     </span>
     <span class='ocr_line' id='line_1_31' title="bbox 337 4323 1701 4421; baseline -0.006 -23"><span class='ocrx_word' id='word_1_241' title='bbox 337 4337 394 4400; x_wconf 85' lang='lat' dir='ltr'><strong>ces</strong></span> <span class='ocrx_word' id='word_1_242' title='bbox 421 4334 456 4398; x_wconf 86' lang='lat' dir='ltr'><strong>et</strong></span> <span class='ocrx_word' id='word_1_243' title='bbox 482 4330 651 4400; x_wconf 88' lang='lat' dir='ltr'><strong>orationes</strong></span> <span class='ocrx_word' id='word_1_244' title='bbox 678 4349 855 4401; x_wconf 86' lang='lat' dir='ltr'><strong>servorum</strong></span> <span class='ocrx_word' id='word_1_245' title='bbox 881 4340 1028 4416; x_wconf 80' lang='lat' dir='ltr'><strong>tuoruum,</strong></span> <span class='ocrx_word' id='word_1_246' title='bbox 1057 4329 1112 4421; x_wconf 88' lang='lat' dir='ltr'><strong>qui</strong></span> <span class='ocrx_word' id='word_1_247' title='bbox 1138 4348 1251 4399; x_wconf 91' lang='lat' dir='ltr'><strong>coram</strong></span> <span class='ocrx_word' id='word_1_248' title='bbox 1278 4333 1328 4416; x_wconf 88' lang='lat' dir='ltr'><strong>ta,</strong></span> <span class='ocrx_word' id='word_1_249' title='bbox 1362 4324 1428 4398; x_wconf 92' lang='lat' dir='ltr'><strong>hoc</strong></span> <span class='ocrx_word' id='word_1_250' title='bbox 1460 4332 1611 4415; x_wconf 87' lang='lat' dir='ltr'><strong>tempore</strong></span> <span class='ocrx_word' id='word_1_251' title='bbox 1642 4323 1701 4391; x_wconf 92' lang='lat' dir='ltr'><strong>in-</strong></span> 
     </span>
     <span class='ocr_line' id='line_1_32' title="bbox 337 4435 1702 4541; baseline -0.007 -25"><span class='ocrx_word' id='word_1_252' title='bbox 337 4441 570 4516; x_wconf 89' lang='lat' dir='ltr'><strong>clinanteolla</strong></span> <span class='ocrx_word' id='word_1_253' title='bbox 597 4465 673 4516; x_wconf 90' lang='lat' dir='ltr'><strong>sua:</strong></span> <span class='ocrx_word' id='word_1_254' title='bbox 701 4452 834 4517; x_wconf 93' lang='lat' dir='ltr'><strong>etcum</strong></span> <span class='ocrx_word' id='word_1_255' title='bbox 868 4441 1176 4541; x_wconf 87' lang='lat' dir='ltr'><strong>deprecationibus,</strong></span> <span class='ocrx_word' id='word_1_256' title='bbox 1211 4441 1370 4537; x_wconf 80' lang='lat' dir='ltr'><strong>lacrymis</strong></span> <span class='ocrx_word' id='word_1_257' title='bbox 1402 4449 1437 4510; x_wconf 87' lang='lat' dir='ltr'><strong>et</strong></span> <span class='ocrx_word' id='word_1_258' title='bbox 1472 4439 1622 4532; x_wconf 90' lang='lat' dir='ltr'><strong>suspiriis</strong></span> <span class='ocrx_word' id='word_1_259' title='bbox 1658 4435 1702 4508; x_wconf 95' lang='lat' dir='ltr'><strong>ad</strong></span> 
     </span>
     <span class='ocr_line' id='line_1_33' title="bbox 336 4557 1700 4654; baseline -0.007 -22"><span class='ocrx_word' id='word_1_260' title='bbox 336 4570 370 4632; x_wconf 89' lang='lat' dir='ltr'><strong>te</strong></span> <span class='ocrx_word' id='word_1_261' title='bbox 396 4559 546 4632; x_wconf 89' lang='lat' dir='ltr'><strong>clamant.</strong></span> <span class='ocrx_word' id='word_1_262' title='bbox 598 4557 742 4654; x_wconf 86' lang='lat' dir='ltr'><strong>Respice</strong></span> <span class='ocrx_word' id='word_1_263' title='bbox 768 4560 844 4634; x_wconf 93' lang='lat' dir='ltr'><strong>illos</strong></span> <span class='ocrx_word' id='word_1_264' title='bbox 871 4572 905 4633; x_wconf 87' lang='lat' dir='ltr'><strong>et</strong></span> <span class='ocrx_word' id='word_1_265' title='bbox 929 4565 1022 4634; x_wconf 89' lang='lat' dir='ltr'><strong>mitte</strong></span> <span class='ocrx_word' id='word_1_266' title='bbox 1046 4560 1110 4632; x_wconf 92' lang='lat' dir='ltr'><strong>illis</strong></span> <span class='ocrx_word' id='word_1_267' title='bbox 1142 4562 1286 4632; x_wconf 91' lang='lat' dir='ltr'><strong>Domine</strong></span> <span class='ocrx_word' id='word_1_268' title='bbox 1318 4581 1359 4631; x_wconf 85' lang='lat' dir='ltr'><strong>aa</strong></span> <span class='ocrx_word' id='word_1_269' title='bbox 1386 4578 1472 4653; x_wconf 86' lang='lat' dir='ltr'><strong>qnae</strong></span> <span class='ocrx_word' id='word_1_270' title='bbox 1504 4564 1597 4626; x_wconf 88' lang='lat' dir='ltr'><strong>recte</strong></span> <span class='ocrx_word' id='word_1_271' title='bbox 1632 4575 1700 4647; x_wconf 92' lang='lat' dir='ltr'><strong>pa-</strong></span> 
     </span>
     <span class='ocr_line' id='line_1_34' title="bbox 336 4666 1700 4773; baseline -0.007 -25"><span class='ocrx_word' id='word_1_272' title='bbox 336 4686 420 4748; x_wconf 89' lang='lat' dir='ltr'><strong>tunt:</strong></span> <span class='ocrx_word' id='word_1_273' title='bbox 455 4697 600 4770; x_wconf 85' lang='lat' dir='ltr'><strong>asperge</strong></span> <span class='ocrx_word' id='word_1_274' title='bbox 634 4697 735 4771; x_wconf 89' lang='lat' dir='ltr'><strong>super</strong></span> <span class='ocrx_word' id='word_1_275' title='bbox 768 4699 828 4750; x_wconf 91' lang='lat' dir='ltr'><strong>eos</strong></span> <span class='ocrx_word' id='word_1_276' title='bbox 863 4676 1047 4773; x_wconf 77' lang='lat' dir='ltr'><strong>hyssopum</strong></span> <span class='ocrx_word' id='word_1_277' title='bbox 1080 4687 1168 4750; x_wconf 88' lang='lat' dir='ltr'><strong>tuum</strong></span> <span class='ocrx_word' id='word_1_278' title='bbox 1195 4683 1362 4764; x_wconf 88' lang='lat' dir='ltr'><strong>sanctum,</strong></span> <span class='ocrx_word' id='word_1_279' title='bbox 1389 4682 1423 4745; x_wconf 89' lang='lat' dir='ltr'><strong>et</strong></span> <span class='ocrx_word' id='word_1_280' title='bbox 1454 4668 1574 4743; x_wconf 88' lang='lat' dir='ltr'><strong>dealba</strong></span> <span class='ocrx_word' id='word_1_281' title='bbox 1608 4666 1700 4740; x_wconf 90' lang='lat' dir='ltr'><strong>illos:</strong></span> 
     </span>
     <span class='ocr_line' id='line_1_35' title="bbox 337 4787 1702 4887; baseline -0.006 -25"><span class='ocrx_word' id='word_1_282' title='bbox 337 4794 428 4862; x_wconf 70' lang='lat' dir='ltr'><strong>mide</strong></span> <span class='ocrx_word' id='word_1_283' title='bbox 455 4811 557 4887; x_wconf 91' lang='lat' dir='ltr'><strong>super</strong></span> <span class='ocrx_word' id='word_1_284' title='bbox 581 4787 656 4862; x_wconf 89' lang='lat' dir='ltr'><strong>illos</strong></span> <span class='ocrx_word' id='word_1_285' title='bbox 682 4791 821 4866; x_wconf 90' lang='lat' dir='ltr'><strong>imbrem</strong></span> <span class='ocrx_word' id='word_1_286' title='bbox 846 4795 1053 4882; x_wconf 87' lang='lat' dir='ltr'><strong>clementiae,</strong></span> <span class='ocrx_word' id='word_1_287' title='bbox 1079 4795 1326 4866; x_wconf 87' lang='lat' dir='ltr'><strong>miserationum</strong></span> <span class='ocrx_word' id='word_1_288' title='bbox 1343 4800 1377 4862; x_wconf 89' lang='lat' dir='ltr'><strong>et</strong></span> <span class='ocrx_word' id='word_1_289' title='bbox 1403 4787 1532 4860; x_wconf 87' lang='lat' dir='ltr'><strong>salutis:</strong></span> <span class='ocrx_word' id='word_1_290' title='bbox 1559 4791 1702 4880; x_wconf 87' lang='lat' dir='ltr'><strong>protege</strong></span> 
     </span>
     <span class='ocr_line' id='line_1_36' title="bbox 338 4900 1702 5016; baseline -0.003 -41"><span class='ocrx_word' id='word_1_291' title='bbox 338 4903 430 4997; x_wconf 87' lang='lat' dir='ltr'><strong>illos,</strong></span> <span class='ocrx_word' id='word_1_292' title='bbox 458 4915 492 4976; x_wconf 89' lang='lat' dir='ltr'><strong>et</strong></span> <span class='ocrx_word' id='word_1_293' title='bbox 505 4902 560 5016; x_wconf 63' lang='lat' dir='ltr'><strong>⁸ab</strong></span> <span class='ocrx_word' id='word_1_294' title='bbox 588 4908 676 4977; x_wconf 89' lang='lat' dir='ltr'><strong>omni</strong></span> <span class='ocrx_word' id='word_1_295' title='bbox 702 4912 855 5001; x_wconf 87' lang='lat' dir='ltr'><strong>angustia</strong></span> <span class='ocrx_word' id='word_1_296' title='bbox 883 4923 982 5007; x_wconf 87' lang='lat' dir='ltr'><strong>atque</strong></span> <span class='ocrx_word' id='word_1_297' title='bbox 1007 4909 1192 4983; x_wconf 88' lang='lat' dir='ltr'><strong>rebellione</strong></span> <span class='ocrx_word' id='word_1_298' title='bbox 1219 4929 1318 4980; x_wconf 91' lang='lat' dir='ltr'><strong>serva</strong></span> <span class='ocrx_word' id='word_1_299' title='bbox 1345 4906 1435 4979; x_wconf 90' lang='lat' dir='ltr'><strong>illos:</strong></span> <span class='ocrx_word' id='word_1_300' title='bbox 1464 4913 1500 4975; x_wconf 87' lang='lat' dir='ltr'><strong>ut</strong></span> <span class='ocrx_word' id='word_1_301' title='bbox 1513 4900 1604 4994; x_wconf 88' lang='lat' dir='ltr'><strong>digni</strong></span> <span class='ocrx_word' id='word_1_302' title='bbox 1622 4900 1702 4972; x_wconf 90' lang='lat' dir='ltr'><strong>liant</strong></span> 
     </span>
    </p>
   </div>
   <div class='ocr_carea' id='block_1_6' title="bbox 338 5023 1701 5214">
    <p class='ocr_par' dir='ltr' id='par_1_14' title="bbox 338 5023 1701 5214">
     <span class='ocr_line' id='line_1_37' title="bbox 338 5023 1701 5127; baseline -0.007 -31"><span class='ocrx_word' id='word_1_303' title='bbox 338 5024 552 5118; x_wconf 89' lang='lat' dir='ltr'><strong>susceptione</strong></span> <span class='ocrx_word' id='word_1_304' title='bbox 577 5027 812 5119; x_wconf 82' lang='lat' dir='ltr'><strong>mysteriorum</strong></span> <span class='ocrx_word' id='word_1_305' title='bbox 838 5037 966 5100; x_wconf 86' lang='lat' dir='ltr'><strong>tuorum</strong></span> <span class='ocrx_word' id='word_1_306' title='bbox 993 5039 1182 5102; x_wconf 85' lang='lat' dir='ltr'><strong>sanctorum</strong></span> <span class='ocrx_word' id='word_1_307' title='bbox 1209 5035 1243 5097; x_wconf 89' lang='lat' dir='ltr'><strong>at</strong></span> <span class='ocrx_word' id='word_1_308' title='bbox 1270 5023 1524 5127; x_wconf 84' lang='lat' dir='ltr'><strong>vivificantium,</strong></span> <span class='ocrx_word' id='word_1_309' title='bbox 1551 5027 1585 5089; x_wconf 90' lang='lat' dir='ltr'><strong>ut</strong></span> <span class='ocrx_word' id='word_1_310' title='bbox 1612 5038 1701 5089; x_wconf 92' lang='lat' dir='ltr'><strong>con-</strong></span> 
     </span>
     <span class='ocr_line' id='line_1_38' title="bbox 1420 5137 1497 5214; baseline 0.013 -1"><span class='ocrx_word' id='word_1_311' title='bbox 1420 5137 1497 5214; x_wconf 81' lang='lat'><strong>43*</strong></span> 
     </span>
    </p>
   </div>
   <div class='ocr_carea' id='block_1_7' title="bbox 0 0 2370 6036">
    <p class='ocr_par' dir='ltr' id='par_1_15' title="bbox 0 0 2370 6036">
     <span class='ocr_line' id='line_1_39' title="bbox 0 0 2370 6036; baseline 0 0"><span class='ocrx_word' id='word_1_312' title='bbox 0 0 2370 6036; x_wconf 95' lang='lat' dir='ltr'><strong> </strong></span> 
     </span>
    </p>
   </div>
  </div>
 </body>
</html>
