4728 6028
668 576 1048 653 lllllTURGlrlS
1084 573 1371 652 statuere.
1656 571 1703 647 71

726 848 832 921 Abile
859 849 1036 920 auditores
1061 851 1097 918 iu
1119 871 1220 941 paco,
1248 854 1311 918 etc.
1752 843 1784 896 P·
1804 844 1846 896 10·
1865 845 1881 896 t
1901 844 1926 896 1.

429 1060 580 1138 Foauucr
604 1070 678 1133 haec
700 1070 822 1150 antiqua
844 1076 966 1132 servata
989 1077 1035 1131 est
1057 1087 1097 1132 ex
1117 1069 1216 1132 ueteri
1237 1068 1395 1148 disciplina
1417 1087 1494 1150 quac
1518 1067 1628 1132 dudum
1646 1088 1706 1151 pe·
1741 1067 1907 1136 Expulsionis
1921 1066 2032 1120 audien-

329 1177 407 1260 nitus
432 1174 511 1257 apud
535 1173 629 1254 Syros
653 1172 821 1249 obsolevit,
849 1189 910 1234 non
939 1173 1035 1234 31333
1063 1189 1152 1255 quam
1175 1174 1254 1233 inter
1277 1172 1428 1250 Graecos,
1464 1174 1514 1253 qui
1544 1181 1644 1236 tamen
1674 1174 1704 1236 in
1718 1154 2032 1254 trumuirciptiminbi-
2068 1232 2072 1240 ,

327 1273 549 1338 recentioribus
573 1274 635 1335 suis
659 1270 813 1334 codicibus
837 1271 918 1332 illam
941 1271 981 1332 ita
1004 1273 1184 1352 exprimunt.
1207 1259 1299 1334 Ὅσοι
1312 1260 1547 1354 κατηχούμενοι
1565 1248 1809 1356 reposit-‘⁰¹⁸⁸'
1827 1248 1985 1294 mmm·

327 1375 423 1436 θετε·
445 1362 543 1457 μήτις
557 1368 622 1434 τῶν
644 1361 899 1453 κατηχουμὲνων.
932 1369 1083 1450 Quotquot
1100 1369 1314 1432 Ootcclrumeni
1331 1370 1506 1449 procedite:
1528 1371 1706 1433 33113303

329 1474 580 1535 tecbumeuorum.
625 1470 658 1532 ln
693 1469 799 1532 Jacobi
831 1468 948 1530 Graeca
978 1469 1123 1550 Liturgia,
1168 1455 1283 1551 Μήτις
1312 1460 1574 1551 κατηχουμὲνων·
1608 1457 1706 1553 μήτις
1717 1462 1823 1517 Mul
1843 1464 1919 1517 ⁶⁰¹²st
1930 1482 1957 1533 Ρ·
1970 1462 2030 1516 129.

330 1556 497 1654 ἀμυήτων·
528 1556 627 1652 μήτις
649 1565 706 1630 καὶ
729 1557 776 1650 μὴ
798 1560 983 1646 δυναμένων
1005 1555 1081 1650 ἡμῖν
1102 1562 1339 1651 συνδεηθῆναι·
1364 1554 1527 1650 ἀλλήλους
1541 1561 1705 1651 ἐπίγνωτε·

330 1659 430 1754 ὀρθοὶ
452 1655 581 1741 πάντες.
605 1668 711 1730 Nullus
733 1666 1037 1729 Ootecluumeuorum:
1060 1667 1158 1727 331133
1178 1686 1240 1728 uou
1262 1668 1467 1728 initiatorum:
1488 1667 1586 1728 331133
1601 1688 1707 1730 corum
1749 1711 1758 1725 .

323 1769 380 1850 'qui
401 1787 495 1830 orare
517 1769 672 1830 uobiscum
693 1774 859 1846 uequeuut:
882 1767 1037 1846 oqnoscite
1058 1783 1114 1826 333
1130 1767 1284 1826 inuicem:
1306 1765 1400 1827 Fores
1422 1764 1590 1828 obseruate.
1619 1765 1708 1828 Recti

265 1940 267 1946 Ι
329 1885 432 1929 33333
459 1875 663 1946 permaneant.
730 1865 812 1926 llaec
841 1884 880 1927 ex
908 1864 1038 1943 antiquis
1061 1863 1219 1926 Ecclesiae
1246 1864 1380 1925 moribus
1410 1864 1462 1943 qui
1484 1865 1577 1926 variis
1601 1861 1706 1927 Cano-

331 1967 420 2029 nibus
443 1967 646 2043 continentur,
670 1965 825 2026 notissima
847 1971 931 2025 sunt:
956 1981 1023 2024 cum
1046 1980 1107 2025 non
1130 1963 1227 2024 minus
1251 1964 1279 2025 in
1296 1963 1433 2042 Oriente,
1457 1982 1545 2045 quarn
1567 1965 1597 2026 in
1612 1963 1705 2026 Occi-

328 2064 420 2127 dente
444 2067 526 2126 circa
549 2063 628 2125 illam
652 2062 746 2126 Olllcii
769 2063 849 2125 sacri
872 2069 1005 2143 partem,
1037 2080 1114 2142 quae
1142 2061 1256 2124 Latinis
1285 2062 1399 2125 idcirco
1435 2063 1532 2125 Misso
1559 2063 1706 2125 Fidelium

328 2165 407 2226 dicta
442 2172 504 2242 est,
535 2161 772 2226 excluderentur
799 2160 954 2240 infideles,
987 2159 1211 2238 catechumeni,
1242 2163 1451 2240 3333113333,
1486 2162 1703 2244 energumeni:

330 2281 433 2328 omnes
456 2262 577 2325 tandem
601 2262 651 2342 qui
671 2262 721 2343 jus
745 2260 905 2323 oblationis
928 2267 959 2323 et
981 2260 1196 2322 communionis
1220 2277 1281 2321 333
1297 2260 1477 2341 'habebant,
1506 2279 1573 2324 cum
1602 2261 1705 2350 bapti-

330 2365 387 2425 sati
409 2379 470 2424 non
501 2368 621 2424 essent:
646 2369 698 2423 aut
726 2359 799 2422 illud
829 2378 885 2439 per
913 2365 1069 2441 peccatum
1104 2358 1226 2440 aliquod
1255 2360 1434 2423 amisissent.
1481 2361 1612 2424 Perstitit
1641 2377 1705 2422 mos

332 2461 471 2543 antiquus
494 2461 524 2522 in
547 2458 685 2522 Ecclesia
709 2460 846 2537 Graeca,
869 2477 966 2539 usque
991 2458 1029 2520 ad
1051 2458 1171 2538 lmperii
1195 2460 1519 2541 constantinopolitani
1542 2460 1703 2537 excidium,

330 2563 411 2623 circa
437 2559 692 2622 Catecbumenos:
723 2576 783 2620 333
814 2576 888 2641 erga
918 2560 1127 2640 poenitentes,
1158 2577 1198 2621 ex
1221 2575 1280 2640 quo
1303 2562 1508 2640 poenitentiae
1531 2562 1707 2637 canonicae,

331 2661 512 2741 praesertim
534 2658 692 2740 publicae,
717 2657 813 2720 forma
842 2665 954 2720 mutata
982 2665 1045 2720 est:
1075 2658 1168 2720 multo
1198 2658 1295 2721 minus
1327 2677 1402 2741 erga
1430 2659 1581 2738 infideles,
1605 2677 1708 2744 rerum

333 2760 480 2824 dominos.
527 2758 571 2824 lm
584 2756 789 2822 Orientalibus
812 2755 960 2819 Ecclesiis
991 2774 1052 2819 non
1075 2758 1164 2819 modo
1187 2755 1238 2818 illa
1261 2756 1427 2838 disciplina,
1451 2757 1505 2820 sed
1529 2760 1619 2822 etiam
1641 2761 1707 2840 ipsa

331 2857 459 2921 1333313
483 2856 599 2920 sublata
622 2865 670 2920 est
692 2875 732 2917 ex
762 2855 900 2918 omnibus
924 2854 1087 2938 Liturgicis
1115 2855 1288 2935 codicibus,
1316 2865 1440 2937 praeter
1465 2875 1553 2936 quam
1583 2877 1623 2919 ex
1646 2857 1709 2939 Sy-

331 2959 435 3036 riacis,
459 2959 489 3020 in
512 2957 621 3038 quibus
644 2961 766 3018 servata
789 2962 850 3027 est,
879 2962 912 3016 ut
935 2955 1005 3016 olim
1035 2955 1066 3016 in
1092 2954 1198 3018 tacobi
1229 2955 1361 3033 Graeca,
1389 2975 1467 3037 quae
1497 2955 1613 3019 illarum
1642 2956 1709 3036 pri-

332 3076 470 3120 maevum
493 3055 650 3137 exemplar
674 3062 729 3116 est.
775 3053 849 3116 Nam
872 3053 1060 3129 Audientes,
1084 3055 1149 3117 sive
1172 3054 1329 3132 lnfideles,
1361 3056 1412 3137 qui
1434 3057 1472 3118 ad
1495 3073 1599 3120 sacras
1622 3055 1709 3120 Sori-

332 3164 449 3238 pturas,
473 3163 503 3218 et
525 3171 682 3218 sermones
706 3154 743 3216 ad
766 3154 912 3236 populum
935 3154 1177 3232 admittebantur,
1201 3154 1311 3216 dudum
1334 3154 1408 3216 nulli
1431 3163 1516 3217 sunt:
1549 3173 1616 3217 cum
1638 3155 1709 3217 Mu-

332 3254 501 3333 hamedani,
524 3265 628 3328 caeco,
652 3262 683 3318 ct
706 3252 874 3335 profundae
897 3253 1085 3333 ignorantiae
1109 3253 1243 3314 tenebris
1266 3253 1448 3316 circumfuso
1471 3254 1587 3331 lurore,
1610 3273 1708 3337 nugas

332 3354 489 3431 Alcorani,
520 3360 553 3414 et
575 3353 704 3414 infinitas
735 3352 808 3421 alias
839 3350 1047 3412 traditionibus
1070 3351 1133 3412 suis
1163 3352 1328 3414 cumulatas
1358 3352 1435 3414 adeo
1466 3353 1573 3415 inllrtas
1604 3355 1709 3416 animis

334 3455 531 3529 habeantur
554 3451 633 3513 aliud
657 3452 808 3532 quidpiam
832 3469 869 3512 ne
893 3447 997 3511 audire
1022 3449 1142 3529 quidem
1164 3450 1267 3513 velint,
1313 3451 1401 3524 Quod
1429 3454 1455 3513 si
1476 3451 1630 3514 Ecclesias
1658 3453 1709 3514 in-

333 3552 578 3636 gradiebamur
601 3568 694 3632 saepe
718 3549 886 3627 Janissarii,
910 3549 1089 3630 praesertim
1114 3566 1181 3610 cum
1196 3549 1266 3610 vino
1282 3549 1447 3629 incaluere,
1470 3551 1616 3629 factitant,
1640 3559 1710 3613 tur-

331 3649 403 3712 bant
425 3652 541 3713 omnia:
564 3657 678 3712 tantum
702 3650 789 3712 abest
811 3657 843 3711 ut
867 3648 1005 3712 audiendi
1028 3648 1114 3710 verbi
1127 3648 1184 3710 Dei
1206 3665 1309 3740 curam
1330 3648 1420 3718 ullam
1433 3649 1572 3712 habeant.
1597 3651 1708 3713 Verum

332 3753 489 3812 maximam
511 3752 656 3832 pietatem
685 3751 856 3813 existimant
879 3749 1054 3812 Christianis
1077 3755 1109 3810 et
1139 3748 1259 3809 illorum
1288 3748 1489 3813 Sacramentis
1516 3749 1644 3812 illudere
1678 3759 1710 3812 et

333 3850 478 3912 insultare
501 3857 643 3930 quantum
666 3857 809 3929 possunt:
832 3848 912 3910 unde
935 3847 1056 3925 iactum,
1084 3848 1262 3927 praesertim
1285 3848 1336 3909 ubi
1360 3848 1477 3912 'turcae
1508 3849 1708 3929 dominantur,

332 3958 366 4012 ut
388 3951 466 4012 ostia
488 3947 646 4012 Ecclesiae
668 3967 730 4011 non
752 3947 928 4028 Acolytbis,
959 3948 1097 4010 Ostiariis
1126 3955 1177 4008 aut
1199 3947 1394 4025 Lectoribus,
1423 3957 1456 4010 ut
1485 3948 1571 4025 olim,
1602 3956 1709 4012 custo-

334 4047 444 4110 dienda
467 4049 705 4123 committantur,
728 4049 783 4110 sed
807 4047 935 4110 conduci
963 4045 1099 4108 infideles
1122 4045 1232 4109 milites
1255 4049 1369 4125 solent,
1399 4049 1449 4128 qui
1479 4048 1551 4112 ioris
1581 4055 1708 4126 stantes,

334 4147 554 4210 commilitones
575 4164 649 4210 suos
672 4147 709 4209 ab
731 4146 889 4210 inferenda
913 4143 1100 4224 Christianis,
1132 4145 1270 4227 Synaxes
1297 4165 1368 4212 suas
1391 4148 1630 4226 celebrantibus,
1659 4149 1709 4208 in-

329 4245 410 4328 juria
440 4245 630 4327 prohibeant.
676 4246 849 4328 Proselytos
883 4262 957 4312 3333
994 4265 1033 4308 ex
1060 4244 1284 4309 llubamedanis
1317 4248 1352 4310 ad
1390 4246 1588 4311 Christianam
1621 4247 1709 4310 tidem

333 4345 533 4426 profitendam
556 4345 748 4422 accedentes,
771 4346 823 4408 vix
845 4346 932 4420 ullos,
955 4344 1124 4407 Orientalcs
1149 4343 1293 4408 historiae
1307 4346 1459 4423 reserunt3
1483 4349 1557 4410 nulli
1572 4349 1609 4411 ab
1624 4347 1709 4408 33313

336 4444 437 4507 multis
461 4452 624 4508 occurrunt
647 4464 663 4506 a
686 4445 884 4508 Missionariis
907 4443 1076 4506 memorati:
1100 4452 1131 4506 et
1154 4463 1228 4506 3333
1244 4454 1351 4507 cavent
1373 4447 1414 4508 illi
1438 4464 1645 4529 summopere,
1669 4461 1708 4506 ne

335 4544 373 4606 de
403 4544 550 4625 religione
579 4545 704 4607 verbum
734 4543 792 4607 illis
824 4544 942 4609 iaciant.
987 4543 1179 4607 Poenitentes
1208 4543 1282 4607 nulli
1308 4545 1369 4627 jam
1399 4555 1470 4609 sunt
1506 4548 1631 4629 proprie
1658 4544 1710 4606 lo-

335 4644 466 4723 quendo,
489 4661 556 4705 cum
580 4663 597 4706 a
620 4644 718 4705 multis
742 4644 871 4707 sacculis
894 4644 1079 4726 poenitentia
1104 4645 1199 4706 omnis
1228 4654 1348 4707 secreta
1379 4645 1487 4724 suerit,
1517 4656 1607 4728 atque
1630 4644 1707 4707 adeo

334 4759 352 4804 a
375 4744 583 4806 communione
607 4743 726 4824 quidem
755 4742 1014 4806 Sacramentorurn
1045 4743 1278 4825 prohibeantur,
1306 4745 1357 4825 qui
1381 4744 1423 4808 illi
1446 4747 1619 4828 subjacent,
1646 4762 1708 4806 non

334 4848 432 4903 tamen
456 4862 473 4904 a
496 4859 619 4923 precum
641 4842 798 4906 Ecclesiae
828 4846 1048 4908 communione.
1072 4842 1157 4906 Unde
1185 4845 1320 4924 quamvis
1349 4845 1440 4908 multa
1463 4865 1503 4910 ex
1530 4849 1628 4911 veteri
1657 4846 1707 4907 di-

335 4938 461 5022 sciplina
485 4960 560 5024 ergo
584 4941 651 5004 illos
675 4943 891 5022 observentur,
922 4945 1147 5025 suscipiuntque
1175 4944 1393 5023 impositionem
1415 4964 1555 5010 manumn
1579 4956 1610 5010 et
1633 4964 1708 5010 ora·

334 5040 432 5103 tiones
457 5040 628 5105 Sacerdotis
651 5050 703 5105 aut
724 5043 883 5125 Episcopi,
907 5045 1046 5126 privatim
1069 5043 1143 5107 baec
1166 5042 1252 5107 liunt:
1276 5045 1307 5106 in
1329 5042 1468 5108 Ecclesia
1491 5047 1628 5126 quidem,
1652 5046 1708 5110 sed
