4804 6026
704 549 757 623 36
1214 545 1575 626 irruituro

703 745 741 808 tu
768 757 821 824 cs,
846 734 969 828 dignos
996 731 1093 808 effice
1120 742 1154 806 ut
1179 735 1325 804 omnium
1350 730 1480 804 illornrn
1506 735 1562 827 qni
1589 732 1763 806 ιιιιιιΙο
1788 731 1848 806 tihi
1872 733 2080 830 placuerunt,

701 853 902 922 memoriam
928 871 1085 944 agamus:
1111 849 1247 920 Patrum
1272 857 1465 922 sauctorum
1490 845 1814 936 etPatriarcharnm,
1840 846 2080 943 Prophetarum

701 975 742 1038 et
766 965 1019 1061 Apostolorum,
1045 963 1186 1036 loannis
1212 966 1444 1059 praecursoris
1470 971 1505 1036 et
1528 963 1714 1060 Baptistae,
1740 963 1777 1068 s:
1803 961 1965 1059 Stephani
1981 967 2080 1060 primi

704 1079 946 1170 Diaconorunr,
972 1091 1007 1152 et
1032 1082 1126 1176 primi
1153 1079 1351 1174 hlartpruru,
1377 1087 1413 1150 et
1438 1087 1577 1150 sanctae
1601 1081 1775 1171 genitricis
1800 1081 1865 1152 Dei
1879 1101 2079 1176 semperque

704 1194 854 1288 Virginis
879 1195 1003 1270 heatae
1028 1194 1158 1268 lilariae
1184 1205 1220 1265 et
1245 1197 1389 1266 omniurn
1415 1203 1617 1266 sanctorum
1643 1194 1795 1268 mem
1819 1219 1946 1266 cocere
1997 1195 2078 1268 Ro-

701 1333 825 1404 gamus
864 1320 915 1402 te,
956 1312 1118 1398 Domine,
1155 1309 1278 1384 multae
1321 1309 1605 1400 misericordius,¹
1636 1314 1693 1404 qui
1726 1309 1944 1407 impossibilia
1975 1309 2079 1384 voluti

705 1425 880 1520 possihih'o
905 1447 1016 1513 creas,
1042 1429 1208 1500 constitue
1233 1445 1297 1498 nos
1331 1426 1366 1496 in
1390 1422 1454 1495 hac
1486 1423 1587 1496 heato
1617 1430 1902 1517 congregatione:
1935 1448 2079 1500 accense

704 1563 769 1615 nos
796 1539 872 1612 huic
897 1539 1087 1631 Ecclesiae,
1113 1550 1223 1614 statue
1247 1563 1312 1614 nos
1337 1562 1400 1635 per
1427 1544 1570 1632 gratiam
1597 1551 1686 1611 tuam
1719 1542 1806 1612 inter
1837 1539 1964 1614 electos
1990 1541 2077 1630 illos,

704 1660 760 1752 qui
786 1660 900 1752 scripti
933 1666 1009 1732 suut
1043 1659 1077 1728 in
1109 1655 1224 1730 coelis.
1274 1654 1405 1730 Idcirco
1432 1659 1521 1728 enirn
1550 1658 1745 1730 memoriam
1774 1657 1905 1731 illorum
1935 1660 2077 1748 agimus,

702 1780 738 1842 ot
764 1771 840 1844 (lum
865 1775 930 1867 ipsi
955 1771 1090 1846 stahunt
1115 1795 1229 1844 coram
1266 1771 1385 1844 throno
1411 1779 1482 1860 tuo,
1506 1782 1646 1845 nostrae
1676 1795 1810 1868 quoque
1843 1777 2010 1846 tenuitatis
2030 1781 2079 1848 ,et

700 1886 896 1962 infirmitatis
922 1889 1140 1976 meminerint,
1167 1887 1292 1984 tibique
1317 1885 1491 1960 nobiscum
1519 1887 1659 1960 offerant
1685 1887 1884 1960 sacrificium
1909 1886 1974 1960 hoc
2000 1897 2077 1960 tre-

702 2001 856 2074 mendum
884 2013 918 2075 et
943 2005 1159 2096 incruentum,
1186 2001 1229 2074 ad
1255 2002 1438 2076 custodiam
1472 2001 1605 2096 quidem
1636 2023 1754 2074 eorum
1784 2005 1841 2097 qui
1874 2008 2007 2092 vivunt,
2033 2003 2077 2075 ad

702 2117 969 2190 consolationem
985 2115 1188 2190 infirmorum
1205 2129 1239 2189 et
1255 2117 1476 2210 indignomm,
1493 2116 1608 2212 quales
1620 2140 1684 2192 nos
1700 2140 1847 2218 sumus:¹
1858 2119 1902 2192 arl
1920 2123 2076 2214 quietem,

699 2236 961 2328 memoriamque
986 2231 1110 2306 honam
1144 2254 1279 2322 eorum,
1314 2235 1370 2328 qui
1396 2235 1429 2304 in
1455 2231 1521 2304 fide
1553 2255 1639 2306 vera
1674 2233 1794 2305 dudum
1825 2233 1979 2308 obierunt
2008 2257 2076 2329 pa-

699 2355 797 2436 trum,
823 2345 973 2436 fratrum,
999 2356 1034 2418 et
1059 2349 1296 2440 magistromm
1321 2357 1525 2438 nostrorum,
1551 2353 1783 2442 pergratiam
1809 2361 1844 2424 et
1875 2353 2075 2424 misericor-

700 2461 801 2552 diam,
828 2471 893 2533 etc.
1049 2461 1211 2554 Populos.
1236 2462 1358 2535 Amen.

803 2563 992 2648 Diocooac.
1035 2575 1314 2648 Commemorotio
1352 2578 1552 2650 Doctonaa.
1612 2578 1734 2650 lterum
1774 2587 2074 2652 commemorantes

700 2713 817 2764 coram
842 2703 893 2780 te,
920 2691 1083 2780 Domine,
1109 2691 1278 2766 Doctores
1305 2692 1454 2780 divinoe,
1482 2697 1537 2788 qui
1562 2692 1639 2764 fidei
1672 2693 1971 2789 irreprehensibilis
2004 2717 2074 2766 ex-

698 2805 908 2904 planatores,
934 2811 990 2902 qui
1015 2805 1163 2880 moribus
1190 2808 1373 2904 praeclaris
1391 2812 1518 2896 ornati,
1546 2807 1701 2880 ohierrmt
1720 2819 1754 2881 et
1769 2815 1978 2904 quievemnt,
2003 2831 2073 2882 no-

699 2919 819 3016 hisque
844 2920 941 2994 fidem
970 2921 1202 2997 orthodoxam
1228 2923 1466 2998 ordinaverunt
1492 2935 1526 2996 et
1551 2923 1772 2999 tradiderunt:
1800 2924 1979 2998 Dominum
2006 2925 2073 2998 de-

698 3059 889 3133 precemur,
917 3047 979 3110 etc.

803 3153 979 3224 Sacerdos
1009 3151 1201 3223 inclinatas.
1234 3151 1424 3241 Memento,
1456 3151 1617 3242 Domine,
1654 3163 1843 3228 sauctomm
1875 3155 2071 3252 Episcopo-

698 3289 770 3338 mm
798 3270 852 3362 qui
878 3267 1005 3363 pridem
1033 3266 1301 3356 obdormiamut,
1330 3272 1385 3362 qui
1412 3269 1552 3342 verbum
1578 3273 1729 3342 veritatis
1764 3268 1862 3344 nohis
1889 3271 2073 3367 dispensa-

697 3391 835 3456 vemnt:
872 3387 927 3478 qui
958 3405 978 3454 a
1011 3381 1143 3455 Jacoho
1177 3386 1327 3478 principe
1361 3383 1608 3480 Episcoporum
1641 3384 1808 3482 Apostolo
1844 3395 1878 3456 et
1911 3385 2072 3482 Mature,

696 3519 803 3595 usque
830 3495 983 3570 adhunc
1010 3496 1115 3587 diem,
1141 3495 1282 3572 verbum
1308 3497 1385 3570 lidei
1413 3497 1690 3572 Orthodoxae-in
1701 3498 1857 3574 Ecclesia
1879 3509 1935 3572 tua
1958 3510 2073 3572 sancta

694 3611 986 3706 praedicaverunt.
1040 3612 1191 3684 Etcum
1224 3635 1350 3684 ccccm.
1402 3611 1577 3688 Lumiuom
1610 3626 1643 3687 et
1676 3605 1861 3689 Doctorum
1896 3614 2073 3688 Ecclesiae

696 3734 773 3798 mae
806 3737 963 3816 sanctae,
997 3730 1052 3822 qui
1084 3728 1292 3821 praeclarum
1324 3727 1401 3802 lidei
1435 3739 1605 3802 certamen
1638 3730 1829 3823 ediderunt,
1862 3733 1917 3825 qui
1948 3752 2072 3803 nomen

695 3851 786 3914 tuum
812 3850 963 3914 sanctum
989 3840 1133 3913 tulerunt
1159 3863 1273 3914 coram
1299 3842 1449 3939 populiS,
1477 3844 1614 3936 regibus
1632 3858 1666 3918 et
1691 3847 1765 3920 liliis
1780 3847 1904 3935 lsrael,
1931 3869 2070 3918 eorum-

694 3978 762 4050 que
787 3954 944 4051 precihus
971 3965 1005 4028 et
1031 3955 1346 4052 supplicationibus,
1372 3981 1492 4053 pacem
1518 3968 1608 4032 tuam
1632 3960 1810 4035 Ecclesiae
1836 3974 1912 4034 tuae
1946 3960 2070 4034 tribue:

697 4068 866 4144 doctrinas
893 4092 1008 4142 eorum
1036 4079 1070 4142 et
1095 4069 1340 4146 confessionem
1367 4095 1484 4146 eorum
1517 4077 1552 4146 in
1584 4080 1701 4152 animis
1733 4081 1858 4152 uostris
1892 4076 2068 4150 confirma:

694 4182 857 4257 haeresos
883 4182 980 4258 nohis
1008 4189 1128 4258 noxias
1156 4190 1222 4258 cito
1250 4191 1451 4284 comprime,
1480 4199 1514 4262 et
1539 4197 1790 4267 consistentiam
1817 4192 1944 4288 absque
1979 4213 2068 4264 con-

694 4295 845 4387 fusione,
872 4322 988 4372 coram
1013 4297 1166 4373 tribunali
1193 4313 1249 4374 tuo
1276 4302 1374 4376 nohis
1392 4304 1560 4379 concede:
1588 4312 1665 4403 quia
1683 4319 1816 4382 sanctus
1835 4330 1885 4396 es,
1912 4307 2067 4396 Domine,

696 4421 730 4482 et
755 4413 789 4482 iu
816 4416 940 4486 sanctis
967 4419 1167 4510 requiescis:
1196 4421 1251 4512 qui
1278 4429 1468 4494 sauctorum
1495 4444 1533 4494 es
1567 4437 1814 4499 consummator
1848 4432 1947 4518 atque
1981 4444 2066 4518 per-

694 4524 820 4598 lectos:
847 4537 881 4599 et
907 4526 966 4599 tihi
992 4528 1154 4622 gloriam,
1182 4543 1245 4604 etc.

798 4641 960 4734 Populus.¹
985 4645 1105 4718 Amen.

796 4756 985 4828 Diaconos.
1028 4760 1307 4836 Commemoratio
1338 4766 1489 4861 fidelium
1526 4769 1770 4862 defunctorum.
1807 4770 1928 4842 Itemnr
1967 4772 2065 4842 etiam

693 4892 990 4946 commemoramus
1017 4898 1134 4951 omncs
1167 4879 1341 4955 defunctos
1375 4881 1510 4974 fideles,
1543 4887 1598 4977 qui
1630 4889 1665 4956 irr
1697 4881 1763 4956 lide
1801 4907 1885 4958 vera
1922 4883 2066 4957 ‹lelunmi

694 4995 784 5074 suut,
812 5009 859 5060 ex
885 4989 981 5062 altari
1005 4989 1070 5063 hoc
1097 5003 1231 5088 sancto,
1260 5006 1294 5068 et
1320 5019 1365 5069 ex
1391 4997 1456 5070 hoc
1482 5020 1593 5094 pago,
1630 5009 1664 5072 et
1690 5023 1736 5072 ex
1772 5023 1978 5096 quacumque
2004 5023 2069 5072 re-
