4784 6040
660 587 737 664 436
905 588 1031 667 NOTAE
1057 589 1098 666 ll
1123 589 1329 667 LITURGIAM
1354 589 1516 668 JOANNIS
1542 589 1781 670 ausoribus

924 863 962 936 8.
1002 863 1164 938 umam
1188 867 1226 936 ia
1250 865 1460 956 sacrificium
1485 863 1549 936 libi
1575 867 1756 960 efferatius.

749 1055 821 1134 Noa
850 1074 972 1148 poterat
1001 1069 1172 1132 accuratius
1202 1075 1233 1132 ot
1259 1067 1477 1150 significantius
1505 1069 1653 1151 explicari
1681 1067 1819 1132 doctrina
1846 1074 1934 1130 vetus
1964 1067 2028 1130 Ee-

658 1172 771 1236 clesiae
793 1172 873 1234 eirca
895 1170 1075 1234 sacrificium
1097 1171 1347 1249 Eucharisticum,
1369 1191 1458 1254 quam
1487 1172 1534 1235 his
1563 1171 1682 1234 vorbis:
1717 1169 1824 1234 ollerri
1850 1169 1966 1232 scilicet
1995 1171 2027 1232 in

658 1287 696 1333 ec
721 1269 871 1334 Christum
899 1271 931 1332 in
966 1269 1144 1334 sacrificium
1173 1279 1205 1334 et
1232 1271 1412 1336 oblationem
1434 1271 1668 1335 immaculatam:
1701 1270 1759 1332 etsi
1787 1287 1848 1332 non
1875 1270 2026 1352 ignorant,

657 1371 756 1451 ipsum
777 1369 871 1432 semel
894 1368 1041 1432 obtulisse
1063 1387 1099 1433 se
1121 1372 1218 1452 ipsum
1239 1371 1305 1434 Deo
1328 1371 1408 1434 Patri
1433 1370 1561 1436 bostiam
1583 1370 1832 1454 propitiatoriam,
1855 1387 1924 1432 cum
1945 1369 2026 1432 idem

656 1471 688 1532 in
710 1469 766 1533 bac
788 1469 923 1552 Lilurgia
947 1469 1075 1551 legatur.
1119 1469 1199 1532 Nibil
1228 1471 1320 1553 igitur
1341 1490 1358 1534 a
1381 1471 1493 1534 sanctis
1515 1470 1669 1552 Patribus,
1696 1477 1747 1532 aut
1768 1469 1820 1551 qui
1846 1486 1901 1532 eos
1929 1469 2027 1532 secuti

657 1576 687 1630 et
709 1568 828 1632 illorum
850 1567 939 1630 iidem
968 1568 1072 1631 irnitati
1100 1577 1170 1632 sunt
1198 1570 1313 1633 Latinis
1342 1569 1524 1654 Theologis,
1554 1570 1593 1633 de
1622 1587 1696 1632 vera
1727 1577 1759 1658 et
1785 1567 1861 1632 reali
1887 1567 2025 1650 corporis

657 1666 768 1731 Christi
790 1674 821 1730 et
843 1667 998 1748 sanguinis
1020 1668 1051 1730 in
1073 1666 1259 1732 Eucharistia
1288 1670 1459 1752 praesentia
1482 1670 1594 1732 dictum
1630 1677 1694 1748 est,
1724 1669 1860 1750 quanvis
1883 1666 2023 1730 sensibus

656 1783 841 1850 repugnans,
865 1772 896 1828 et
917 1765 1063 1830 humanae
1085 1768 1310 1851 intelligentiae,
1333 1768 1413 1850 quod
1436 1787 1496 1832 non
1508 1768 1684 1851 simpliciter
1696 1767 1901 1830 intellexerint
1912 1765 2026 1830 Orien-

656 1866 749 1929 tales:
773 1871 887 1927 tantum
909 1865 995 1928 abest
1015 1873 1048 1927 ul
1063 1865 1293 1931 Protestantium
1314 1868 1453 1951 exemplo
1475 1869 1673 1930 haecomnia
1695 1866 1733 1930 ad
1756 1865 1946 1947 metaphoras
1969 1882 2026 1928 re·

657 1966 725 2028 duci
756 1962 888 2041 debere,
917 1965 1162 2028 erdstimaverint.
1216 1966 1291 2030 Nam
1326 1985 1437 2048 corpus
1473 1967 1586 2032 Christi
1618 1968 1650 2029 in
1679 1966 1766 2028 altari
1794 1966 1925 2046 positum
1952 1981 2023 2028 esse

657 2064 769 2142 dicunt,
793 2063 873 2145 quod
896 2081 913 2126 a
937 2061 1153 2146 Obrysostomo
1177 2075 1208 2129 et
1231 2066 1296 2130 aliis
1325 2067 1510 2131 didicerant:
1538 2068 1579 2130 ita
1609 2065 1737 2130 credere
1765 2083 1816 2145 se,
1843 2082 1905 2128 non
1933 2063 2023 2127 modo

655 2164 818 2245 perspicue
833 2169 1000 2242 testantur,
1023 2163 1092 2226 dum
1114 2165 1226 2228 similes
1248 2167 1416 2231 locutiones
1449 2185 1519 2231 snas
1541 2165 1672 2242 iaciunt,
1693 2183 1799 2229 verram
1821 2166 1910 2229 etiam
1932 2163 2024 2226 variis

657 2263 835 2344 disciplinae
857 2261 1090 2326 Ecclesiasticae
1113 2263 1232 2347 legibus
1255 2265 1440 2330 confirmant

1005 2523 1042 2596 9.
1086 2525 1220 2618 Apsum
1246 2531 1394 2600 occisum
1418 2551 1522 2622 super
1548 2527 1670 2599 ultore.

765 2714 861 2792 lacon
884 2733 931 2790 est
953 2727 1035 2809 quod
1057 2727 1289 2810 chrysostomus
1319 2739 1351 2795 et
1379 2732 1429 2796 alii
1450 2732 1571 2814 saepius
1593 2730 1759 2796 inculcant:
1788 2738 1878 2810 atque
1906 2729 1946 2790 ita
1974 2727 2005 2790 lo

656 2836 789 2912 quantur
811 2830 944 2894 Severus
967 2831 1136 2913 Episcopus
1158 2833 1352 2916 Aschmonin‚
1382 2837 1615 2916 Echmimonsis,
1644 2836 1742 2898 Autor
1771 2833 1964 2898 llomiliarum
1985 2831 2024 2897 de

656 2930 769 2993 circulo
793 2930 873 3008 anni,
895 2928 1052 3010 Barsaiihi,
1075 2932 1289 3017 Abuliaragius
1318 2943 1349 2998 et
1365 2935 1420 2999 alii
1442 2935 1537 2998 multi:
1566 2943 1699 3016 atquae
1722 2939 1885 2999 occurrunt
1913 2939 1973 2993 tam
1993 2931 2025 2992 in

655 3029 810 3113 biturgiis,
832 3047 920 3110 quam
942 3031 973 3093 in
993 3031 1078 3095 libris
1097 3031 1301 3116 Theologicis,
1323 3052 1384 3098 non
1406 3036 1559 3098 rhetorice
1579 3034 1659 3098 dicta
1681 3032 1837 3096 autoribus
1860 3031 2022 3109 excidisse,

655 3129 711 3193 scd
733 3149 772 3192 ex
795 3135 880 3193 certa
901 3131 1101 3212 persuasione
1124 3132 1201 3196 dicta
1225 3151 1295 3198 esse
1318 3133 1506 3198 manifestum
1528 3137 1577 3199 sit.

849 3407 911 3480 10.
953 3408 1165 3504 Eorumque·
1189 3414 1226 3482 ia
1250 3434 1336 3484 cero
1362 3413 1544 3508 Relipioac
1571 3413 1718 3484 instituti
1743 3414 1829 3482 caat.

750 3613 804 3691 Dr
829 3624 1060 3689 catechumenis
1081 3627 1176 3690 verba
1199 3645 1270 3691 esso
1285 3629 1358 3692 satis
1373 3637 1514 3711 apparet:
1537 3629 1673 3709 quamvis
1694 3633 1728 3689 ut
1750 3625 1925 3689 observavit
1945 3623 2024 3688 Bar-

654 3727 752 3807 salibi,
775 3727 849 3791 nulli
872 3728 982 3792 dudum
1003 3730 1063 3792 sint
1084 3731 1116 3791 in
1137 3729 1274 3795 Ecclesia
1298 3731 1462 3796 Orientali:
1486 3730 1543 3795 sed
1552 3731 1582 3795 id
1604 3729 1781 3792 translatmn
1803 3747 1844 3792 ex
1865 3727 2022 3808 disciplina

654 3829 766 3890 veteri:
790 3837 823 3891 ut
844 3827 924 3910 apud
945 3845 1004 3891 nos
1026 3845 1148 3910 quoque
1168 3837 1287 3893 retenta
1309 3832 1409 3894 estin
1430 3829 1533 3894 Officio
1556 3829 1679 3895 sabbati
1703 3829 1804 3892 Sancti
1825 3826 1944 3908 publica
1965 3843 2021 3908 pro

652 3925 711 3990 illis
735 3927 850 4005 orati03
873 3928 1008 4009 quamvis
1030 3928 1061 3991 in
1083 3928 1248 3993 Occidente
1271 3947 1392 4012 quoque
1421 3929 1690 3994 Oatechrmrenatus
1705 3928 1899 3998 ,obliteratus
1920 3925 2020 3990 luerit.

653 4026 686 4090 ln
710 4024 834 4090 Oriente
858 4026 950 4090 multo
971 4027 1084 4111 magis:
1113 4030 1211 4092 statim
1237 4029 1349 4111 quippe
1378 4027 1553 4093 Christianis
1581 4026 1741 4091 infantibus
1771 4026 1936 4109 baptismus
1962 4023 2020 4088 ad-

653 4126 815 4188 ministrari
836 4126 931 4189 solet:
965 4132 1026 4189 tum
1048 4146 1087 4191 ne
1110 4129 1224 4210 absque
1246 4129 1369 4192 salutari
1391 4129 1514 4192 lavacro
1543 4135 1689 4209 pereant,
1720 4135 1781 4191 tum
1808 4143 1848 4187 ne
1869 4144 1887 4188 a
1909 4125 2018 4188 Muha-

653 4222 787 4288 medanis
809 4226 973 4306 rapiantur.

802 4485 861 4558 11.
901 4485 950 4557 Et
973 4489 1062 4559 sicut
1088 4488 1154 4560 hoo
1179 4493 1306 4559 actara
1332 4493 1383 4560 cat
1407 4489 1792 4583 mystmtammtpeaiu
1818 4488 1879 4558 tui.

745 4676 906 4758 Oasooaus
929 4690 1026 4768 locus,
1048 4691 1099 4772 quui
1121 4691 1392 4773 tomen-explicata
1421 4693 1537 4758 ratione
1559 4693 1634 4772 stili,
1663 4693 1714 4775 qui
1741 4700 1774 4754 ut
1797 4690 1962 4752 monuimus
1984 4690 2015 4753 in

607 4783 624 4820 ‘¹
652 4791 710 4857 illis
733 4792 849 4856 mediae
871 4795 978 4858 aetatis
1000 4793 1143 4877 biturgiis
1165 4794 1354 4860 affectatione
1368 4796 1547 4880 ⁴elegantiae
1567 4796 1685 4860 laborat
1696 4795 1867 4878 aliquando,
1889 4801 2016 4856 senten-

654 4893 724 4955 tiam
746 4893 835 4957 talem
857 4892 957 4956 habet.
981 4893 1019 4956 Ut
1040 4894 1099 4958 hoo
1121 4896 1303 4976 mysterium,
1327 4895 1415 4977 quale
1438 4903 1486 4959 est
1507 4903 1578 4979 post
1599 4894 1737 4978 illapsum
1759 4893 1886 4977 Spiritus
1908 4891 2015 4966 sancti,

657 4993 853 5075 omnibusque
874 4994 969 5057 modis
993 5003 1224 5058 consummatam
1246 5004 1277 5060 et
1305 4994 1472 5078 perlectam
1501 4995 1776 5074 consecrationem,
1806 5000 1853 5056 est
1881 5007 1955 5054 vere
1984 4996 2016 5051 et

654 5092 818 5155 secundum
839 5093 871 5156 id
893 5093 973 5175 quod
1002 5102 1060 5175 est,
1084 5096 1256 5176 mysterium
1278 5113 1295 5157 a
1316 5093 1391 5158 Filio
1420 5101 1472 5159 tuo
1500 5095 1574 5159 lesu
1596 5093 1716 5158 Christo
1738 5093 1912 5173 institutum,
1935 5085 2016 5171 quod
