4784 6040
674 471 753 546 446
1020 471 1197 551 LlTUlllllrl
1222 470 1424 550 llICHAELlS
1449 471 1692 552 tiliodium

671 663 763 732 vitae
790 682 836 731 ex
862 658 927 732 hoc
951 658 1044 732 fonte
1069 683 1155 756 puro
1181 669 1216 734 et
1241 671 1369 736 sancto.
1404 663 1634 758 Deprecamur
1651 684 1737 755 ergo
1760 672 1794 734 te
1820 664 1978 748 Domine,
2003 671 2039 734 ut

673 796 859 848 conserves
886 777 918 846 in
945 775 1042 848 nobis
1069 774 1253 870 depositum
1279 775 1345 850 lroc
1371 799 1527 871 magnum
1554 789 1589 850 et
1614 775 1773 851 amabile:
1807 791 1844 853 ut
1875 801 1938 876 per
1962 779 2041 852 illud

674 903 708 964 et
740 902 880 988 propter
912 889 990 962 illud
1022 889 1202 964 liberemur
1233 916 1255 965 a
1288 893 1499 967 damnatione
1526 893 1641 986 jndieii
1670 897 1705 968 in
1737 894 1792 966 die
1826 893 1883 967 illo
1918 917 2041 988 magno

672 1007 941 1080 Resurrectionis
968 1009 1112 1079 omnium
1139 1007 1316 1098 hominum,
1342 1013 1518 1106 securique
1543 1021 1706 1108 perpetuo
1732 1011 1911 1084 efficiamur
1928 1033 2040 1083 coram

671 1133 705 1196 te
732 1124 775 1196 ad
801 1127 994 1197 convivium
1020 1121 1086 1194 lroc
1111 1126 1300 1220 spirituale,
1335 1147 1560 1222 ememusque
1585 1125 1736 1222 perlecto
1762 1128 1872 1200 Deum
1897 1129 2040 1216 Patrem,

671 1251 706 1314 et
731 1239 862 1330 Filium,
889 1249 924 1312 et
949 1237 1106 1335 Spiritum
1133 1253 1295 1333 sanctum,
1321 1240 1455 1333 bonurn
1482 1254 1516 1316 et
1547 1243 1783 1318 mulcantem.

774 1356 935 1450 Populus.
991 1357 1112 1430 Arnen.

772 1472 957 1545 sacerdos.
1010 1472 1095 1544 Pax.

773 1589 936 1682 Populus.
987 1588 1131 1661 Etcum
1158 1591 1275 1685 spiritu
1301 1598 1372 1668 tuo.

774 1704 964 1778 Dioeooue.
1019 1704 1212 1800 Postquam.

771 1821 934 1915 Populea.
988 1819 1112 1894 Coram
1139 1832 1183 1894 te.

772 1937 958 2009 Sacerdos.
1001 1936 1189 2009 Gratiarum
1217 1940 1381 2011 actionem
1408 1960 1482 2010 cum
1508 1936 1720 2012 confessione
1746 1948 1782 2010 et
1807 1936 1930 2030 gaudio
1957 1940 2038 2009 exi-

670 2057 767 2126 miam
794 2052 960 2126 offerimus
987 2051 1046 2125 tihi
1072 2051 1234 2143 Domine,
1264 2078 1327 2151 pro
1360 2054 1531 2128 beneficiis
1558 2064 1593 2125 et
1617 2051 1808 2126 muneribus
1834 2056 1918 2142 tuin,
1953 2075 2039 2150 quae

670 2170 786 2244 verbis
813 2171 983 2242 enunciari
1008 2191 1076 2241 non
1102 2181 1257 2266 possunt,
1288 2173 1365 2268 quia
1400 2171 1521 2264 dignos
1547 2170 1659 2244 fecisti
1684 2192 1748 2242 nos
1775 2169 1865 2243 dono
1891 2169 1955 2242 lroc
1982 2169 2038 2240 di-

669 2291 760 2360 vino.
807 2284 861 2357 Ne
888 2283 1092 2357 condemnes
1118 2306 1181 2358 uos
1209 2285 1253 2358 ot
1280 2291 1526 2383 susceptionem
1552 2287 1786 2384 mysteriorum
1814 2296 1944 2359 urorum
1969 2288 2037 2356 im-

668 2403 918 2490 maculatorum,
946 2400 1006 2474 sed
1031 2404 1193 2474 miserere
1219 2401 1449 2498 peccatoribus
1477 2406 1586 2478 servis
1613 2405 1697 2493 tuis,
1730 2411 1764 2474 et
1790 2423 1873 2474 sana
1898 2399 2038 2472 vulnera

669 2518 783 2616 populi
809 2519 873 2588 tui:
901 2517 1035 2612 suscipe
1062 2516 1318 2613 deprecationes
1344 2523 1461 2612 gregis
1487 2522 1554 2608 tui,
1587 2528 1622 2592 et
1655 2540 1716 2616 per
1749 2517 1950 2591 sacrificium
1974 2515 2038 2590 hoc

668 2636 900 2706 remissionem
929 2652 1046 2704 omues
1072 2655 1326 2727 consequamur.
1378 2635 1430 2706 sit
1461 2634 1558 2709 nobis
1591 2633 1632 2707 ad
1664 2637 1800 2707 veniam
1833 2644 1867 2705 et
1898 2632 2037 2706 salutem

669 2753 851 2822 acinorum
877 2770 1121 2844 corporumque
1147 2759 1348 2839 nostrorum,
1374 2749 1614 2847 prohibentque
1641 2776 1661 2822 a
1687 2749 1785 2824 nobis
1808 2759 2056 2844 corruptorem.

667 2866 757 2939 illum
785 2864 1004 2960 spiritualem,
1041 2874 1140 2960 atque
1175 2889 1275 2939 omne
1301 2889 1409 2960 genus
1434 2871 1574 2964 peccati.
1626 2867 1778 2938 Dextera
1812 2876 1867 2938 trra
1899 2868 2039 2960 requie·-

669 2990 742 3055 scat
759 3003 861 3076 super
879 3001 943 3052 nos
966 2978 1098 3054 Christe
1118 2981 1212 3056 Deus
1234 2993 1362 3071 noster,
1389 2993 1423 3055 et
1449 3006 1534 3055 crux
1559 2994 1615 3055 tua
1642 2982 1808 3056 custodiat
1830 3004 1911 3056 uos:
1938 2980 2038 3054 relc-

667 3119 846 3191 remusquc
872 3094 931 3168 tibi
956 3095 1099 3189 gloriam
1125 3109 1161 3170 et
1184 3098 1316 3172 laudem
1341 3100 1503 3196 simulque
1529 3101 1620 3174 Patri
1645 3111 1721 3188 tuo,
1754 3109 1787 3171 et
1813 3097 1949 3194 Spiritui
1979 3107 2037 3170 tuo

589 3229 596 3242 ·
666 3237 770 3304 nunc,
799 3222 863 3285 ete.
1774 3243 1776 3252 ·

770 3329 932 3422 Populus.
984 3331 1104 3403 Amen.

770 3446 959 3518 moeonas.
1012 3445 1158 3517 Benedic
1183 3445 1335 3520 Domine.

979 3720 1155 3792 Sacerdos
1181 3721 1267 3793 dicit
1293 3724 1490 3794 Orationem
1515 3725 1726 3814 sipontinum.

769 3909 863 3984 Dens
891 3913 947 4006 qui
973 3912 1122 4007 suscepit
1147 3910 1349 3985 oblationem
1375 3911 1464 3985 Abel
1489 3915 1522 3984 in
1549 3911 1695 4008 planitie,
1722 3923 1756 3984 et
1781 3911 1856 3985 Noe
1883 3914 1916 3982 in
1944 3933 2034 3998 arce,

665 4025 847 4100 Abrahami
874 4029 907 4098 in
934 4029 1053 4099 montis
1079 4030 1222 4119 vertice,
1248 4027 1344 4103 liliae
1369 4033 1403 4102 in
1422 4028 1590 4119 Cermalo,
1616 4029 1758 4103 Davidis
1784 4031 1818 4100 in
1844 4051 1924 4102 arca
1939 4029 2035 4100 Aren

665 4141 824 4214 lebuzaei
851 4151 885 4214 et
919 4144 1042 4215 minuta
1073 4142 1196 4215 viduae
1228 4147 1262 4216 in
1295 4147 1502 4234 sanctuario,
1534 4147 1609 4241 ipse
1644 4147 1805 4241 suscipiat
1836 4143 2034 4230 oblationes,

665 4268 746 4331 vota
775 4267 808 4329 et
834 4256 981 4332 decimas
1007 4268 1158 4350 vestras,
1195 4271 1228 4333 et
1262 4285 1367 4359 opera
1393 4283 1548 4334 manuum
1574 4270 1784 4352 vestrarum,
1819 4271 2034 4358 praestetque

665 4375 860 4448 memoriam
886 4373 1008 4446 bonam
1041 4374 1204 4449 delirnctis
1236 4382 1380 4468 vestris,
1415 4399 1509 4474 spem
1540 4376 1749 4452 benedictam
1782 4388 1816 4450 et
1851 4377 2035 4452 custodiam

665 4492 756 4561 vitae
782 4498 921 4562 vestrae
945 4512 1008 4586 per
1034 4494 1216 4585 orationes,
1244 4504 1277 4566 et
1301 4515 1423 4591 preces
1449 4493 1630 4590 Deiparae,
1656 4502 1719 4566 etc.

1103 4799 1601 4848 ψ
