4784 6040
667 565 745 640 454
928 568 1056 646 NOTAE
1082 570 1123 645 lll
1148 567 1356 646 ttrundttn
1380 568 1547 648 DIONYSII
1573 570 1780 648 BARShhlBl.

665 750 850 834 Expugnata
881 761 980 815 autern
1008 753 1058 814 illa
1088 760 1135 815 est
1163 769 1242 816 anno
1280 751 1392 815 Christi
1421 750 1557 817 thClX.
1586 754 1720 837 Hegirae
1749 752 1943 820 CCCCXCll.
1974 775 2040 821 earn

667 867 745 913 anno
767 850 998 915 MCLXXXVll.
1021 853 1140 932 recepit
1163 850 1396 914 Salabeddinus:
1441 853 1618 934 Dionysium
1644 855 1723 916 intra
1745 854 1801 915 hos
1823 857 1988 936 nonaginta
2011 864 2042 920 et

666 948 782 1030 aliquot
811 968 905 1012 annos
936 951 1052 1013 vixisse
1081 950 1245 1013 verisimile
1277 958 1340 1026 est,
1371 951 1471 1030 potius
1501 969 1590 1031 quarn
1618 951 1706 1015 brevi
1733 950 1785 1014 illo
1815 954 1976 1016 intervallo
2004 956 2042 1018 ab

666 1066 745 1110 anno
774 1046 886 1110 Christi
912 1045 1129 1112 MCCXXVlll.
1175 1048 1307 1129 liegirae
1336 1047 1497 1111 DCXXVl.
1527 1067 1625 1131 usqua
1655 1050 1694 1112 ad
1724 1067 1832 1113 annum
1854 1049 2042 1117 thCXLlV.

665 1147 799 1228 Hegirae
820 1145 961 1211 DCXLll.
985 1165 1045 1228 quo
1068 1149 1206 1210 restituta
1228 1165 1285 1227 per
1308 1147 1462 1228 inducias,
1486 1147 1665 1229 aliquamdiu
1687 1150 1718 1212 in
1740 1151 1927 1213 Francorum
1950 1159 2043 1234 pote-

666 1252 744 1308 state
768 1243 832 1308 init.

954 1419 989 1489 2.
1030 1419 1162 1490 Panem
1188 1442 1285 1514 queen
1311 1424 1447 1513 occepit
1474 1419 1662 1510 benedixit,
1690 1429 1753 1494 etc.

778 1556 857 1634 loen
887 1571 946 1633 hoc
974 1570 1041 1634 loco
1064 1571 1169 1632 vitium
1193 1577 1242 1633 est
1265 1587 1301 1631 ac
1325 1572 1355 1632 in
1377 1590 1437 1634 una
1460 1590 1500 1634 ex
1522 1569 1665 1654 Litnrgiis
1689 1571 1778 1634 Petro
1802 1571 1980 1654 adscriptis,
2009 1583 2041 1636 et

663 1673 695 1733 in
717 1689 777 1734 una
800 1679 851 1734 aut
873 1672 969 1735 altera
1000 1673 1073 1735 alia:
1103 1672 1218 1736 idcirco
1242 1691 1320 1754 qnae
1342 1673 1380 1737 ad
1402 1674 1482 1736 illam
1505 1675 1637 1754 priorem
1661 1673 1823 1737 observata
1845 1683 1933 1756 sunt,
1965 1677 2036 1738 huic

664 1789 786 1852 quoqne
808 1772 962 1856 Liturgiae
986 1775 1186 1847 conveniunt,
1216 1779 1247 1834 et
1275 1774 1386 1852 potiori
1415 1772 1544 1853 quodam
1569 1775 1650 1854 jure.
1695 1771 1894 1836 Barsalibium
1916 1777 2040 1858 quippe,

664 1888 732 1932 curn
747 1872 777 1932 in
794 1869 1015 1934 Commentario
1032 1890 1088 1935 suo
1112 1870 1260 1948 docuerit,
1284 1870 1474 1934 sacerdotem
1496 1869 1591 1933 verba
1615 1870 1726 1934 Christi
1747 1881 1889 1955 tanquam
1912 1891 1951 1936 ex
1974 1875 2040 1953 eJ'us

663 1986 796 2052 persona
823 1971 1044 2050 pronunciare,
1074 1972 1179 2034 eadem
1210 1989 1250 2033 ex
1272 1970 1408 2053 liturgia
1437 1989 1491 2033 sua
1520 1969 1679 2032 sustulisse
1708 1990 1769 2034 non
1797 1979 1845 2034 est
1866 1971 2040 2048 verisimile,

663 2071 841 2150 praesertim
865 2079 971 2132 contra
994 2078 1038 2133 tot
1051 2071 1175 2133 aliarum
1191 2070 1326 2146 sormam,
1348 2088 1426 2151 qnae
1449 2071 1554 2152 ignota
1577 2068 1620 2130 illi
1643 2088 1713 2132 esse
1736 2088 1797 2132 non
1819 2077 1949 2151 potarat,
1972 2089 2040 2133 nam

663 2166 702 2227 de
725 2167 789 2230 aliis
812 2166 956 2252 liturgiis
979 2169 1112 2251 loquitur
1133 2171 1163 2230 in
1186 2169 1288 2250 operis
1311 2169 1360 2232 sui
1383 2168 1451 2231 bne.
1497 2167 1541 2230 lta
1563 2167 1657 2230 verba
1682 2168 1791 2230 Christi
1813 2170 1925 2232 omissa
1946 2168 2040 2232 luisse

663 2263 804 2328 videntur
830 2267 1020 2331 librariorum
1049 2269 1149 2348 potius
1179 2264 1284 2347 culpa,
1323 2284 1412 2346 quarn
1441 2267 1555 2328 autoris
1578 2272 1663 2328 certo
1688 2265 1831 2345 consilio,
1852 2267 1913 2347 oui
1936 2267 2040 2329 eadem

662 2364 690 2426 si
719 2383 824 2445 parurn
854 2368 1030 2429 necessaria
1058 2366 1275 2442 existimasset,
1305 2365 1539 2428 contradixisset
1568 2364 1635 2446 ipse
1662 2365 1735 2448 sibi,
1765 2365 1847 2446 quod
1870 2364 1907 2427 de
1929 2365 2039 2449 insigni

663 2462 823 2545 Theologo
846 2483 934 2527 nemo
956 2465 1046 2528 facile
1069 2466 1282 2547 suspicabitur.
1327 2464 1465 2527 Brevitas
1488 2464 1576 2544 hujus
1595 2463 1751 2546 liturgiae
1774 2461 1856 2538 iacit,
1877 2471 1911 2524 ut
1933 2482 1998 2526 eam
2021 2485 2039 2527 a

662 2562 829 2627 barsalibio
853 2566 1049 2646 compositam
1067 2563 1254 2645 judicemus,
1282 2581 1320 2627 eo
1343 2564 1419 2640 fine,
1450 2571 1483 2625 ut
1506 2581 1574 2626 curn
1595 2562 1765 2645 Baptismus
1787 2562 1966 2625 moribundo
1989 2564 2041 2625 in-

662 2661 736 2725 fanti
758 2662 1010 2726 administrandus
1033 2671 1126 2744 essct,
1148 2662 1296 2726 haberent
1318 2662 1493 2726 sacerdotes
1516 2663 1643 2725 sormam
1663 2680 1751 2744 quarn
1763 2669 1976 2742 sequerentur,
2000 2683 2044 2737 ne,

662 2760 733 2822 dnm
754 2768 787 2822 ut
809 2762 883 2842 ipsis
907 2763 1092 2843 praecipitur
1113 2782 1171 2843 per
1193 2763 1292 2825 varias
1316 2762 1564 2841 Constitutiones,
1587 2761 1721 2825 Officium
1735 2762 1765 2822 in
1783 2762 1941 2824 breviores
1965 2781 2039 2824 ora-

660 2859 760 2923 tiones
791 2861 987 2937 contrabunt,
1015 2863 1206 2925 necessarias
1234 2862 1376 2943 quasdam
1406 2862 1588 2924 omitterent.
1632 2860 1675 2923 lta
1703 2859 1814 2922 factum
1835 2860 1891 2923 fuit
1913 2879 1930 2922 a
1954 2860 2039 2924 Gre-

662 2959 752 3042 gorio
782 2960 835 3023 illo
860 2960 1016 3025 Catholico
1048 2961 1100 3042 qui
1121 2962 1227 3024 iacobi
1250 2962 1415 3043 Liturgiam
1437 2959 1609 3023 breviorem
1632 2958 1725 3034 dedit,
1748 2977 1826 3041 quac
1850 2960 1930 3023 edita
1953 2968 1999 3023 est
2021 2978 2039 3023 a

662 3058 750 3122 nobis
773 3061 923 3140 superius.
968 3060 1000 3122 ld
1024 3067 1123 3123 antem
1146 3080 1163 3123 a
1186 3059 1352 3122 Barsalibio
1375 3061 1525 3141 praestari
1547 3061 1655 3139 potuit,
1678 3075 1738 3120 non
1762 3058 1851 3121 modo
1875 3059 1956 3140 quod
1971 3059 2039 3122 hle-

662 3158 802 3238 tropolita
824 3177 891 3221 cmn
915 3168 1014 3237 esset,
1044 3160 1104 3223 tale
1127 3162 1179 3241 jus
1207 3159 1352 3222 habebat:
1380 3178 1485 3221 verum
1508 3158 1590 3239 quod
1613 3158 1778 3239 praecipua
1800 3157 1838 3220 ob
1862 3177 1962 3221 rerum
1985 3178 2039 3222 sa-

662 3275 782 3319 ararum
794 3260 941 3339 peritiam,
965 3261 1126 3341 essetejus
1142 3259 1223 3322 inter
1244 3276 1316 3321 suos
1339 3259 1496 3334 autoritas,
1519 3275 1580 3321 non
1602 3259 1699 3320 minus
1722 3254 1751 3318 id
1763 3257 1885 3337 publico
1909 3258 2037 3322 consilio

660 3355 763 3419 iacere
777 3364 909 3438 poterat,
931 3376 1019 3440 quarn
1029 3357 1180 3436 Canones,
1204 3365 1235 3420 et
1257 3359 1459 3438 poenitentiae
1482 3356 1682 3438 imponendae
1705 3356 1949 3438 relaxandaeque
1973 3359 2040 3421 for-

661 3473 739 3518 mam
768 3457 997 3537 praescribere,
1029 3465 1061 3519 ut
1089 3457 1201 3520 iecisse
1229 3475 1298 3520 enm
1326 3458 1468 3538 superius
1499 3455 1737 3520 observavimus.
1784 3455 1858 3518 Cum
1888 3457 1982 3536 igitur
2011 3458 2041 3518 in

662 3555 796 3620 breviori
819 3556 907 3619 simili
929 3555 1083 3638 liturgiae
1105 3556 1217 3634 forma,
1240 3573 1298 3636 per
1320 3555 1529 3636 compendium
1551 3573 1640 3617 sacra
1662 3554 1757 3617 verba
1779 3554 1939 3636 designata
1962 3555 2039 3618 iuis-

663 3663 740 3734 sent,
765 3655 897 3737 petenda
921 3655 1056 3734 aliunde,
1085 3664 1116 3718 et
1139 3653 1353 3719 Sacerdotibus
1376 3656 1546 3733 notissima,
1571 3653 1666 3715 omitti
1688 3661 1851 3734 potuerunt
1874 3673 1891 3716 a
1914 3654 2036 3718 librario

662 3755 813 3835 imperito,
837 3756 922 3836 cujus
945 3764 1102 3835 peccatum
1123 3754 1250 3835 reliquis
1273 3753 1370 3816 fraudi
1393 3753 1456 3816 init.
1484 3754 1559 3816 Nam
1583 3752 1664 3833 quod
1687 3753 1867 3814 existimavit
1890 3752 2035 3817 Ricardus

664 3853 782 3931 Simon,
806 3872 926 3916 cansam
949 3853 1028 3916 illius
1051 3853 1222 3916 omissionis
1245 3855 1275 3915 in
1297 3854 1369 3930 ista,
1399 3862 1429 3915 ει
1451 3855 1556 3934 paucis
1579 3851 1644 3915 aliis
1667 3850 1827 3935 Liturgiis,
1857 3871 1928 3916 esse
1955 3852 2035 3934 quod

662 3951 832 4016 Orientales
856 3961 947 4016 totam
970 3953 1209 4016 consecrationis
1231 3953 1291 4014 vim
1313 3950 1497 4015 invocationi
1527 3953 1654 4032 Spiritus
1678 3952 1774 4014 sancti
1796 3951 1946 4032 tribuant,
1975 3971 2034 4034 non

664 4051 775 4115 Christi
788 4051 901 4131 verbis,
924 4051 994 4115 alibi
1016 4052 1108 4132 plene
1131 4051 1361 4131 confutavimus,
1383 4070 1442 4114 nec
1465 4051 1556 4114 ullum
1578 4050 1668 4114 habet
1690 4052 1720 4112 in
1745 4050 2036 4135 TheologiaOrien-

662 4151 714 4214 tali
736 4151 929 4234 praesidium.

748 4249 837 4313 Edita
859 4259 906 4314 est
928 4250 1004 4314 haec
1026 4248 1161 4333 liturgia
1184 4251 1214 4311 in
1237 4248 1350 4312 blissali
1374 4249 1551 4329 Chaldaico,
1582 4249 1668 4312 titulo
1691 4251 1792 4312 sancti
1812 4249 1936 4312 Dmnini
1956 4251 2036 4312 Dio-

660 4353 754 4432 nysii,
785 4351 920 4431 quamvis
944 4348 1065 4412 Gabriel
1095 4351 1209 4413 Sionita
1233 4357 1368 4412 autorem
1395 4349 1591 4411 Barsalibium
1618 4350 1809 4431 agnovisset,
1839 4349 1870 4410 in
1897 4349 2032 4430 Epistola

660 4433 713 4510 ad'
727 4446 900 4511 Bartoldum
928 4448 1100 4525 Nibusium,
1132 4447 1211 4529 qnod
1242 4449 1417 4510 confirmant
1448 4447 1577 4511 Codices
1606 4447 1690 4512 MSS.
1718 4437 1829 4530 hlagna
1857 4447 1950 4532 igitur
1976 4467 2033 4512 nec

660 4547 834 4611 excusanda
864 4557 912 4612 est
941 4547 1155 4611 Maronitarum
1184 4549 1234 4628 qui
1257 4545 1381 4611 editioni
1403 4547 1599 4629 praefuerunt
1621 4546 1809 4628 negligentia
1833 4554 1883 4609 aut
1906 4549 2032 4624 inscitia,

661 4646 890 4731 quiLiturgiam
913 4647 1040 4710 hominis
1053 4647 1221 4725 lacobitae,
1243 4648 1323 4710 inter
1345 4647 1418 4710 alias
1441 4647 1627 4733 selegerunt,
1650 4653 1683 4709 ut
1705 4645 1860 4708 inhlissali
1882 4665 1943 4727 quo
1966 4646 2032 4711 solo

657 4745 845 4810 Ortbodoxis
875 4747 918 4809 nti
947 4746 1068 4827 liceret,
1100 4747 1197 4810 locum
1228 4753 1356 4810 teneret.
1408 4745 1461 4809 llla
1490 4754 1589 4809 tamen
1618 4747 1656 4809 ab
1686 4746 1760 4828 ipsis
1790 4753 1849 4807 tarn
1878 4748 1908 4807 in
1936 4744 2032 4808 iorma

659 4847 822 4913 verborum
844 4845 967 4925 Christi,
991 4863 1080 4926 quarn
1102 4846 1296 4910 invocatione
1319 4846 1447 4928 Spiritus
1469 4847 1566 4908 sancti
1588 4853 1636 4908 est
1657 4844 1848 4926 interpolata.
1946 4924 1951 4934 Ι

1070 5017 1625 5068 ψ
