<?xml version="1.0" encoding="UTF-8"?>
<!DOCTYPE html PUBLIC "-//W3C//DTD XHTML 1.0 Transitional//EN"
    "http://www.w3.org/TR/xhtml1/DTD/xhtml1-transitional.dtd">
<html xmlns="http://www.w3.org/1999/xhtml" xml:lang="en" lang="en">
 <head>
  <title>
</title>
<meta http-equiv="Content-Type" content="text/html;charset=utf-8" />
  <meta name='ocr-system' content='tesseract 3.04.00' />
  <meta name='ocr-capabilities' content='ocr_page ocr_carea ocr_par ocr_line ocrx_word'/>
</head>
<body>
  <div class='ocr_page' id='page_1' title='image "./liturgiarumorie04renagoog_0476.png"; bbox 0 0 4784 6040; ppageno 0'>
   <div class='ocr_carea' id='block_1_1' title="bbox 486 549 1658 692">
    <p class='ocr_par' dir='ltr' id='par_1_1' title="bbox 486 549 1658 692">
     <span class='ocr_line' id='line_1_1' title="bbox 486 549 1658 692; baseline 0 -2"><span class='ocrx_word' id='word_1_1' title='bbox 486 630 492 642; x_wconf 86' lang='lat'><strong>·</strong></span> <span class='ocrx_word' id='word_1_2' title='bbox 576 549 780 690; x_wconf 78' lang='lat' dir='ltr'><strong>tddfldttls</strong></span> <span class='ocrx_word' id='word_1_3' title='bbox 806 609 1070 690; x_wconf 80' lang='lat' dir='ltr'><strong>PATRIARCHAE</strong></span> <span class='ocrx_word' id='word_1_4' title='bbox 1096 612 1339 692; x_wconf 72' lang='lat' dir='ltr'><strong>timcantur.</strong></span> <span class='ocrx_word' id='word_1_5' title='bbox 1567 612 1658 690; x_wconf 67' lang='lat'><strong>439⁶</strong></span> 
     </span>
    </p>
   </div>
   <div class='ocr_carea' id='block_1_2' title="bbox 275 800 1660 5195">
    <p class='ocr_par' dir='ltr' id='par_1_2' title="bbox 275 800 1660 2170">
     <span class='ocr_line' id='line_1_2' title="bbox 377 800 1646 898; baseline 0.002 -25"><span class='ocrx_word' id='word_1_6' title='bbox 377 800 527 873; x_wconf 84' lang='lat' dir='ltr'><strong>Elecooa</strong></span> <span class='ocrx_word' id='word_1_7' title='bbox 551 823 677 872; x_wconf 84' lang='lat' dir='ltr'><strong>ccccm.</strong></span> <span class='ocrx_word' id='word_1_8' title='bbox 729 800 802 873; x_wconf 85' lang='lat' dir='ltr'><strong>Tua</strong></span> <span class='ocrx_word' id='word_1_9' title='bbox 836 811 888 876; x_wconf 89' lang='lat' dir='ltr'><strong>est</strong></span> <span class='ocrx_word' id='word_1_10' title='bbox 922 800 1065 875; x_wconf 85' lang='lat' dir='ltr'><strong>Domine</strong></span> <span class='ocrx_word' id='word_1_11' title='bbox 1099 803 1206 873; x_wconf 92' lang='lat' dir='ltr'><strong>omnis</strong></span> <span class='ocrx_word' id='word_1_12' title='bbox 1243 813 1415 892; x_wconf 90' lang='lat' dir='ltr'><strong>creatura,</strong></span> <span class='ocrx_word' id='word_1_13' title='bbox 1452 803 1539 876; x_wconf 54' lang='lat' dir='ltr'><strong>sive*</strong></span> <span class='ocrx_word' id='word_1_14' title='bbox 1560 825 1646 898; x_wconf 90' lang='lat' dir='ltr'><strong>quae</strong></span> 
     </span>
     <span class='ocr_line' id='line_1_3' title="bbox 275 915 1644 1015; baseline 0.001 -25"><span class='ocrx_word' id='word_1_15' title='bbox 275 915 441 991; x_wconf 85' lang='lat' dir='ltr'><strong>intellectu</strong></span> <span class='ocrx_word' id='word_1_16' title='bbox 467 917 617 1015; x_wconf 87' lang='lat' dir='ltr'><strong>praedita</strong></span> <span class='ocrx_word' id='word_1_17' title='bbox 644 925 714 1008; x_wconf 90' lang='lat' dir='ltr'><strong>est,</strong></span> <span class='ocrx_word' id='word_1_18' title='bbox 747 919 822 990; x_wconf 86' lang='lat' dir='ltr'><strong>sive</strong></span> <span class='ocrx_word' id='word_1_19' title='bbox 849 939 935 1012; x_wconf 88' lang='lat' dir='ltr'><strong>quae</strong></span> <span class='ocrx_word' id='word_1_20' title='bbox 961 916 1035 990; x_wconf 90' lang='lat' dir='ltr'><strong>solo</strong></span> <span class='ocrx_word' id='word_1_21' title='bbox 1063 939 1173 990; x_wconf 90' lang='lat' dir='ltr'><strong>senso.</strong></span> <span class='ocrx_word' id='word_1_22' title='bbox 1227 918 1278 990; x_wconf 86' lang='lat' dir='ltr'><strong>&#39;lc</strong></span> <span class='ocrx_word' id='word_1_23' title='bbox 1312 916 1477 1011; x_wconf 86' lang='lat' dir='ltr'><strong>glorificat</strong></span> <span class='ocrx_word' id='word_1_24' title='bbox 1509 921 1543 991; x_wconf 86' lang='lat' dir='ltr'><strong>ct</strong></span> <span class='ocrx_word' id='word_1_25' title='bbox 1570 919 1644 991; x_wconf 47' lang='lat' dir='ltr'><strong>*ve-</strong></span> 
     </span>
     <span class='ocr_line' id='line_1_4' title="bbox 275 1033 1645 1131; baseline -0.001 -24"><span class='ocrx_word' id='word_1_26' title='bbox 275 1047 409 1108; x_wconf 88' lang='lat' dir='ltr'><strong>neratur</strong></span> <span class='ocrx_word' id='word_1_27' title='bbox 436 1033 566 1107; x_wconf 91' lang='lat' dir='ltr'><strong>coelum</strong></span> <span class='ocrx_word' id='word_1_28' title='bbox 592 1043 626 1105; x_wconf 88' lang='lat' dir='ltr'><strong>ct</strong></span> <span class='ocrx_word' id='word_1_29' title='bbox 652 1033 882 1129; x_wconf 90' lang='lat' dir='ltr'><strong>quodcumque</strong></span> <span class='ocrx_word' id='word_1_30' title='bbox 907 1035 941 1105; x_wconf 95' lang='lat' dir='ltr'><strong>in</strong></span> <span class='ocrx_word' id='word_1_31' title='bbox 967 1055 1009 1106; x_wconf 91' lang='lat' dir='ltr'><strong>eo</strong></span> <span class='ocrx_word' id='word_1_32' title='bbox 1037 1043 1100 1124; x_wconf 84' lang='lat' dir='ltr'><strong>est,</strong></span> <span class='ocrx_word' id='word_1_33' title='bbox 1126 1044 1216 1106; x_wconf 88' lang='lat' dir='ltr'><strong>terra</strong></span> <span class='ocrx_word' id='word_1_34' title='bbox 1234 1045 1268 1107; x_wconf 88' lang='lat' dir='ltr'><strong>et</strong></span> <span class='ocrx_word' id='word_1_35' title='bbox 1296 1034 1524 1130; x_wconf 90' lang='lat' dir='ltr'><strong>quodcumque</strong></span> <span class='ocrx_word' id='word_1_36' title='bbox 1542 1057 1645 1131; x_wconf 91' lang='lat' dir='ltr'><strong>super</strong></span> 
     </span>
     <span class='ocr_line' id='line_1_5' title="bbox 275 1149 1645 1247; baseline 0.002 -25"><span class='ocrx_word' id='word_1_37' title='bbox 275 1158 400 1222; x_wconf 89' lang='lat' dir='ltr'><strong>terram</strong></span> <span class='ocrx_word' id='word_1_38' title='bbox 425 1153 609 1247; x_wconf 84' lang='lat' dir='ltr'><strong>reperitur3</strong></span> <span class='ocrx_word' id='word_1_39' title='bbox 637 1159 812 1222; x_wconf 78' lang='lat' dir='ltr'><strong>creaturae</strong></span> <span class='ocrx_word' id='word_1_40' title='bbox 838 1159 966 1237; x_wconf 91' lang='lat' dir='ltr'><strong>mutae,</strong></span> <span class='ocrx_word' id='word_1_41' title='bbox 1001 1153 1075 1246; x_wconf 91' lang='lat' dir='ltr'><strong>ipso</strong></span> <span class='ocrx_word' id='word_1_42' title='bbox 1112 1149 1241 1222; x_wconf 91' lang='lat' dir='ltr'><strong>silentio</strong></span> <span class='ocrx_word' id='word_1_43' title='bbox 1269 1173 1349 1224; x_wconf 90' lang='lat' dir='ltr'><strong>suo:</strong></span> <span class='ocrx_word' id='word_1_44' title='bbox 1377 1173 1462 1246; x_wconf 91' lang='lat' dir='ltr'><strong>quae</strong></span> <span class='ocrx_word' id='word_1_45' title='bbox 1487 1151 1645 1246; x_wconf 88' lang='lat' dir='ltr'><strong>loquendi</strong></span> 
     </span>
     <span class='ocr_line' id='line_1_6' title="bbox 275 1264 1645 1360; baseline 0.003 -23"><span class='ocrx_word' id='word_1_46' title='bbox 275 1264 466 1338; x_wconf 76' lang='lat' dir='ltr'><strong>facultatem</strong></span> <span class='ocrx_word' id='word_1_47' title='bbox 491 1266 626 1356; x_wconf 84' lang='lat' dir='ltr'><strong>habent,</strong></span> <span class='ocrx_word' id='word_1_48' title='bbox 651 1267 772 1359; x_wconf 84' lang='lat' dir='ltr'><strong>linguis</strong></span> <span class='ocrx_word' id='word_1_49' title='bbox 787 1269 871 1339; x_wconf 90' lang='lat' dir='ltr'><strong>suis:</strong></span> <span class='ocrx_word' id='word_1_50' title='bbox 897 1264 1022 1358; x_wconf 83' lang='lat' dir='ltr'><strong>Angeli</strong></span> <span class='ocrx_word' id='word_1_51' title='bbox 1043 1265 1157 1360; x_wconf 86' lang='lat' dir='ltr'><strong>jubilis</strong></span> <span class='ocrx_word' id='word_1_52' title='bbox 1185 1270 1272 1339; x_wconf 92' lang='lat' dir='ltr'><strong>suis:</strong></span> <span class='ocrx_word' id='word_1_53' title='bbox 1299 1267 1488 1340; x_wconf 87' lang='lat' dir='ltr'><strong>Potestates</strong></span> <span class='ocrx_word' id='word_1_54' title='bbox 1516 1279 1550 1340; x_wconf 93' lang='lat' dir='ltr'><strong>et</strong></span> <span class='ocrx_word' id='word_1_55' title='bbox 1575 1272 1645 1341; x_wconf 93' lang='lat' dir='ltr'><strong>mi-</strong></span> 
     </span>
     <span class='ocr_line' id='line_1_7' title="bbox 276 1380 1647 1457; baseline 0.001 -3"><span class='ocrx_word' id='word_1_56' title='bbox 276 1382 366 1454; x_wconf 84' lang='lat' dir='ltr'><strong>litiae</strong></span> <span class='ocrx_word' id='word_1_57' title='bbox 398 1381 655 1456; x_wconf 80' lang='lat' dir='ltr'><strong>exaltationibus</strong></span> <span class='ocrx_word' id='word_1_58' title='bbox 688 1385 773 1455; x_wconf 90' lang='lat' dir='ltr'><strong>suis:</strong></span> <span class='ocrx_word' id='word_1_59' title='bbox 808 1380 1012 1456; x_wconf 84' lang='lat' dir='ltr'><strong>Sacerdotes</strong></span> <span class='ocrx_word' id='word_1_60' title='bbox 1044 1385 1077 1452; x_wconf 92' lang='lat' dir='ltr'><strong>in</strong></span> <span class='ocrx_word' id='word_1_61' title='bbox 1114 1382 1283 1455; x_wconf 88' lang='lat' dir='ltr'><strong>ordinibus</strong></span> <span class='ocrx_word' id='word_1_62' title='bbox 1316 1387 1400 1456; x_wconf 89' lang='lat' dir='ltr'><strong>suis:</strong></span> <span class='ocrx_word' id='word_1_63' title='bbox 1433 1384 1577 1457; x_wconf 87' lang='lat' dir='ltr'><strong>Diaconi</strong></span> <span class='ocrx_word' id='word_1_64' title='bbox 1610 1389 1647 1456; x_wconf 89' lang='lat' dir='ltr'><strong>in</strong></span> 
     </span>
     <span class='ocr_line' id='line_1_8' title="bbox 277 1495 1644 1594; baseline 0.003 -25"><span class='ocrx_word' id='word_1_65' title='bbox 277 1495 593 1591; x_wconf 83' lang='lat' dir='ltr'><strong>congregationibus</strong></span> <span class='ocrx_word' id='word_1_66' title='bbox 621 1500 722 1571; x_wconf 81' lang='lat' dir='ltr'><strong>suis·</strong></span> <span class='ocrx_word' id='word_1_67' title='bbox 752 1497 803 1570; x_wconf 85' lang='lat' dir='ltr'><strong>Tu</strong></span> <span class='ocrx_word' id='word_1_68' title='bbox 838 1519 922 1572; x_wconf 89' lang='lat' dir='ltr'><strong>vero</strong></span> <span class='ocrx_word' id='word_1_69' title='bbox 951 1519 1052 1594; x_wconf 91' lang='lat' dir='ltr'><strong>supra</strong></span> <span class='ocrx_word' id='word_1_70' title='bbox 1084 1520 1216 1570; x_wconf 88' lang='lat' dir='ltr'><strong>omnem</strong></span> <span class='ocrx_word' id='word_1_71' title='bbox 1250 1498 1392 1591; x_wconf 87' lang='lat' dir='ltr'><strong>gloriam</strong></span> <span class='ocrx_word' id='word_1_72' title='bbox 1423 1503 1456 1572; x_wconf 91' lang='lat' dir='ltr'><strong>in</strong></span> <span class='ocrx_word' id='word_1_73' title='bbox 1491 1499 1644 1573; x_wconf 88' lang='lat' dir='ltr'><strong>abscon-</strong></span> 
     </span>
     <span class='ocr_line' id='line_1_9' title="bbox 277 1613 1660 1711; baseline 0.003 -25"><span class='ocrx_word' id='word_1_74' title='bbox 277 1613 343 1686; x_wconf 87' lang='lat' dir='ltr'><strong>dita</strong></span> <span class='ocrx_word' id='word_1_75' title='bbox 371 1625 570 1688; x_wconf 83' lang='lat' dir='ltr'><strong>naturatum</strong></span> <span class='ocrx_word' id='word_1_76' title='bbox 605 1637 665 1705; x_wconf 82' lang='lat' dir='ltr'><strong>es3</strong></span> <span class='ocrx_word' id='word_1_77' title='bbox 701 1615 885 1709; x_wconf 90' lang='lat' dir='ltr'><strong>suscipiens</strong></span> <span class='ocrx_word' id='word_1_78' title='bbox 918 1623 1028 1685; x_wconf 88' lang='lat' dir='ltr'><strong>tamen</strong></span> <span class='ocrx_word' id='word_1_79' title='bbox 1061 1636 1123 1711; x_wconf 90' lang='lat' dir='ltr'><strong>per</strong></span> <span class='ocrx_word' id='word_1_80' title='bbox 1154 1637 1301 1687; x_wconf 91' lang='lat' dir='ltr'><strong>amorem</strong></span> <span class='ocrx_word' id='word_1_81' title='bbox 1334 1625 1424 1688; x_wconf 90' lang='lat' dir='ltr'><strong>tuum</strong></span> <span class='ocrx_word' id='word_1_82' title='bbox 1460 1637 1543 1708; x_wconf 82' lang='lat' dir='ltr'><strong>erga</strong></span> <span class='ocrx_word' id='word_1_83' title='bbox 1573 1616 1660 1690; x_wconf 73' lang='lat' dir='ltr'><strong>ho-¹</strong></span> 
     </span>
     <span class='ocr_line' id='line_1_10' title="bbox 276 1729 1644 1828; baseline 0.004 -28"><span class='ocrx_word' id='word_1_84' title='bbox 276 1732 393 1820; x_wconf 92' lang='lat' dir='ltr'><strong>mines,</strong></span> <span class='ocrx_word' id='word_1_85' title='bbox 420 1730 563 1828; x_wconf 78' lang='lat' dir='ltr'><strong>hymnos</strong></span> <span class='ocrx_word' id='word_1_86' title='bbox 589 1729 764 1803; x_wconf 85' lang='lat' dir='ltr'><strong>Ecclesiae</strong></span> <span class='ocrx_word' id='word_1_87' title='bbox 791 1740 869 1802; x_wconf 89' lang='lat' dir='ltr'><strong>tuae</strong></span> <span class='ocrx_word' id='word_1_88' title='bbox 895 1739 929 1800; x_wconf 90' lang='lat' dir='ltr'><strong>et</strong></span> <span class='ocrx_word' id='word_1_89' title='bbox 954 1733 1070 1823; x_wconf 84' lang='lat' dir='ltr'><strong>gregis</strong></span> <span class='ocrx_word' id='word_1_90' title='bbox 1097 1732 1155 1820; x_wconf 89' lang='lat' dir='ltr'><strong>tui,</strong></span> <span class='ocrx_word' id='word_1_91' title='bbox 1181 1730 1276 1804; x_wconf 92' lang='lat' dir='ltr'><strong>simul</strong></span> <span class='ocrx_word' id='word_1_92' title='bbox 1302 1753 1377 1802; x_wconf 92' lang='lat' dir='ltr'><strong>cum</strong></span> <span class='ocrx_word' id='word_1_93' title='bbox 1403 1735 1540 1804; x_wconf 89' lang='lat' dir='ltr'><strong>canticis</strong></span> <span class='ocrx_word' id='word_1_94' title='bbox 1563 1734 1644 1806; x_wconf 84' lang='lat' dir='ltr'><strong>An·</strong></span> 
     </span>
     <span class='ocr_line' id='line_1_11' title="bbox 278 1845 1644 1942; baseline 0.001 -24"><span class='ocrx_word' id='word_1_95' title='bbox 278 1845 430 1940; x_wconf 83' lang='lat' dir='ltr'><strong>gelomm</strong></span> <span class='ocrx_word' id='word_1_96' title='bbox 466 1856 500 1919; x_wconf 86' lang='lat' dir='ltr'><strong>et</strong></span> <span class='ocrx_word' id='word_1_97' title='bbox 529 1846 836 1940; x_wconf 85' lang='lat' dir='ltr'><strong>Archangelomm,</strong></span> <span class='ocrx_word' id='word_1_98' title='bbox 869 1857 903 1919; x_wconf 90' lang='lat' dir='ltr'><strong>et</strong></span> <span class='ocrx_word' id='word_1_99' title='bbox 936 1848 1078 1920; x_wconf 89' lang='lat' dir='ltr'><strong>vocibus</strong></span> <span class='ocrx_word' id='word_1_100' title='bbox 1113 1846 1306 1942; x_wconf 83' lang='lat' dir='ltr'><strong>Seraphim,</strong></span> <span class='ocrx_word' id='word_1_101' title='bbox 1338 1851 1393 1941; x_wconf 92' lang='lat' dir='ltr'><strong>qui</strong></span> <span class='ocrx_word' id='word_1_102' title='bbox 1427 1847 1644 1921; x_wconf 86' lang='lat' dir='ltr'><strong>admiratione</strong></span> 
     </span>
     <span class='ocr_line' id='line_1_12' title="bbox 279 1963 1644 2061; baseline 0.001 -26"><span class='ocrx_word' id='word_1_103' title='bbox 279 1964 456 2036; x_wconf 85' lang='lat' dir='ltr'><strong>divinitatis</strong></span> <span class='ocrx_word' id='word_1_104' title='bbox 482 1974 559 2035; x_wconf 85' lang='lat' dir='ltr'><strong>mae</strong></span> <span class='ocrx_word' id='word_1_105' title='bbox 591 1963 785 2060; x_wconf 72' lang='lat' dir='ltr'><strong>stupefacti,</strong></span> <span class='ocrx_word' id='word_1_106' title='bbox 819 1963 1034 2037; x_wconf 89' lang='lat' dir='ltr'><strong>concentibus</strong></span> <span class='ocrx_word' id='word_1_107' title='bbox 1068 1965 1291 2052; x_wconf 87' lang='lat' dir='ltr'><strong>suavissimis,</strong></span> <span class='ocrx_word' id='word_1_108' title='bbox 1326 1963 1504 2037; x_wconf 87' lang='lat' dir='ltr'><strong>secundum</strong></span> <span class='ocrx_word' id='word_1_109' title='bbox 1537 1986 1644 2061; x_wconf 91' lang='lat' dir='ltr'><strong>prae-</strong></span> 
     </span>
     <span class='ocr_line' id='line_1_13' title="bbox 278 2077 1298 2170; baseline -0.002 -18"><span class='ocrx_word' id='word_1_110' title='bbox 278 2077 402 2152; x_wconf 88' lang='lat' dir='ltr'><strong>claram</strong></span> <span class='ocrx_word' id='word_1_111' title='bbox 429 2078 682 2170; x_wconf 82' lang='lat' dir='ltr'><strong>ordinationem,</strong></span> <span class='ocrx_word' id='word_1_112' title='bbox 709 2089 841 2170; x_wconf 90' lang='lat' dir='ltr'><strong>canunt,</strong></span> <span class='ocrx_word' id='word_1_113' title='bbox 867 2079 1093 2154; x_wconf 89' lang='lat' dir='ltr'><strong>vociferantur</strong></span> <span class='ocrx_word' id='word_1_114' title='bbox 1120 2089 1154 2152; x_wconf 87' lang='lat' dir='ltr'><strong>ct</strong></span> <span class='ocrx_word' id='word_1_115' title='bbox 1179 2079 1298 2152; x_wconf 91' lang='lat' dir='ltr'><strong>dicunt.</strong></span> 
     </span>
    </p>

    <p class='ocr_par' dir='ltr' id='par_1_3' title="bbox 379 2196 746 2290">
     <span class='ocr_line' id='line_1_14' title="bbox 379 2196 746 2290; baseline 0 -23"><span class='ocrx_word' id='word_1_116' title='bbox 379 2196 541 2290; x_wconf 76' lang='lat' dir='ltr'><strong>Populos.</strong></span> <span class='ocrx_word' id='word_1_117' title='bbox 594 2196 746 2269; x_wconf 88' lang='lat' dir='ltr'><strong>Sanctus.</strong></span> 
     </span>
    </p>

    <p class='ocr_par' dir='ltr' id='par_1_4' title="bbox 275 2308 1647 3105">
     <span class='ocr_line' id='line_1_15' title="bbox 275 2308 1643 2406; baseline -0.001 -22"><span class='ocrx_word' id='word_1_118' title='bbox 275 2377 278 2384; x_wconf 89' lang='lat'>.</span> <span class='ocrx_word' id='word_1_119' title='bbox 379 2312 554 2387; x_wconf 76' lang='lat' dir='ltr'><strong>Sacerdos</strong></span> <span class='ocrx_word' id='word_1_120' title='bbox 577 2314 766 2385; x_wconf 80' lang='lat' dir='ltr'><strong>inclinatur.</strong></span> <span class='ocrx_word' id='word_1_121' title='bbox 794 2311 936 2385; x_wconf 91' lang='lat' dir='ltr'><strong>Sanctus</strong></span> <span class='ocrx_word' id='word_1_122' title='bbox 964 2333 1002 2385; x_wconf 91' lang='lat' dir='ltr'><strong>es</strong></span> <span class='ocrx_word' id='word_1_123' title='bbox 1028 2310 1122 2382; x_wconf 89' lang='lat' dir='ltr'><strong>Deus</strong></span> <span class='ocrx_word' id='word_1_124' title='bbox 1149 2308 1259 2397; x_wconf 90' lang='lat' dir='ltr'><strong>Pater,</strong></span> <span class='ocrx_word' id='word_1_125' title='bbox 1288 2311 1528 2406; x_wconf 83' lang='lat' dir='ltr'><strong>sanctitateque</strong></span> <span class='ocrx_word' id='word_1_126' title='bbox 1555 2309 1643 2384; x_wconf 91' lang='lat' dir='ltr'><strong>sub-</strong></span> 
     </span>
     <span class='ocr_line' id='line_1_16' title="bbox 276 2425 1642 2526; baseline 0.001 -27"><span class='ocrx_word' id='word_1_127' title='bbox 276 2427 401 2502; x_wconf 90' lang='lat' dir='ltr'><strong>limior:</strong></span> <span class='ocrx_word' id='word_1_128' title='bbox 427 2428 561 2522; x_wconf 82' lang='lat' dir='ltr'><strong>largiris</strong></span> <span class='ocrx_word' id='word_1_129' title='bbox 587 2434 660 2526; x_wconf 89' lang='lat' dir='ltr'><strong>ipsa</strong></span> <span class='ocrx_word' id='word_1_130' title='bbox 688 2432 893 2502; x_wconf 88' lang='lat' dir='ltr'><strong>sanctitatem</strong></span> <span class='ocrx_word' id='word_1_131' title='bbox 921 2450 994 2500; x_wconf 92' lang='lat' dir='ltr'><strong>cum</strong></span> <span class='ocrx_word' id='word_1_132' title='bbox 1025 2427 1111 2500; x_wconf 84' lang='lat' dir='ltr'><strong>Filio</strong></span> <span class='ocrx_word' id='word_1_133' title='bbox 1141 2435 1210 2517; x_wconf 87' lang='lat' dir='ltr'><strong>tuo,</strong></span> <span class='ocrx_word' id='word_1_134' title='bbox 1236 2436 1271 2498; x_wconf 92' lang='lat' dir='ltr'><strong>et</strong></span> <span class='ocrx_word' id='word_1_135' title='bbox 1292 2425 1417 2522; x_wconf 87' lang='lat' dir='ltr'><strong>Spiritu</strong></span> <span class='ocrx_word' id='word_1_136' title='bbox 1436 2436 1491 2501; x_wconf 93' lang='lat' dir='ltr'><strong>tuo</strong></span> <span class='ocrx_word' id='word_1_137' title='bbox 1513 2437 1642 2517; x_wconf 91' lang='lat' dir='ltr'><strong>sancto,</strong></span> 
     </span>
     <span class='ocr_line' id='line_1_17' title="bbox 276 2543 1644 2641; baseline 0.001 -24"><span class='ocrx_word' id='word_1_138' title='bbox 276 2545 340 2617; x_wconf 93' lang='lat' dir='ltr'><strong>illis</strong></span> <span class='ocrx_word' id='word_1_139' title='bbox 368 2549 422 2641; x_wconf 92' lang='lat' dir='ltr'><strong>qui</strong></span> <span class='ocrx_word' id='word_1_140' title='bbox 448 2545 535 2618; x_wconf 91' lang='lat' dir='ltr'><strong>illam</strong></span> <span class='ocrx_word' id='word_1_141' title='bbox 563 2543 761 2641; x_wconf 91' lang='lat' dir='ltr'><strong>suscipiendi</strong></span> <span class='ocrx_word' id='word_1_142' title='bbox 793 2543 884 2637; x_wconf 82' lang='lat' dir='ltr'><strong>digni</strong></span> <span class='ocrx_word' id='word_1_143' title='bbox 910 2553 995 2616; x_wconf 90' lang='lat' dir='ltr'><strong>sunt.</strong></span> <span class='ocrx_word' id='word_1_144' title='bbox 1047 2543 1098 2615; x_wconf 81' lang='lat' dir='ltr'><strong>&#39;lu</strong></span> <span class='ocrx_word' id='word_1_145' title='bbox 1132 2544 1219 2615; x_wconf 92' lang='lat' dir='ltr'><strong>enim</strong></span> <span class='ocrx_word' id='word_1_146' title='bbox 1232 2553 1383 2640; x_wconf 87' lang='lat' dir='ltr'><strong>naturam</strong></span> <span class='ocrx_word' id='word_1_147' title='bbox 1404 2566 1502 2638; x_wconf 85' lang='lat' dir='ltr'><strong>quam</strong></span> <span class='ocrx_word' id='word_1_148' title='bbox 1520 2549 1644 2618; x_wconf 87' lang='lat' dir='ltr'><strong>creasti</strong></span> 
     </span>
     <span class='ocr_line' id='line_1_18' title="bbox 277 2657 1642 2757; baseline -0.001 -24"><span class='ocrx_word' id='word_1_149' title='bbox 277 2672 310 2734; x_wconf 89' lang='lat' dir='ltr'><strong>et</strong></span> <span class='ocrx_word' id='word_1_150' title='bbox 336 2661 518 2751; x_wconf 83' lang='lat' dir='ltr'><strong>honorasti,</strong></span> <span class='ocrx_word' id='word_1_151' title='bbox 545 2661 662 2734; x_wconf 88' lang='lat' dir='ltr'><strong>domus</strong></span> <span class='ocrx_word' id='word_1_152' title='bbox 689 2660 829 2756; x_wconf 92' lang='lat' dir='ltr'><strong>quodam</strong></span> <span class='ocrx_word' id='word_1_153' title='bbox 858 2663 1063 2753; x_wconf 84' lang='lat' dir='ltr'><strong>magisterio,</strong></span> <span class='ocrx_word' id='word_1_154' title='bbox 1089 2657 1390 2757; x_wconf 83' lang='lat' dir='ltr'><strong>postquam&#39;libero</strong></span> <span class='ocrx_word' id='word_1_155' title='bbox 1418 2681 1479 2732; x_wconf 90' lang='lat' dir='ltr'><strong>suo</strong></span> <span class='ocrx_word' id='word_1_156' title='bbox 1507 2660 1642 2732; x_wconf 84' lang='lat' dir='ltr'><strong>arbitrio</strong></span> 
     </span>
     <span class='ocr_line' id='line_1_19' title="bbox 277 2773 1647 2872; baseline 0 -24"><span class='ocrx_word' id='word_1_157' title='bbox 277 2778 401 2849; x_wconf 87' lang='lat' dir='ltr'><strong>excidit</strong></span> <span class='ocrx_word' id='word_1_158' title='bbox 434 2801 480 2850; x_wconf 92' lang='lat' dir='ltr'><strong>ex</strong></span> <span class='ocrx_word' id='word_1_159' title='bbox 514 2775 710 2851; x_wconf 87' lang='lat' dir='ltr'><strong>sublimitate</strong></span> <span class='ocrx_word' id='word_1_160' title='bbox 748 2800 823 2864; x_wconf 89' lang='lat' dir='ltr'><strong>sua,</strong></span> <span class='ocrx_word' id='word_1_161' title='bbox 857 2799 924 2850; x_wconf 93' lang='lat' dir='ltr'><strong>non</strong></span> <span class='ocrx_word' id='word_1_162' title='bbox 958 2776 1153 2866; x_wconf 90' lang='lat' dir='ltr'><strong>deseruisti,</strong></span> <span class='ocrx_word' id='word_1_163' title='bbox 1190 2783 1227 2848; x_wconf 89' lang='lat' dir='ltr'><strong>nt</strong></span> <span class='ocrx_word' id='word_1_164' title='bbox 1258 2779 1399 2872; x_wconf 83' lang='lat' dir='ltr'><strong>periret,</strong></span> <span class='ocrx_word' id='word_1_165' title='bbox 1433 2773 1494 2848; x_wconf 93' lang='lat' dir='ltr'><strong>sed</strong></span> <span class='ocrx_word' id='word_1_166' title='bbox 1525 2775 1647 2848; x_wconf 89' lang='lat' dir='ltr'><strong>Filium</strong></span> 
     </span>
     <span class='ocr_line' id='line_1_20' title="bbox 277 2889 1644 2988; baseline 0.001 -23"><span class='ocrx_word' id='word_1_167' title='bbox 277 2902 366 2965; x_wconf 86' lang='lat' dir='ltr'><strong>tuum</strong></span> <span class='ocrx_word' id='word_1_168' title='bbox 390 2897 594 2986; x_wconf 87' lang='lat' dir='ltr'><strong>unigenitum</strong></span> <span class='ocrx_word' id='word_1_169' title='bbox 620 2896 750 2984; x_wconf 88' lang='lat' dir='ltr'><strong>misisti,</strong></span> <span class='ocrx_word' id='word_1_170' title='bbox 777 2895 832 2988; x_wconf 93' lang='lat' dir='ltr'><strong>qui</strong></span> <span class='ocrx_word' id='word_1_171' title='bbox 857 2891 965 2964; x_wconf 91' lang='lat' dir='ltr'><strong>factus</strong></span> <span class='ocrx_word' id='word_1_172' title='bbox 993 2889 1188 2982; x_wconf 68' lang='lat' dir='ltr'><strong>est‘homo,</strong></span> <span class='ocrx_word' id='word_1_173' title='bbox 1221 2902 1254 2963; x_wconf 90' lang='lat' dir='ltr'><strong>et</strong></span> <span class='ocrx_word' id='word_1_174' title='bbox 1279 2894 1313 2963; x_wconf 92' lang='lat' dir='ltr'><strong>in</strong></span> <span class='ocrx_word' id='word_1_175' title='bbox 1340 2889 1493 2966; x_wconf 90' lang='lat' dir='ltr'><strong>omnibus</strong></span> <span class='ocrx_word' id='word_1_176' title='bbox 1519 2896 1644 2968; x_wconf 88' lang='lat' dir='ltr'><strong>nostris</strong></span> 
     </span>
     <span class='ocr_line' id='line_1_21' title="bbox 278 3007 1422 3105; baseline -0.003 -22"><span class='ocrx_word' id='word_1_177' title='bbox 278 3009 390 3083; x_wconf 89' lang='lat' dir='ltr'><strong>similis</strong></span> <span class='ocrx_word' id='word_1_178' title='bbox 415 3008 523 3082; x_wconf 90' lang='lat' dir='ltr'><strong>factus</strong></span> <span class='ocrx_word' id='word_1_179' title='bbox 551 3019 603 3084; x_wconf 90' lang='lat' dir='ltr'><strong>est</strong></span> <span class='ocrx_word' id='word_1_180' title='bbox 628 3007 739 3099; x_wconf 88' lang='lat' dir='ltr'><strong>nobis,</strong></span> <span class='ocrx_word' id='word_1_181' title='bbox 765 3017 909 3104; x_wconf 87' lang='lat' dir='ltr'><strong>excepto</strong></span> <span class='ocrx_word' id='word_1_182' title='bbox 936 3020 1090 3105; x_wconf 89' lang='lat' dir='ltr'><strong>peccato,</strong></span> <span class='ocrx_word' id='word_1_183' title='bbox 1118 3018 1152 3080; x_wconf 90' lang='lat' dir='ltr'><strong>et</strong></span> <span class='ocrx_word' id='word_1_184' title='bbox 1178 3009 1324 3084; x_wconf 88' lang='lat' dir='ltr'><strong>salvavit</strong></span> <span class='ocrx_word' id='word_1_185' title='bbox 1349 3029 1422 3080; x_wconf 90' lang='lat' dir='ltr'><strong>nos.</strong></span> 
     </span>
    </p>

    <p class='ocr_par' dir='ltr' id='par_1_5' title="bbox 276 3121 1645 4497">
     <span class='ocr_line' id='line_1_22' title="bbox 380 3121 1645 3220; baseline -0.002 -23"><span class='ocrx_word' id='word_1_186' title='bbox 380 3126 529 3197; x_wconf 75' lang='lat' dir='ltr'><strong>llleoocc</strong></span> <span class='ocrx_word' id='word_1_187' title='bbox 562 3146 688 3198; x_wconf 83' lang='lat' dir='ltr'><strong>nocem.</strong></span> <span class='ocrx_word' id='word_1_188' title='bbox 742 3125 806 3211; x_wconf 86' lang='lat' dir='ltr'><strong>Qui</strong></span> <span class='ocrx_word' id='word_1_189' title='bbox 832 3121 1014 3196; x_wconf 83' lang='lat' dir='ltr'><strong>humiliavit</strong></span> <span class='ocrx_word' id='word_1_190' title='bbox 1039 3147 1096 3212; x_wconf 89' lang='lat' dir='ltr'><strong>so,</strong></span> <span class='ocrx_word' id='word_1_191' title='bbox 1129 3135 1163 3196; x_wconf 88' lang='lat' dir='ltr'><strong>et</strong></span> <span class='ocrx_word' id='word_1_192' title='bbox 1188 3133 1369 3220; x_wconf 89' lang='lat' dir='ltr'><strong>conceptus</strong></span> <span class='ocrx_word' id='word_1_193' title='bbox 1398 3133 1450 3196; x_wconf 88' lang='lat' dir='ltr'><strong>est</strong></span> <span class='ocrx_word' id='word_1_194' title='bbox 1475 3125 1508 3193; x_wconf 89' lang='lat' dir='ltr'><strong>in</strong></span> <span class='ocrx_word' id='word_1_195' title='bbox 1534 3131 1645 3216; x_wconf 74' lang='lat' dir='ltr'><strong>utero,</strong></span> 
     </span>
     <span class='ocr_line' id='line_1_23' title="bbox 277 3238 1643 3337; baseline -0.004 -22"><span class='ocrx_word' id='word_1_196' title='bbox 277 3241 569 3337; x_wconf 80' lang='lat' dir='ltr'><strong>configuratusque</strong></span> <span class='ocrx_word' id='word_1_197' title='bbox 601 3251 654 3315; x_wconf 88' lang='lat' dir='ltr'><strong>est</strong></span> <span class='ocrx_word' id='word_1_198' title='bbox 687 3264 732 3312; x_wconf 90' lang='lat' dir='ltr'><strong>ex</strong></span> <span class='ocrx_word' id='word_1_199' title='bbox 765 3239 890 3336; x_wconf 87' lang='lat' dir='ltr'><strong>Spiritu</strong></span> <span class='ocrx_word' id='word_1_200' title='bbox 924 3249 1040 3314; x_wconf 90' lang='lat' dir='ltr'><strong>sancto</strong></span> <span class='ocrx_word' id='word_1_201' title='bbox 1080 3249 1113 3312; x_wconf 90' lang='lat' dir='ltr'><strong>et</strong></span> <span class='ocrx_word' id='word_1_202' title='bbox 1155 3262 1202 3312; x_wconf 86' lang='lat' dir='ltr'><strong>ex</strong></span> <span class='ocrx_word' id='word_1_203' title='bbox 1232 3238 1374 3332; x_wconf 84' lang='lat' dir='ltr'><strong>Virgine</strong></span> <span class='ocrx_word' id='word_1_204' title='bbox 1409 3246 1544 3326; x_wconf 80' lang='lat' dir='ltr'><strong>sancta,</strong></span> <span class='ocrx_word' id='word_1_205' title='bbox 1574 3259 1643 3310; x_wconf 92' lang='lat' dir='ltr'><strong>non</strong></span> 
     </span>
     <span class='ocr_line' id='line_1_24' title="bbox 277 3355 1642 3453; baseline -0.004 -23"><span class='ocrx_word' id='word_1_206' title='bbox 277 3361 464 3432; x_wconf 89' lang='lat' dir='ltr'><strong>exinanitus</strong></span> <span class='ocrx_word' id='word_1_207' title='bbox 496 3382 515 3429; x_wconf 87' lang='lat' dir='ltr'><strong>a</strong></span> <span class='ocrx_word' id='word_1_208' title='bbox 548 3357 655 3452; x_wconf 85' lang='lat' dir='ltr'><strong>gloria</strong></span> <span class='ocrx_word' id='word_1_209' title='bbox 682 3381 761 3449; x_wconf 88' lang='lat' dir='ltr'><strong>sua,</strong></span> <span class='ocrx_word' id='word_1_210' title='bbox 799 3379 908 3453; x_wconf 89' lang='lat' dir='ltr'><strong>neque</strong></span> <span class='ocrx_word' id='word_1_211' title='bbox 941 3366 1083 3429; x_wconf 85' lang='lat' dir='ltr'><strong>mutatus</strong></span> <span class='ocrx_word' id='word_1_212' title='bbox 1117 3380 1137 3429; x_wconf 91' lang='lat' dir='ltr'><strong>a</strong></span> <span class='ocrx_word' id='word_1_213' title='bbox 1169 3366 1286 3429; x_wconf 87' lang='lat' dir='ltr'><strong>natura</strong></span> <span class='ocrx_word' id='word_1_214' title='bbox 1313 3379 1391 3447; x_wconf 87' lang='lat' dir='ltr'><strong>sua,</strong></span> <span class='ocrx_word' id='word_1_215' title='bbox 1427 3355 1488 3429; x_wconf 90' lang='lat' dir='ltr'><strong>sed</strong></span> <span class='ocrx_word' id='word_1_216' title='bbox 1514 3356 1547 3425; x_wconf 93' lang='lat' dir='ltr'><strong>in</strong></span> <span class='ocrx_word' id='word_1_217' title='bbox 1573 3375 1642 3424; x_wconf 89' lang='lat' dir='ltr'><strong>na-</strong></span> 
     </span>
     <span class='ocr_line' id='line_1_25' title="bbox 277 3470 1643 3571; baseline -0.004 -25"><span class='ocrx_word' id='word_1_218' title='bbox 277 3485 348 3546; x_wconf 88' lang='lat' dir='ltr'><strong>tura</strong></span> <span class='ocrx_word' id='word_1_219' title='bbox 375 3473 528 3565; x_wconf 89' lang='lat' dir='ltr'><strong>humana,</strong></span> <span class='ocrx_word' id='word_1_220' title='bbox 556 3472 860 3571; x_wconf 87' lang='lat' dir='ltr'><strong>supernaturaliter,</strong></span> <span class='ocrx_word' id='word_1_221' title='bbox 887 3470 995 3544; x_wconf 86' lang='lat' dir='ltr'><strong>factus</strong></span> <span class='ocrx_word' id='word_1_222' title='bbox 1022 3482 1075 3547; x_wconf 87' lang='lat' dir='ltr'><strong>est</strong></span> <span class='ocrx_word' id='word_1_223' title='bbox 1100 3471 1199 3544; x_wconf 92' lang='lat' dir='ltr'><strong>homo</strong></span> <span class='ocrx_word' id='word_1_224' title='bbox 1226 3470 1414 3568; x_wconf 88' lang='lat' dir='ltr'><strong>periectos,</strong></span> <span class='ocrx_word' id='word_1_225' title='bbox 1450 3495 1523 3545; x_wconf 88' lang='lat' dir='ltr'><strong>cum</strong></span> <span class='ocrx_word' id='word_1_226' title='bbox 1551 3479 1643 3543; x_wconf 89' lang='lat' dir='ltr'><strong>esset</strong></span> 
     </span>
     <span class='ocr_line' id='line_1_26' title="bbox 276 3587 1641 3687; baseline -0.003 -25"><span class='ocrx_word' id='word_1_227' title='bbox 276 3593 405 3663; x_wconf 88' lang='lat' dir='ltr'><strong>interim</strong></span> <span class='ocrx_word' id='word_1_228' title='bbox 430 3591 522 3664; x_wconf 88' lang='lat' dir='ltr'><strong>Deus</strong></span> <span class='ocrx_word' id='word_1_229' title='bbox 549 3613 662 3665; x_wconf 90' lang='lat' dir='ltr'><strong>verus.</strong></span> <span class='ocrx_word' id='word_1_230' title='bbox 688 3591 800 3685; x_wconf 87' lang='lat' dir='ltr'><strong>Atque</strong></span> <span class='ocrx_word' id='word_1_231' title='bbox 825 3593 871 3660; x_wconf 87' lang='lat' dir='ltr'><strong>ita</strong></span> <span class='ocrx_word' id='word_1_232' title='bbox 898 3589 1036 3662; x_wconf 89' lang='lat' dir='ltr'><strong>salutem</strong></span> <span class='ocrx_word' id='word_1_233' title='bbox 1062 3599 1209 3663; x_wconf 90' lang='lat' dir='ltr'><strong>nostram</strong></span> <span class='ocrx_word' id='word_1_234' title='bbox 1233 3587 1385 3684; x_wconf 84' lang='lat' dir='ltr'><strong>perfecit,</strong></span> <span class='ocrx_word' id='word_1_235' title='bbox 1412 3612 1473 3687; x_wconf 90' lang='lat' dir='ltr'><strong>per</strong></span> <span class='ocrx_word' id='word_1_236' title='bbox 1500 3589 1641 3685; x_wconf 90' lang='lat' dir='ltr'><strong>dispen-</strong></span> 
     </span>
     <span class='ocr_line' id='line_1_27' title="bbox 277 3703 1645 3801; baseline -0.004 -21"><span class='ocrx_word' id='word_1_237' title='bbox 277 3711 438 3780; x_wconf 89' lang='lat' dir='ltr'><strong>sationem</strong></span> <span class='ocrx_word' id='word_1_238' title='bbox 471 3730 564 3781; x_wconf 90' lang='lat' dir='ltr'><strong>suam</strong></span> <span class='ocrx_word' id='word_1_239' title='bbox 598 3707 764 3795; x_wconf 88' lang='lat' dir='ltr'><strong>divinam,</strong></span> <span class='ocrx_word' id='word_1_240' title='bbox 798 3716 832 3778; x_wconf 90' lang='lat' dir='ltr'><strong>et</strong></span> <span class='ocrx_word' id='word_1_241' title='bbox 861 3707 1021 3801; x_wconf 80' lang='lat' dir='ltr'><strong>mysteria</strong></span> <span class='ocrx_word' id='word_1_242' title='bbox 1055 3703 1139 3776; x_wconf 89' lang='lat' dir='ltr'><strong>baec</strong></span> <span class='ocrx_word' id='word_1_243' title='bbox 1172 3704 1273 3801; x_wconf 88' lang='lat' dir='ltr'><strong>plena</strong></span> <span class='ocrx_word' id='word_1_244' title='bbox 1313 3707 1406 3778; x_wconf 85' lang='lat' dir='ltr'><strong>vitae</strong></span> <span class='ocrx_word' id='word_1_245' title='bbox 1439 3705 1645 3798; x_wconf 75' lang='lat' dir='ltr'><strong>designavit,</strong></span> 
     </span>
     <span class='ocr_line' id='line_1_28' title="bbox 277 3821 1641 3919; baseline -0.004 -23"><span class='ocrx_word' id='word_1_246' title='bbox 277 3822 465 3919; x_wconf 81' lang='lat' dir='ltr'><strong>complevit,</strong></span> <span class='ocrx_word' id='word_1_247' title='bbox 492 3822 741 3911; x_wconf 81' lang='lat' dir='ltr'><strong>demonstravit,</strong></span> <span class='ocrx_word' id='word_1_248' title='bbox 770 3831 803 3894; x_wconf 91' lang='lat' dir='ltr'><strong>et</strong></span> <span class='ocrx_word' id='word_1_249' title='bbox 829 3821 952 3896; x_wconf 75' lang='lat' dir='ltr'><strong>docuic</strong></span> <span class='ocrx_word' id='word_1_250' title='bbox 987 3822 1167 3918; x_wconf 84' lang='lat' dir='ltr'><strong>Accipians</strong></span> <span class='ocrx_word' id='word_1_251' title='bbox 1200 3842 1320 3917; x_wconf 91' lang='lat' dir='ltr'><strong>panem</strong></span> <span class='ocrx_word' id='word_1_252' title='bbox 1354 3823 1387 3892; x_wconf 89' lang='lat' dir='ltr'><strong>in</strong></span> <span class='ocrx_word' id='word_1_253' title='bbox 1419 3842 1534 3894; x_wconf 92' lang='lat' dir='ltr'><strong>manus</strong></span> <span class='ocrx_word' id='word_1_254' title='bbox 1561 3841 1641 3892; x_wconf 90' lang='lat' dir='ltr'><strong>suas</strong></span> 
     </span>
     <span class='ocr_line' id='line_1_29' title="bbox 277 3935 1641 4031; baseline -0.004 -18"><span class='ocrx_word' id='word_1_255' title='bbox 277 3949 430 4028; x_wconf 87' lang='lat' dir='ltr'><strong>sanctas,</strong></span> <span class='ocrx_word' id='word_1_256' title='bbox 463 3946 484 4023; x_wconf 93' lang='lat'>†</span> <span class='ocrx_word' id='word_1_257' title='bbox 514 3937 685 4012; x_wconf 89' lang='lat' dir='ltr'><strong>benedixit</strong></span> <span class='ocrx_word' id='word_1_258' title='bbox 717 3961 808 4028; x_wconf 89' lang='lat' dir='ltr'><strong>eum,</strong></span> <span class='ocrx_word' id='word_1_259' title='bbox 840 3945 861 4022; x_wconf 93' lang='lat'>†</span> <span class='ocrx_word' id='word_1_260' title='bbox 892 3937 1110 4011; x_wconf 86' lang='lat' dir='ltr'><strong>sanctificavit</strong></span> <span class='ocrx_word' id='word_1_261' title='bbox 1142 3960 1236 4025; x_wconf 90' lang='lat' dir='ltr'><strong>eum,</strong></span> <span class='ocrx_word' id='word_1_262' title='bbox 1269 3944 1290 4021; x_wconf 68' lang='grc' dir='ltr'><em>τ</em></span> <span class='ocrx_word' id='word_1_263' title='bbox 1330 3936 1452 4031; x_wconf 84' lang='lat' dir='ltr'><strong>fregit,</strong></span> <span class='ocrx_word' id='word_1_264' title='bbox 1485 3935 1641 4030; x_wconf 88' lang='lat' dir='ltr'><strong>deditque</strong></span> 
     </span>
     <span class='ocr_line' id='line_1_30' title="bbox 276 4051 1641 4152; baseline -0.004 -23"><span class='ocrx_word' id='word_1_265' title='bbox 276 4054 449 4152; x_wconf 91' lang='lat' dir='ltr'><strong>Apostolis</strong></span> <span class='ocrx_word' id='word_1_266' title='bbox 476 4056 555 4143; x_wconf 88' lang='lat' dir='ltr'><strong>suis,</strong></span> <span class='ocrx_word' id='word_1_267' title='bbox 582 4065 616 4127; x_wconf 89' lang='lat' dir='ltr'><strong>et</strong></span> <span class='ocrx_word' id='word_1_268' title='bbox 641 4077 703 4152; x_wconf 92' lang='lat' dir='ltr'><strong>per</strong></span> <span class='ocrx_word' id='word_1_269' title='bbox 729 4077 845 4128; x_wconf 91' lang='lat' dir='ltr'><strong>eorum</strong></span> <span class='ocrx_word' id='word_1_270' title='bbox 870 4075 986 4126; x_wconf 90' lang='lat' dir='ltr'><strong>manus</strong></span> <span class='ocrx_word' id='word_1_271' title='bbox 1012 4057 1191 4125; x_wconf 87' lang='lat' dir='ltr'><strong>universae</strong></span> <span class='ocrx_word' id='word_1_272' title='bbox 1205 4051 1382 4127; x_wconf 82' lang='lat' dir='ltr'><strong>Ecclesiae</strong></span> <span class='ocrx_word' id='word_1_273' title='bbox 1407 4064 1556 4140; x_wconf 89' lang='lat' dir='ltr'><strong>sanctae,</strong></span> <span class='ocrx_word' id='word_1_274' title='bbox 1583 4052 1641 4124; x_wconf 94' lang='lat' dir='ltr'><strong>di-</strong></span> 
     </span>
     <span class='ocr_line' id='line_1_31' title="bbox 277 4167 1641 4267; baseline -0.002 -24"><span class='ocrx_word' id='word_1_275' title='bbox 277 4194 374 4246; x_wconf 90' lang='lat' dir='ltr'><strong>cens:</strong></span> <span class='ocrx_word' id='word_1_276' title='bbox 399 4171 475 4244; x_wconf 87' lang='lat' dir='ltr'><strong>Hoc</strong></span> <span class='ocrx_word' id='word_1_277' title='bbox 501 4180 552 4244; x_wconf 90' lang='lat' dir='ltr'><strong>cst</strong></span> <span class='ocrx_word' id='word_1_278' title='bbox 578 4194 701 4267; x_wconf 90' lang='lat' dir='ltr'><strong>corpus</strong></span> <span class='ocrx_word' id='word_1_279' title='bbox 727 4193 836 4242; x_wconf 91' lang='lat' dir='ltr'><strong>meum</strong></span> <span class='ocrx_word' id='word_1_280' title='bbox 863 4169 951 4266; x_wconf 90' lang='lat' dir='ltr'><strong>quod</strong></span> <span class='ocrx_word' id='word_1_281' title='bbox 983 4191 1046 4266; x_wconf 91' lang='lat' dir='ltr'><strong>pro</strong></span> <span class='ocrx_word' id='word_1_282' title='bbox 1072 4169 1172 4243; x_wconf 89' lang='lat' dir='ltr'><strong>vobis</strong></span> <span class='ocrx_word' id='word_1_283' title='bbox 1198 4167 1382 4263; x_wconf 85' lang='lat' dir='ltr'><strong>frangitur,</strong></span> <span class='ocrx_word' id='word_1_284' title='bbox 1417 4181 1451 4242; x_wconf 90' lang='lat' dir='ltr'><strong>et</strong></span> <span class='ocrx_word' id='word_1_285' title='bbox 1477 4168 1572 4241; x_wconf 88' lang='lat' dir='ltr'><strong>datur</strong></span> <span class='ocrx_word' id='word_1_286' title='bbox 1598 4167 1641 4240; x_wconf 93' lang='lat' dir='ltr'><strong>ad</strong></span> 
     </span>
     <span class='ocr_line' id='line_1_32' title="bbox 278 4287 1640 4383; baseline -0.003 -23"><span class='ocrx_word' id='word_1_287' title='bbox 278 4291 501 4383; x_wconf 87' lang='lat' dir='ltr'><strong>expiationem</strong></span> <span class='ocrx_word' id='word_1_288' title='bbox 527 4287 730 4376; x_wconf 90' lang='lat' dir='ltr'><strong>delictorum,</strong></span> <span class='ocrx_word' id='word_1_289' title='bbox 758 4288 1053 4381; x_wconf 88' lang='lat' dir='ltr'><strong>remissionemque</strong></span> <span class='ocrx_word' id='word_1_290' title='bbox 1078 4295 1305 4382; x_wconf 87' lang='lat' dir='ltr'><strong>peccatorum,</strong></span> <span class='ocrx_word' id='word_1_291' title='bbox 1332 4297 1366 4360; x_wconf 91' lang='lat' dir='ltr'><strong>et</strong></span> <span class='ocrx_word' id='word_1_292' title='bbox 1387 4289 1489 4359; x_wconf 89' lang='lat' dir='ltr'><strong>vitam</strong></span> <span class='ocrx_word' id='word_1_293' title='bbox 1515 4307 1640 4360; x_wconf 91' lang='lat' dir='ltr'><strong>novam</strong></span> 
     </span>
     <span class='ocr_line' id='line_1_33' title="bbox 276 4402 1105 4497; baseline -0.004 -22"><span class='ocrx_word' id='word_1_294' title='bbox 276 4413 460 4476; x_wconf 87' lang='lat' dir='ltr'><strong>venturam.</strong></span> <span class='ocrx_word' id='word_1_295' title='bbox 771 4402 932 4497; x_wconf 82' lang='lat' dir='ltr'><strong>Populus.</strong></span> <span class='ocrx_word' id='word_1_296' title='bbox 984 4403 1105 4475; x_wconf 87' lang='lat' dir='ltr'><strong>Amen.</strong></span> 
     </span>
    </p>

    <p class='ocr_par' dir='ltr' id='par_1_6' title="bbox 276 4517 1642 5081">
     <span class='ocr_line' id='line_1_34' title="bbox 380 4517 1639 4615; baseline -0.002 -23"><span class='ocrx_word' id='word_1_297' title='bbox 380 4518 484 4592; x_wconf 92' lang='lat' dir='ltr'><strong>Simul</strong></span> <span class='ocrx_word' id='word_1_298' title='bbox 512 4521 610 4593; x_wconf 91' lang='lat' dir='ltr'><strong>etiam</strong></span> <span class='ocrx_word' id='word_1_299' title='bbox 638 4543 712 4592; x_wconf 92' lang='lat' dir='ltr'><strong>cum</strong></span> <span class='ocrx_word' id='word_1_300' title='bbox 738 4540 847 4614; x_wconf 82' lang='lat' dir='ltr'><strong>pane,</strong></span> <span class='ocrx_word' id='word_1_301' title='bbox 881 4517 1019 4589; x_wconf 88' lang='lat' dir='ltr'><strong>culicem</strong></span> <span class='ocrx_word' id='word_1_302' title='bbox 1053 4520 1144 4613; x_wconf 90' lang='lat' dir='ltr'><strong>prius</strong></span> <span class='ocrx_word' id='word_1_303' title='bbox 1177 4520 1258 4590; x_wconf 91' lang='lat' dir='ltr'><strong>vino</strong></span> <span class='ocrx_word' id='word_1_304' title='bbox 1293 4528 1327 4591; x_wconf 92' lang='lat' dir='ltr'><strong>et</strong></span> <span class='ocrx_word' id='word_1_305' title='bbox 1353 4540 1440 4614; x_wconf 90' lang='lat' dir='ltr'><strong>aqua</strong></span> <span class='ocrx_word' id='word_1_306' title='bbox 1465 4526 1639 4615; x_wconf 91' lang='lat' dir='ltr'><strong>tempera-</strong></span> 
     </span>
     <span class='ocr_line' id='line_1_35' title="bbox 277 4634 1642 4733; baseline -0.002 -24"><span class='ocrx_word' id='word_1_307' title='bbox 277 4647 357 4726; x_wconf 86' lang='lat' dir='ltr'><strong>tum,</strong></span> <span class='ocrx_word' id='word_1_308' title='bbox 384 4639 514 4733; x_wconf 90' lang='lat' dir='ltr'><strong>accepit</strong></span> <span class='ocrx_word' id='word_1_309' title='bbox 539 4644 560 4721; x_wconf 68' lang='grc' dir='ltr'><em>τ</em></span> <span class='ocrx_word' id='word_1_310' title='bbox 586 4635 758 4708; x_wconf 89' lang='lat' dir='ltr'><strong>benedixit</strong></span> <span class='ocrx_word' id='word_1_311' title='bbox 784 4657 858 4707; x_wconf 92' lang='lat' dir='ltr'><strong>eum</strong></span> <span class='ocrx_word' id='word_1_312' title='bbox 885 4641 905 4717; x_wconf 89' lang='lat'>†</span> <span class='ocrx_word' id='word_1_313' title='bbox 932 4634 1151 4706; x_wconf 87' lang='lat' dir='ltr'><strong>sanctificavit</strong></span> <span class='ocrx_word' id='word_1_314' title='bbox 1177 4641 1298 4718; x_wconf 71' lang='lat' dir='ltr'><strong>cumi</strong></span> <span class='ocrx_word' id='word_1_315' title='bbox 1331 4644 1366 4706; x_wconf 91' lang='lat' dir='ltr'><strong>et</strong></span> <span class='ocrx_word' id='word_1_316' title='bbox 1395 4634 1642 4706; x_wconf 87' lang='lat' dir='ltr'><strong>commendavit</strong></span> 
     </span>
     <span class='ocr_line' id='line_1_36' title="bbox 277 4749 1641 4849; baseline -0.003 -25"><span class='ocrx_word' id='word_1_317' title='bbox 277 4775 338 4848; x_wconf 92' lang='lat' dir='ltr'><strong>per</strong></span> <span class='ocrx_word' id='word_1_318' title='bbox 373 4775 489 4825; x_wconf 88' lang='lat' dir='ltr'><strong>manus</strong></span> <span class='ocrx_word' id='word_1_319' title='bbox 523 4750 764 4849; x_wconf 88' lang='lat' dir='ltr'><strong>Apostolorum</strong></span> <span class='ocrx_word' id='word_1_320' title='bbox 799 4749 975 4823; x_wconf 81' lang='lat' dir='ltr'><strong>Ecclesiae</strong></span> <span class='ocrx_word' id='word_1_321' title='bbox 1013 4772 1113 4839; x_wconf 89' lang='lat' dir='ltr'><strong>suae,</strong></span> <span class='ocrx_word' id='word_1_322' title='bbox 1147 4749 1278 4823; x_wconf 91' lang='lat' dir='ltr'><strong>dicens:</strong></span> <span class='ocrx_word' id='word_1_323' title='bbox 1317 4749 1381 4822; x_wconf 87' lang='lat' dir='ltr'><strong>llic</strong></span> <span class='ocrx_word' id='word_1_324' title='bbox 1420 4759 1473 4824; x_wconf 88' lang='lat' dir='ltr'><strong>est</strong></span> <span class='ocrx_word' id='word_1_325' title='bbox 1504 4752 1641 4841; x_wconf 84' lang='lat' dir='ltr'><strong>sanguis</strong></span> 
     </span>
     <span class='ocr_line' id='line_1_37' title="bbox 278 4866 1639 4965; baseline -0.002 -24"><span class='ocrx_word' id='word_1_326' title='bbox 278 4890 370 4942; x_wconf 90' lang='lat' dir='ltr'><strong>meus</strong></span> <span class='ocrx_word' id='word_1_327' title='bbox 397 4873 452 4964; x_wconf 91' lang='lat' dir='ltr'><strong>qui</strong></span> <span class='ocrx_word' id='word_1_328' title='bbox 478 4891 540 4965; x_wconf 92' lang='lat' dir='ltr'><strong>pro</strong></span> <span class='ocrx_word' id='word_1_329' title='bbox 567 4869 668 4942; x_wconf 81' lang='lat' dir='ltr'><strong>vobis</strong></span> <span class='ocrx_word' id='word_1_330' title='bbox 695 4867 810 4956; x_wconf 81' lang='lat' dir='ltr'><strong>datrrr,</strong></span> <span class='ocrx_word' id='word_1_331' title='bbox 837 4867 877 4939; x_wconf 93' lang='lat' dir='ltr'><strong>ad</strong></span> <span class='ocrx_word' id='word_1_332' title='bbox 906 4869 1130 4962; x_wconf 88' lang='lat' dir='ltr'><strong>expiationem</strong></span> <span class='ocrx_word' id='word_1_333' title='bbox 1166 4866 1377 4958; x_wconf 88' lang='lat' dir='ltr'><strong>delictomm,</strong></span> <span class='ocrx_word' id='word_1_334' title='bbox 1408 4869 1639 4942; x_wconf 89' lang='lat' dir='ltr'><strong>remissionem</strong></span> 
     </span>
     <span class='ocr_line' id='line_1_38' title="bbox 276 4987 1047 5081; baseline -0.004 -24"><span class='ocrx_word' id='word_1_335' title='bbox 276 4994 500 5081; x_wconf 90' lang='lat' dir='ltr'><strong>peccatorum,</strong></span> <span class='ocrx_word' id='word_1_336' title='bbox 528 4995 562 5057; x_wconf 87' lang='lat' dir='ltr'><strong>et</strong></span> <span class='ocrx_word' id='word_1_337' title='bbox 587 4987 689 5057; x_wconf 87' lang='lat' dir='ltr'><strong>vitam</strong></span> <span class='ocrx_word' id='word_1_338' title='bbox 714 5005 837 5056; x_wconf 85' lang='lat' dir='ltr'><strong>novam</strong></span> <span class='ocrx_word' id='word_1_339' title='bbox 863 4993 1047 5056; x_wconf 88' lang='lat' dir='ltr'><strong>venturam.</strong></span> 
     </span>
    </p>

    <p class='ocr_par' dir='ltr' id='par_1_7' title="bbox 381 5099 711 5195">
     <span class='ocr_line' id='line_1_39' title="bbox 381 5099 711 5195; baseline 0 -24"><span class='ocrx_word' id='word_1_340' title='bbox 381 5099 539 5195; x_wconf 85' lang='lat' dir='ltr'><strong>Populos.</strong></span> <span class='ocrx_word' id='word_1_341' title='bbox 592 5100 711 5173; x_wconf 85' lang='lat' dir='ltr'><strong>Amen.</strong></span> 
     </span>
    </p>
   </div>
   <div class='ocr_carea' id='block_1_3' title="bbox 0 0 2398 6036">
    <p class='ocr_par' dir='ltr' id='par_1_8' title="bbox 0 0 2398 6036">
     <span class='ocr_line' id='line_1_40' title="bbox 0 0 2398 6036; baseline 0 0"><span class='ocrx_word' id='word_1_342' title='bbox 0 0 2398 6036; x_wconf 95' lang='lat' dir='ltr'><strong> </strong></span> 
     </span>
    </p>
   </div>
  </div>
 </body>
</html>
