4814 6060
554 579 626 690 xnv
646 555 854 654 inmens
872 576 1009 654 nram
1029 579 1056 653 a
1073 576 1191 653 naso
1214 573 1453 654 oonmnsrn
1631 576 1707 650 sss
1797 573 1798 580 ‘

416 763 449 825 ln
473 763 616 826 versione
637 761 735 840 blasii,
760 781 800 824 en
823 780 859 824 ea
882 779 970 842 quam
992 761 1146 842 tetigimus
1168 760 1302 840 ratione,
1326 768 1453 843 apparet
1475 759 1636 824 discrimen
1658 761 1709 824 le-

330 863 459 938 viculum
473 861 605 944 quidem,
627 860 683 924 sed
706 860 787 940 quod
810 860 944 924 lectores
966 858 1090 940 linguae
1102 857 1246 939 Syriacae
1268 877 1330 922 non
1351 861 1477 940 peritos,
1503 861 1588 941 quasi
1609 861 1707 940 majus

329 969 422 1039 esset,
446 967 553 1042 posset
575 959 606 1020 in
629 977 766 1023 errorem
788 946 950 1022 inducere:
974 976 1041 1020 nam
1064 957 1270 1038 quorlltlasius
1288 959 1380 1022 vertit
1401 979 1512 1040 corpas
1531 961 1707 1040 cleriorum,

329 1068 376 1122 est
398 1059 478 1122 idem
499 1057 579 1140 quod
611 1056 721 1120 Graeci
749 1051 860 1136 τίμιον
884 1059 1053 1138 pretiosum
1085 1065 1214 1134 vocant,
1246 1066 1278 1119 ut
1308 1057 1387 1120 idem
1413 1058 1503 1118 vertit
1524 1057 1556 1117 in
1578 1055 1707 1120 formula

328 1157 367 1222 ad
389 1159 533 1236 calicem,
566 1157 752 1237 Sanpaireem
779 1157 982 1220 redimentem.
1027 1154 1124 1216 Radix
1147 1157 1272 1236 Syriaca
1293 1158 1442 1218 redimere
1465 1156 1585 1236 quidem
1607 1158 1708 1239 signi-

328 1258 408 1336 ficet,
427 1257 482 1319 sed
498 1256 685 1337 frequentius
700 1255 844 1319 salvare.-
867 1254 947 1317 unde
963 1252 1070 1316 melius
1094 1255 1222 1318 vertitur
1239 1256 1415 1332 salutarem,
1430 1262 1462 1316 ut
1476 1253 1554 1317 inira
1577 1257 1706 1336 scapra-

263 1431 269 1440 ,
327 1377 395 1418 nem
408 1356 663 1436 propitiatoriam.
678 1355 804 1417 Postea:
825 1343 1009 1433 sacrifimnm
1026 1355 1240 1415 reverendam:
1262 1352 1369 1415 melius
1383 1351 1545 1414 timendam
1558 1338 1705 1439 φρικτόν.

328 1455 389 1530 Oai
409 1455 441 1516 in
468 1453 616 1516 Ecclesiae
643 1455 779 1516 serviant
805 1453 933 1515 Patrem
963 1451 1061 1512 boreae
1087 1454 1260 1516 memoriae.
1313 1453 1383 1514 Vox
1404 1453 1581 1514 osinatrare
1610 1454 1706 1534 magis

327 1553 398 1616 nuic
428 1552 496 1616 loco
526 1553 680 1616 convenit:
711 1550 862 1634 quomodo
892 1568 968 1614 vero
998 1549 1110 1633 legerit
1137 1551 1167 1611 in
1192 1551 1304 1614 Codice
1328 1569 1384 1614 suo
1406 1550 1520 1613 Masius
1542 1553 1706 1614 obscurum

328 1658 393 1725 est;
422 1670 523 1733 neque
547 1653 626 1714 enim
649 1652 747 1714 bonae
768 1651 934 1713 memoriae
954 1657 1118 1729 usurpatur
1148 1649 1301 1730 loquendo
1332 1650 1371 1713 de
1401 1649 1498 1728 vivis,
1528 1657 1562 1712 ut
1590 1650 1639 1712 lric
1667 1650 1706 1712 de

328 1751 387 1814 illis
418 1752 529 1833 agitur.
580 1749 614 1813 ln
643 1749 757 1813 Codice
784 1747 960 1812 Colbertino
987 1748 1039 1810 ubi
1069 1748 1181 1811 mentio
1211 1749 1243 1810 lit
1271 1748 1464 1813 Patriarchae
1493 1756 1524 1811 et
1550 1749 1706 1830 Episcopi,

327 1850 441 1932 legitur
464 1848 719 1912 Ortbodaeoram.
746 1847 798 1910 Aa
819 1849 1030 1928 copnoscenda
1052 1865 1090 1909 ea
1112 1865 1214 1924 senso,
1237 1867 1315 1928 quae
1336 1847 1401 1925 tibi,
1423 1847 1507 1910 Deus
1529 1858 1704 1928 conpruant.

329 1949 413 2012 llaec
435 1948 567 2012 obscura
589 1956 675 2012 sunt}
700 1957 730 2010 at
751 1949 782 2011 in
795 1949 921 2029 Syriaco
944 1953 1061 2022 nostro,
1083 1945 1181 2026 Aperi
1200 1949 1305 2010 ocutos
1325 1949 1434 2008 mactis
1454 1965 1549 2023 meae,
1572 1956 1607 2008 at
1627 1967 1706 2010 eao-

329 2050 431 2110 riotur
451 2047 526 2108 mibi
546 2047 643 2108 lumen
665 2048 846 2127 repositionis
868 2046 1130 2126 intelliqentiarnm
1141 2044 1207 2107 Deo
1220 2046 1398 2124 dipnorom:
1412 2044 1572 2108 sententia
1595 2046 1707 2109 clarior

329 2155 392 2224 est,
424 2163 534 2226 nempe
562 2145 639 2226 petit
661 2144 811 2208 Sacerdos
834 2143 965 2206 divinum
988 2143 1106 2222 lumen,
1138 2144 1175 2206 ad
1205 2145 1401 2226 intelligenda
1425 2145 1526 2206 divina
1547 2148 1704 2225 mysteria.

329 2246 402 2308 Post
429 2261 536 2326 pauca.
577 2243 747 2306 Herbarum
774 2261 889 2324 onoma
917 2249 947 2304 et
975 2249 1076 2304 terrae
1099 2240 1222 2322 stapam
1248 2245 1420 2305 menineris
1447 2243 1540 2306 Deus.
1584 2243 1618 2305 ln
1643 2245 1705 2327 Sy-

328 2346 421 2408 riaco.
455 2343 567 2406 Aerem
589 2359 704 2422 quoque
727 2350 757 2405 et
776 2342 929 2419 [reatuum
951 2350 1054 2403 terroe
1075 2350 1221 2404 memento
1242 2341 1378 2404 Domine.
1413 2341 1481 2422 Syri
1504 2345 1584 2406 enim
1607 2344 1707 2408 Grae-

331 2461 434 2506 corum
457 2439 597 2522 exemplo
620 2459 727 2503 vocem
756 2440 833 2516 Aer,
864 2441 894 2501 in
924 2437 1034 2520 plurali
1063 2457 1187 2502 numero
1219 2438 1364 2518 efferunt,
1396 2458 1484 2520 quem
1517 2441 1615 2505 Latini
1644 2459 1706 2506 non

334 2547 515 2625 agnoscunt.

416 2638 564 2700 Memento
600 2637 728 2699 Domine
761 2637 877 2716 Depnm
908 2644 1078 2699 nostrornm
1113 2636 1277 2700 laudabilis
1313 2639 1487 2702 memoriae.
1538 2637 1644 2702 ltidem
1676 2641 1707 2702 in

334 2738 472 2819 Syriaco,
497 2735 754 2814 Ortbodoaoram,
778 2743 808 2797 et
830 2753 904 2796 sane
927 2734 1054 2796 alterum
1076 2735 1125 2795 hic
1148 2734 1247 2798 locum
1269 2735 1453 2799 nonhabet
1492 2735 1654 2819 subjicitur
1676 2739 1708 2802 in
1731 2753 1733 2758 ·

240 2854 243 2860 ·
333 2836 446 2901 Codice
469 2834 656 2898 Colbertino.
700 2833 845 2912 Domine,
874 2833 1019 2912 Domine,
1045 2835 1211 2914 pacificato
1237 2853 1332 2914 repam
1360 2855 1438 2916 qnae
1459 2834 1617 2899 Ecclesiae
1638 2843 1708 2900 mas

331 2943 466 3010 sanctas,
486 2953 543 3013 per
553 2933 698 2995 boereses
710 2934 893 3012 imprecarent,
918 2939 948 2994 et
963 2951 1075 3011 corpas
1094 2935 1236 2994 unanime
1249 2933 1450 2996 membrorum
1465 2933 1708 2998 Cbristionornm

330 3035 481 3107 scamma,
505 3039 594 3112 atque
616 3049 690 3093 coes
711 3031 884 3108 spiritaolm
903 3033 1007 3110 propia
1028 3033 1073 3092 toi
1094 3031 1288 3111 dispereunt:
1311 3039 1342 3094 et
1362 3039 1552 3112 tempestates
1570 3032 1708 3112 frauda-

330 3135 427 3195 tcntos
453 3130 509 3192 neb
536 3129 620 3209 salso
649 3129 804 3208 retipionis
827 3136 993 3208 praetentu
1021 3131 1126 3193 dolose
1153 3132 1308 3193 oscitant:
1337 3133 1407 3194 iilos
1428 3133 1472 3194 ad
1493 3151 1531 3194 ea
1552 3151 1631 3212 qnae
1653 3132 1709 3195 tibi

328 3232 556 3312 placitarent,
587 3228 799 3291 conoerteredo.
844 3226 888 3289 Ea
918 3244 1011 3307 porro
1041 3229 1140 3291 oratio
1170 3229 1374 3309 imperatores
1401 3228 1536 3292 Graecos
1564 3236 1706 3310 spectare

331 3329 497 3410 praecipue
519 3325 649 3404 videtur,
673 3325 724 3406 qui
747 3343 814 3386 cum
827 3325 1018 3388 Antiochiam
1036 3326 1195 3407 aliquoties
1209 3336 1456 3408 recuperassent,
1478 3327 1707 3391 Jacobitismo-

330 3425 399 3488 lesti
423 3423 553 3488 fuerunt.
588 3423 725 3486 videnda
748 3423 786 3486 de
809 3423 868 3486 hoc
890 3432 1068 3507 argumento
1092 3441 1171 3506 qnae
1194 3425 1368 3487 referuntur
1381 3425 1411 3488 in
1424 3421 1557 3488 Historii
1570 3427 1708 3490 Patriar·

332 3524 455 3594 charum
477 3522 751 3586 Alexandrinorum
773 3541 814 3584 ex
836 3521 973 3602 Epistola
995 3521 1119 3586 loannis
1148 3524 1341 3586 Patriarchae
1368 3524 1565 3603 Antiocheni,
1595 3525 1625 3588 in
1647 3542 1708 3606 qua
1772 3537 1835 3590 truc
1857 3535 1932 3591 Pae.
1956 3536 2031 3592 Atos.

330 3629 434 3684 namet
456 3621 606 3702 quomodo
629 3620 913 3701 Constantinopolin
936 3620 1044 3684 ductus
1067 3620 1173 3698 fuerit,
1196 3629 1227 3684 et
1249 3640 1351 3684 coram
1374 3622 1558 3704 imperatore
1580 3623 1707 3687 iacobi·
1734 3623 1843 3692 e'3⁵⁶·
1860 3631 1884 3676 θ’
1900 3637 1952 3690 req.

330 3723 419 3785 ticam
449 3722 537 3784 fidem
566 3720 817 3802 propugnaverit.
862 3719 992 3782 Possunt
1021 3721 1109 3783 etiam
1137 3720 1214 3782 haec
1244 3720 1282 3783 ad
1303 3721 1427 3785 Latinos
1455 3724 1626 3803 pertinere,
1655 3723 1709 3803 qui

330 3820 510 3882 Antiochiae
540 3819 740 3899 principatum
768 3816 869 3880 multis
893 3818 979 3880 annis
1002 3818 1213 3895 obtinuerunt,
1244 3839 1261 3882 a
1290 3820 1399 3900 quibus
1421 3819 1592 3886 Orientales
1616 3820 1708 3884 Chri-

332 3919 420 3981 stiani
442 3920 532 3980 etiam
555 3916 735 3995 Ortbodoxi
758 3933 852 3996 saepe
876 3933 936 3978 non
959 3918 1057 3980 mitius
1079 3917 1172 3980 liabiti
1194 3925 1273 3980 sunt.
1622 3969 1625 3984 .

415 4015 565 4078 blemoria
594 4022 626 4077 et
650 4015 799 4094 nycaeae
827 4033 930 4076 emam
953 4018 1093 4094 protecti.
1138 4015 1263 4095 Melius,
1291 4018 1508 4078 interventione
1529 4033 1586 4080 seu
1608 4018 1708 4080 inter-

331 4116 476 4179 cessione.
512 4113 582 4194 Syri
603 4131 711 4176 vocem
733 4105 897 4197 πρεσβεία
919 4121 1140 4194 expresserunt
1161 4133 1218 4196 per
1229 4115 1393 4196 propriam,
1417 4133 1495 4196 qnae
1512 4115 1708 4195 Lepationem

331 4213 495 4294 significat:
524 4210 579 4274 sed
602 4229 670 4273 cum
692 4210 723 4271 in
746 4210 814 4272 stilo
838 4209 1053 4275 Ecclesiastico
1077 4213 1176 4291 aliud,
1210 4231 1319 4294 nempe
1349 4212 1430 4294 quod
1459 4214 1549 4277 modo
1579 4214 1707 4276 diximus

331 4310 498 4394 significet,
527 4317 689 4391 utrumque
717 4326 840 4372 sensum
870 4327 933 4371 non
967 4308 1184 4390 distinxerunt,
1215 4311 1296 4392 qnod
1324 4313 1477 4392 interpres
1507 4330 1619 4375 cavere
1649 4312 1713 4374 de-·

330 4407 458 4470 buisset.

422 4505 582 4570 Sacerdos.
607 4504 715 4568 Oratio
732 4505 905 4570 Dominico.
929 4505 996 4568 Non
1018 4506 1126 4570 dicitur
1148 4508 1253 4572 Oratio
1276 4509 1433 4572 Dominica
1455 4510 1514 4572 nisi
1534 4517 1606 4591 post
1626 4509 1708 4572 illam

332 4622 421 4685 quam
443 4607 528 4684 prius
552 4604 702 4668 Sacerdos
724 4606 842 4684 recitat,
865 4610 898 4672 ut
919 4611 1003 4685 patet
1025 4624 1066 4668 ex
1088 4607 1225 4670 omnibus
1248 4607 1313 4670 aliis
1336 4607 1490 4689 Liturgiis.

417 4702 581 4768 Diaconos.
625 4703 809 4764 Reverenter
829 4705 1068 4783 contemplemur.
1114 4705 1263 4769 Graecum
1290 4714 1337 4770 est
1364 4694 1465 4768 Maeci
1487 4693 1595 4792 φόβου
1616 4693 1707 4793 πρό-

330 4815 459 4879 exornes
482 4799 556 4862 Cam
578 4801 684 4862 timore
705 4801 911 4878 ottomanus,
932 4803 982 4863 oel
1002 4805 1197 4883 aspiciamus.
1475 4815 1477 4818 '

417 4897 516 4961 Pauca
537 4897 614 4961 haec
636 4899 819 4961 observasse
843 4899 983 4979 sulliciat,
1012 4901 1044 4962 in
1065 4900 1190 4982 reliquis
1214 4918 1293 4981 quae
1315 4901 1438 4964 minoris
1460 4905 1602 4966 momenti
1625 4911 1706 4983 sunt,

328 4996 361 5058 in
383 4998 443 5061 stili
465 4996 658 5075 diversitate,
686 4994 775 5059 facile
798 4997 932 5060 lectores
956 5017 996 5060 ex
1018 4999 1084 5061 aliis
1106 4998 1298 5062 versionibus
1321 5001 1502 5081 comparatis
1524 5001 1708 5083 intelligent,
