4730 6038
703 640 969 720 Sinoni
1023 641 1332 720 CYRILLI.
1624 642 1702 715 277

332 826 439 902 lorum
467 851 613 917 suorum,
640 841 674 902 et
700 827 792 902 dixit.
845 830 919 903 Hoc
946 841 998 902 est
1025 851 1147 928 corpus
1165 853 1273 902 meum
1288 828 1376 924 quod
1394 851 1457 925 pro
1478 828 1576 902 vobis
1601 829 1703 902 iran-

332 950 432 1038 gitur,
458 967 523 1018 vos
551 956 673 1033 autem,
700 958 735 1018 et
760 945 881 1018 multos
906 944 1022 1020 fideles
1049 956 1228 1042 praeparat
1254 945 1297 1018 ad
1323 949 1427 1018 vitam
1454 954 1635 1018 aeternam.
1666 951 1668 954 ’
1739 1023 1747 1041 ,

437 1061 599 1155 Populus.
652 1063 772 1134 Amen.

438 1177 621 1250 Sacerdos.
676 1178 808 1250 Miscuit
834 1181 932 1249 etiam
960 1199 1007 1249 cx
1032 1181 1125 1265 vino,
1152 1189 1186 1249 et
1201 1201 1298 1273 aqua,
1326 1175 1463 1248 calicem
1491 1179 1594 1264 vitas,
1621 1182 1642 1257 †
1670 1183 1703 1246 ct

333 1292 505 1366 benedixit
530 1317 618 1384 cum,
644 1301 665 1376 †
693 1293 911 1369 sanctificavit
936 1315 1026 1382 eum,
1062 1300 1144 1375 †ct
1178 1293 1268 1366 dedit
1299 1310 1374 1365 eum
1407 1291 1525 1364 turbae
1551 1292 1703 1386 discipu·
1787 1301 1792 1311 “

333 1409 441 1482 lorum
469 1431 613 1496 suorum,
642 1419 675 1482 et
702 1409 802 1482 dixit:
829 1408 892 1482 Hic
919 1417 971 1481 est
998 1413 1135 1502 sanguis
1161 1432 1272 1497 meus,
1301 1412 1356 1505 qui
1392 1409 1548 1501 obsignat
1574 1406 1701 1479 Testa-

335 1537 478 1599 mentum
515 1529 630 1598 mortis
666 1548 781 1615 meae3
811 1547 876 1598 vos
909 1537 1035 1613 autem,
1072 1537 1107 1597 et
1137 1526 1257 1600 multos
1295 1524 1410 1598 fideles
1449 1536 1628 1620 praeperat
1660 1523 1703 1595 ad

335 1647 438 1715 vitam
465 1653 645 1714 aeternam.

440 1757 600 1850 Papa-tae.
653 1761 772 1831 Amen.

439 1873 622 1946 Sacerdos.
677 1874 760 1946 Cum
788 1885 896 1946 autem
923 1896 983 1946 cos
1011 1876 1206 1962 sanctitatis,
1240 1883 1274 1945 et
1305 1878 1511 1948 remissionis
1537 1885 1703 1970 pcccato-

335 2015 406 2064 mm
442 1989 624 2079 beneficio,
662 1993 831 2085 corporis,
850 2001 901 2083 et
932 1994 1102 2084 sanguinis
1137 1993 1187 2063 sui
1217 1989 1296 2062 iecit
1328 1993 1528 2087 participes,
1563 1994 1702 2088 primum
1755 2037 1758 2043 -

335 2110 507 2203 praecepit
533 2111 593 2195 cis,
621 2117 654 2178 et
681 2109 836 2200 injunxit:
872 2129 946 2178 cum
973 2110 1069 2202 pani,
1103 2117 1137 2178 ct
1166 2105 1261 2178 calici
1293 2104 1370 2178 buic
1408 2105 1703 2193 communicabitis,

336 2244 502 2295 memores
529 2233 646 2311 estote,
674 2235 708 2294 et
734 2227 926 2296 memoriam
954 2223 1124 2296 celebrate
1149 2225 1264 2296 mortis
1295 2243 1406 2311 meac,
1439 2227 1577 2319 ejusque
1604 2246 1703 2297 com-

335 2341 605 2410 memorationem
632 2340 734 2411 facitc
761 2339 869 2412 donec
895 2341 1038 2412 veniam.

339 2475 345 2484 ·
438 2453 599 2548 Papulas.
652 2454 770 2528 Mortis
797 2465 873 2527 tuae
899 2455 1042 2528 Dondnc
1067 2460 1261 2529 memoriam
1289 2458 1427 2548 agimus.

439 2571 623 2642 Sacerdos.
677 2571 747 2643 Sed
779 2593 841 2643 nos
874 2575 972 2644 ctiam
1005 2571 1148 2644 Domine
1183 2574 1275 2644 Deus
1301 2581 1436 2663 noster,
1468 2572 1636 2645 adorande
1672 2581 1706 2645 et

336 2697 451 2759 sancte
476 2686 559 2759 Jcsn
586 2683 728 2775 Christe,
757 2696 910 2782 tanquam
938 2685 1157 2761 arrhabonem
1182 2691 1274 2762 vitae
1300 2696 1470 2778 tenemus,
1507 2690 1705 2784 depositum,

337 2801 591 2898 dispensationis
619 2814 696 2875 tuae
709 2801 876 2892 salutaris,
902 2805 1148 2901 gloriamurque
1166 2808 1200 2876 in
1215 2803 1427 2900 passionibus
1445 2809 1522 2893 tuis,
1549 2816 1583 2877 et
1597 2818 1705 2880 morte

336 2941 433 3012 quem
460 2922 566 2991 nostri
592 2941 693 2990 causa
721 2940 902 3014 perpessus
929 2941 988 3008 es:
1024 2921 1207 3014 gaudemus
1242 2931 1276 2992 et
1310 2919 1497 2994 exultamus
1524 2925 1557 2993 in
1585 2922 1703 3011 salute,

336 3045 370 3107 et
402 3039 717 3108 commemoratione
742 3038 995 3109 resurrectionis
1029 3045 1105 3108 tuae
1138 3035 1306 3122 mirabilis.
1360 3036 1590 3132 Deprecamur
1615 3061 1703 3131 gra-

335 3155 424 3238 tiam,
451 3161 485 3222 et
511 3153 771 3224 miscricordiam
799 3163 900 3241 tuam,
927 3162 1062 3224 etcum
1089 3156 1224 3224 veneris
1259 3157 1291 3222 in
1318 3151 1374 3225 illo
1408 3154 1542 3244 ultimo,
1569 3163 1602 3225 et
1628 3167 1705 3226 ter-

304 3265 433 3352 ·ribili,
460 3276 647 3365 statutoque
674 3269 738 3358 die,
765 3291 832 3341 non
859 3271 975 3361 ejicias
1001 3290 1065 3340 nos
1092 3291 1113 3338 e
1140 3277 1323 3363 conspectu
1350 3279 1425 3357 tuo,
1453 3277 1645 3365 statuasque
1671 3273 1705 3342 in

335 3382 473 3479 pudore,
502 3393 534 3454 ct
560 3383 771 3457 confusione:
798 3407 865 3457 non
891 3387 925 3455 in
952 3382 1110 3473 tenebris,
1138 3392 1172 3456 ct
1197 3382 1357 3475 caligine:
1384 3407 1452 3456 non
1478 3388 1511 3457 in
1537 3385 1705 3478 gehenna,

337 3510 370 3570 et
397 3503 560 3572 cruciatu:
587 3523 653 3572 non
679 3505 714 3571 in
748 3497 845 3587 fletu,
872 3511 912 3596 ⁸et
945 3499 1087 3572 stridore
1121 3498 1282 3571 dentium:
1316 3523 1384 3574 non
1415 3504 1449 3572 in
1483 3501 1617 3591 dolore,
1650 3513 1706 3574 aut

336 3619 482 3688 tristitia:
510 3639 577 3688 non
602 3620 635 3688 in
657 3617 757 3706 luctu,
784 3626 840 3688 aut
856 3616 1051 3708 gemitibus:
1078 3637 1146 3686 non
1172 3618 1204 3686 in
1220 3618 1326 3702 minio,
1354 3629 1388 3690 et
1413 3616 1706 3713 increpationibus,

337 3756 381 3804 ne
406 3732 570 3804 laetentur
596 3732 638 3804 de
664 3733 761 3806 nobis
788 3736 910 3805 inimici
936 3736 1059 3821 nostri,
1091 3753 1135 3803 ne
1161 3732 1355 3806 irrideamur
1391 3731 1433 3804 ab
1467 3735 1507 3804 iis
1535 3736 1589 3826 qui
1616 3733 1705 3804 ode-

338 3857 413 3919 runt
439 3870 517 3920 nos:
545 3871 654 3942 neque
681 3852 767 3920 enim
794 3851 817 3936 ii
844 3870 956 3920 sumus
982 3848 1125 3920 Domino
1152 3850 1207 3942 qui
1222 3852 1400 3943 passiones
1427 3860 1499 3921 tuas
1528 3846 1706 3920 erubesci-

339 3986 422 4052 mus,
450 3976 505 4036 aut
531 3987 651 4037 nomen
679 3975 767 4037 trium
794 3975 941 4038 sanctum
968 3985 1139 4057 negamus.
1173 3964 1223 4036 Tu
1251 3974 1359 4036 eutem
1387 3966 1530 4036 Domine
1556 3987 1706 4056 agnosce

337 4103 411 4167 nos,
440 4091 473 4152 et
499 4104 592 4178 spem
619 4091 719 4172 tuam,
745 4080 921 4178 lumenque
947 4080 1057 4152 vultus
1084 4085 1141 4168 tui,
1168 4083 1281 4152 emitte
1308 4103 1409 4177 saper
1435 4103 1518 4169 nos,
1545 4092 1580 4152 et
1605 4102 1706 4176 sapcr

338 4194 526 4268 Ecclesiam
554 4209 642 4270 tuam
670 4207 828 4285 sanctam,
855 4208 889 4270 et
916 4195 1164 4283 0rth0doxam,
1199 4219 1296 4291 quem
1330 4197 1556 4290 exgentibus
1584 4195 1706 4291 adqui-

339 4315 461 4386 sivisti:
490 4337 575 4409 quac
602 4319 778 4385 etiamnum
791 4337 879 4387 voco
906 4313 993 4385 elata
1017 4311 1297 4404 jubilansciamat
1317 4313 1359 4385 ad
1385 4325 1431 4404 tc,
1456 4314 1590 4387 Patrem
1605 4323 1707 4400 taum,

299 4490 303 4496 .
340 4428 565 4524 Spiritumque
592 4440 742 4502 sanctum
768 4439 869 4518 tuum,
897 4431 1021 4502 dicens.

444 4545 606 4640 Populea.
659 4545 824 4650 Miserere
849 4546 957 4619 nobis.
1337 4633 1338 4638 η

444 4661 629 4733 Sacerdos.
680 4661 752 4735 Nos
780 4667 879 4735 etiam
905 4661 964 4734 tibi
990 4665 1117 4755 gratias
1144 4665 1274 4754 agimus
1301 4663 1343 4734 dc
1370 4663 1533 4752 omnibus,
1561 4671 1595 4734 et
1619 4685 1707 4759 pro-

340 4789 416 4874 pter
444 4781 563 4850 omnia.

445 4894 606 4987 rapotae.
660 4894 710 4965 Te
735 4894 917 4967 laudamus.

445 5009 634 5082 Diaconos.
687 5009 866 5082 Memento.

445 5127 621 5199 Sacerdos
646 5125 828 5198 inclinatas
854 5127 939 5197 dicit
963 5127 1217 5199 [avocationem
1242 5126 1394 5222 Spiritus
1418 5130 1539 5198 eoacti.

1422 5244 1501 5318 38*
