4814 6060
729 569 760 646 S.
792 567 1006 646 otoscctn
1042 567 1267 664 Episcopi,
1300 583 1351 645 cc.
1650 565 1723 645 491

354 754 396 826 ab
424 758 514 826 omni
541 757 776 850 corruptione,
803 764 859 828 aut
885 765 992 828 morte
1017 753 1177 850 pestilera
1206 777 1293 851 quae
1319 779 1339 826 a
1366 765 1400 828 te
1433 767 1586 853 separet,
1618 757 1726 832 libera

354 891 437 960 nos;
463 892 525 965 per
551 869 748 944 sacrificium
775 870 840 944 boc
867 869 954 966 quod
983 870 1150 944 oilerimus
1177 869 1253 960 tibi,
1272 863 1315 942 'ut
1351 871 1487 946 abolent
1519 898 1561 946 ca
1594 883 1680 970 quae
1707 897 1726 946 a

353 983 450 1060 nobis
476 989 670 1081 insipienter
705 989 882 1058 commissa
917 997 1008 1058 sunt:
1048 999 1082 1060 et
1116 990 1280 1082 nequitias
1307 997 1442 1062 nostras
1470 991 1660 1082 abstergat:
1693 999 1727 1062 et

352 1101 537 1174 referemus
564 1102 622 1174 tibi
648 1100 790 1195 gloriam
818 1113 852 1174 et
877 1101 1026 1191 laudem,
1053 1113 1087 1176 et
1113 1106 1284 1195 unigenito
1311 1103 1396 1176 Filio
1424 1116 1500 1194 tuo,
1528 1114 1562 1177 et
1588 1104 1727 1200 Spiritui
1850 1106 1852 1110 ’

355 1229 474 1291 saneto
502 1227 570 1289 tuo.

456 1333 618 1425 Populus.
674 1334 792 1404 Amen.

455 1448 645 1520 Diaconos.
698 1449 833 1520 Stemus
861 1449 1029 1521 decenter.

458 1563 619 1656 Populus.
673 1565 916 1638 Misericordia.

456 1678 642 1750 Sacerdos,
696 1679 828 1752 Caritas
855 1680 979 1770 Patris,
1006 1691 1070 1753 etc.

457 1793 618 1887 Populos.
671 1793 715 1866 Et
742 1817 815 1866 cum
843 1799 961 1891 spiritu
988 1805 1054 1868 tuo.

456 1909 641 1981 Sacerdos.
695 1909 833 1982 Sursum
862 1910 975 1982 corda.

455 2025 633 2118 Populus..
670 2023 839 2098 Habemus
867 2026 908 2098 ad
934 2028 1121 2100 Dominum.

455 2141 639 2214 Sacerdos.
695 2141 828 2214 Gratias
855 2164 995 2235 agamus
1021 2145 1106 2218 Deo.

458 2257 620 2350 Papulas.
673 2257 819 2349 Dignum
846 2269 880 2330 et
901 2261 1025 2350 justum
1054 2272 1115 2332 est.

456 2371 630 2445 Sacerdos
656 2374 848 2444 inclinatas.
901 2373 1014 2445 Purus
1036 2385 1070 2448 et
1096 2374 1225 2471 absque
1251 2377 1378 2448 macula
1406 2377 1498 2451 solus
1521 2399 1559 2452 as
1582 2387 1617 2450 tu
1631 2378 1726 2451 Deus

352 2498 487 2578 noster,
515 2492 570 2584 qui
603 2488 755 2562 adoraris
787 2492 820 2560 in
856 2489 1023 2579 omnibus,
1058 2485 1115 2586 qui
1146 2491 1265 2565 laudes
1300 2492 1397 2566 nobis
1433 2493 1646 2567 absconditas
1681 2495 1723 2567 ab

350 2605 414 2678 illis
448 2608 608 2700 suscipiS,
649 2608 705 2700 qui
739 2613 852 2678 nomm
883 2604 1010 2678 iaciunt
1040 2610 1249 2699 majestatem
1285 2619 1394 2699 tuam,
1427 2612 1467 2681 iis
1501 2613 1562 2704 qui·
1592 2613 1725 2706 priores

351 2730 563 2814 agnoverunt
588 2721 699 2792 lumen
726 2724 892 2814 antiquum
920 2725 1087 2796 essentiae
1113 2735 1209 2796 tuae:
1237 2727 1291 2818 qui
1312 2733 1346 2796 te
1361 2725 1469 2797 solum
1483 2723 1611 2819 absque
1626 2727 1726 2821 prin·
1835 2749 1840 2760 ¹

352 2841 460 2933 cipio,
486 2837 618 2932 hymnis
645 2845 678 2908 et
704 2835 1017 2910 sanctificationibus
1043 2843 1114 2912 suis
1147 2861 1226 2912 esse
1258 2839 1472 2913 confitentur:
1505 2840 1660 2936 quodque
1692 2842 1726 2911 in

351 2964 384 3024 te
411 2952 667 3048 unumquodque
693 2955 861 3043 consistit,
888 2963 921 3024 et
948 2951 1114 3042 subsistit,
1142 2955 1337 3028 mirabiliter
1363 2955 1517 3028 indicant.

455 3068 631 3140 Sacerdos
657 3067 794 3142 eleaaas
819 3090 945 3139 aecem.
999 3069 1063 3155 Qui
1090 3093 1137 3142 ex
1159 3081 1291 3142 secreta
1307 3081 1424 3148 natura
1443 3095 1524 3159 sua3
1552 3070 1726 3143 sublimem

351 3195 385 3256 et
411 3178 640 3256 absconditam
666 3195 816 3257 naturam
844 3192 950 3273 tuam,
979 3207 1066 3279 quae
1092 3195 1190 3258 extra
1218 3187 1328 3258 omnia
1345 3196 1414 3277 est,
1441 3189 1619 3280 omniaque
1646 3207 1725 3256 am-

350 3300 520 3396 plectitur:
557 3298 709 3372 omnibus
745 3299 914 3373 excelsior
949 3309 1022 3390 est,
1059 3311 1092 3373 et
1126 3304 1272 3374 eontinet
1307 3305 1437 3393 omnic,
1475 3311 1508 3373 te
1545 3301 1724 3372 adorantes

351 3426 521 3488 aeternum
550 3423 585 3486 et
611 3414 737 3508 absque
763 3416 844 3503 line,
871 3427 1076 3488 venerantur
1103 3416 1264 3512 simulque
1290 3438 1355 3488 una
1390 3426 1425 3488 et
1458 3415 1600 3488 indivisa
1635 3437 1724 3487 voce

350 3531 528 3604 inclamant
540 3530 819 3603 sanctificationes
834 3541 885 3602 ter
905 3535 1086 3626 repetitae,
1113 3533 1275 3605 dicentes:
1302 3531 1446 3606 Sanctus
1468 3541 1601 3604 creator
1619 3552 1724 3604 crea·
1831 3537 1835 3544 '

350 3658 512 3720 turanum:
539 3645 683 3718 Sanetus
710 3667 749 3718 es
776 3649 831 3739 qui
857 3651 972 3740 pueris
999 3652 1196 3744 sapientiam
1218 3647 1344 3721 tribuis.
1397 3648 1599 3722 Benedictus
1617 3646 1725 3718 honor

350 3773 425 3836 tuus
453 3787 472 3834 a
498 3765 640 3854 regione
666 3771 722 3833 tue
748 3761 943 3834 metuendus
972 3763 1013 3836 ab
1042 3763 1208 3838 omnibus:
1238 3763 1412 3837 benedicta
1429 3767 1535 3835 virtus
1562 3772 1630 3850 tua,
1657 3785 1724 3834 cu-

345 3882 402 3971 jus
429 3865 579 3974 potestas
605 3879 639 3947 in
666 3879 776 3950 omnia
803 3888 864 3950 est.
916 3879 1117 3954 Benedictus
1145 3903 1184 3954 es
1211 3881 1304 3953 Deus
1330 3890 1458 3968 noster,
1485 3881 1541 3974 qui
1573 3878 1724 3950 adoraris
1783 3963 1787 3970 Ι

350 3990 392 4064 ab
420 3990 592 4081 omuibus3
618 3995 671 4062 cui
699 3990 876 4065 Cherubim
903 3993 1115 4083 benedicunt,
1140 3996 1260 4092 plausu
1284 3996 1409 4069 alarum
1436 4017 1586 4082 suarum3
1613 3993 1724 4066 Sera-

348 4111 436 4208 phim
464 4122 573 4185 autem
602 4112 723 4183 artiore
751 4134 812 4185 suo
840 4115 1047 4187 sanctificant
1074 4123 1124 4185 te:
1153 4111 1279 4185 Tbrcni
1306 4121 1339 4183 te
1356 4111 1466 4184 dorsis
1483 4113 1551 4184 suis
1567 4120 1723 4204 tanquam

348 4231 382 4299 in
409 4252 508 4301 curru
535 4231 712 4302 sustinent:
741 4228 889 4301 Virtutes
914 4229 1138 4324 fortitudinem
1165 4228 1327 4301 dexterae
1353 4236 1430 4298 tuae
1462 4229 1624 4297 creaturis
1660 4226 1724 4296 tuis

348 4343 509 4415 indicant:
536 4352 571 4426 ut
597 4348 695 4416 etiam
722 4347 912 4418 Potestates
939 4368 1094 4438 magnam
1120 4346 1302 4440 potentiam
1327 4353 1416 4415 tuam
1451 4350 1562 4414 notam
1597 4340 1725 4414 iaciunt

348 4457 508 4552 figmento
536 4467 602 4532 tuo.
655 4463 909 4534 Dominationes
936 4471 1045 4533 autem
1072 4463 1251 4552 imaginem
1277 4468 1399 4551 gerunt
1424 4458 1608 4549 majestatis
1636 4465 1723 4542 tuae,

350 4597 436 4670 quae
463 4584 517 4648 est
543 4575 663 4649 mundo
692 4577 877 4650 excelsior:
903 4577 1109 4671 Principatus
1137 4577 1310 4670 imperium
1338 4583 1426 4644 tuum
1462 4571 1658 4665 designant,
1691 4577 1725 4641 et

348 4693 544 4787 mysterium
577 4712 755 4788 supremae
789 4693 958 4784 dignitatis
994 4699 1071 4763 tuac
1108 4690 1345 4762 demonstrant.
1404 4686 1530 4781 Angeli
1564 4708 1649 4759 vero
1690 4695 1724 4758 et

348 4805 573 4899 Archangeli,
599 4809 878 4881 reconciliationis
905 4818 982 4881 tuae
1009 4808 1052 4880 ad
1079 4827 1141 4878 eos
1169 4808 1224 4900 qui
1250 4809 1321 4876 irae
1347 4814 1425 4877 tuae
1461 4802 1599 4877 obnoxii
1635 4811 1723 4888 sunt,

346 4924 562 5018 interpretes,
600 4921 714 5013 jubilis
749 4925 818 4996 suis
864 4933 897 4995 te
931 4933 1133 5014 agnoscunt:
1183 4925 1238 5016 qui
1278 4917 1555 4992 modulationibus
1599 4939 1723 4990 vocum

347 5059 500 5125 suarum,
547 5043 581 5108 et
616 5040 824 5112 motitatione
859 5039 986 5111 alarum
1027 5061 1178 5125 suarum,
1231 5037 1390 5128 sonisque
1432 5036 1567 5107 musicis
1609 5031 1722 5102 canti-

387 5175 473 5218 t'omus
486 5174 510 5217 n.
754 5217 757 5220 .
1466 5151 1515 5224 65
