4784 6040
542 497 1427 622 'tonnnrs'nusonunsrs
1612 547 1688 624 aas

310 844 413 932 oculi,
449 855 483 916 ct
516 843 693 940 Seraphim
726 866 790 916 sex
824 845 885 917 alis
917 848 1084 936 instructi,
1119 857 1240 918 canunt
1272 844 1331 918 tibi
1364 869 1455 919 voce
1488 847 1686 944 triumphali,

308 960 535 1052 glorificantes
562 959 799 1049 indesinenter,
827 971 861 1031 et
886 983 952 1032 una
979 984 1068 1032 voce
1094 961 1268 1034 laudantes
1296 962 1416 1035 dicunt.

400 1076 575 1168 ,Populos
630 1075 783 1147 Sanctus.

413 1192 589 1263 Sacerdos
620 1191 812 1279 inclinatos.
866 1191 918 1262 Tu
951 1195 1038 1262 enirn
1075 1194 1166 1264 solus
1201 1202 1336 1265 sanctus
1363 1216 1414 1282 es,
1442 1201 1476 1263 tu
1505 1197 1590 1265 enim
1619 1215 1684 1266 so-

307 1306 358 1380 lus
386 1306 514 1394 bonus,
549 1316 582 1377 tu
617 1310 704 1378 enim
730 1306 822 1378 solus
849 1305 952 1394 liber,
986 1308 1079 1378 Deus
1115 1330 1212 1402 quem
1240 1310 1274 1379 in
1301 1309 1462 1379 Trinitate
1489 1309 1685 1381 confitemur

307 1422 452 1510 Patrem,
479 1421 610 1510 Filium,
638 1434 672 1494 et
699 1421 855 1518 Spiritum
882 1433 1042 1494 sanctum.
1096 1422 1148 1494 Tu
1166 1426 1266 1495 etiam
1289 1426 1433 1495 Domine
1460 1428 1683 1522 omnipotens,
1756 1507 1762 1518 ¹

309 1560 383 1609 cum
416 1537 600 1612 formasses
634 1541 774 1634 primum
806 1537 971 1608 bominem
1006 1537 1048 1609 ad
1082 1560 1187 1632 opera
1220 1539 1329 1628 bona,
1363 1541 1558 1634 participem
1593 1541 1683 1614 illum

307 1652 417 1725 iecisti
443 1655 617 1748 potestatis
645 1653 799 1743 divinae,
827 1657 991 1746 quietem,
1022 1654 1299 1726 immortalitatem
1326 1653 1491 1750 paradisi,
1519 1667 1553 1728 et
1579 1661 1682 1728 vitam

307 1768 404 1839 nullis
431 1765 670 1840 infirmitatibus
699 1767 879 1841 obnoxiam
907 1766 953 1838 illi
979 1767 1120 1860 largitus
1149 1791 1235 1840 eras.
1288 1766 1472 1864 Postquam
1504 1793 1589 1844 vero
1619 1794 1681 1842 ar-

306 1885 407 1958 tificio
435 1887 600 1981 serpentis
626 1893 828 1980 potestatem
855 1882 943 1955 illam
971 1905 1064 1956 suam
1091 1906 1153 1978 per
1179 1887 1482 1975 transgressionem
1509 1889 1682 1982 praecepti

307 2005 476 2096 corrupit,
512 2011 546 2071 et
581 1999 622 2072 ab
649 1996 852 2071 habitatione
884 2022 945 2070 sua
971 2002 1004 2068 in
1031 1996 1144 2089 Eden,
1172 1999 1329 2095 depulsus
1356 2009 1426 2089 cst,
1453 2014 1487 2075 et
1512 2007 1621 2096 gratia
1648 2006 1682 2074 in

308 2137 371 2208 qua
399 2127 473 2188 erat
500 2114 674 2210 spoliatuS,
703 2117 855 2209 quamvis
882 2116 985 2187 iratus
1012 2136 1080 2186 non
1107 2118 1256 2186 avertisti
1276 2113 1398 2187 iaciem
1425 2127 1512 2189 tuam
1537 2118 1579 2191 ab
1606 2119 1680 2190 illo:

307 2231 367 2304 scd
395 2242 430 2302 ut
457 2240 710 2304 converteretur
735 2229 951 2324 interpellasti
978 2252 1039 2325 per
1067 2229 1325 2317 admonitiones,
1358 2254 1420 2326 per
1445 2233 1582 2329 plagas,
1618 2255 1681 2329 per

308 2346 573 2442 praedicatores,
599 2369 662 2442 per
690 2346 858 2418 doctores.
911 2344 992 2416 lude
1028 2345 1146 2418 Patres
1178 2349 1373 2437 extiterunt,
1408 2357 1441 2419 et
1468 2348 1575 2440 salus3
1603 2353 1680 2444 quia

305 2484 390 2535 vero
418 2463 474 2535 ubi
499 2460 558 2534 lex
586 2472 670 2551 erat,
697 2461 835 2533 invaluit
862 2472 896 2532 et
921 2461 1022 2533 valde
1044 2460 1290 2557 multiplicatum
1308 2473 1360 2535 est
1375 2477 1560 2558 peccatum,
1587 2465 1679 2536 Pro·

304 2577 427 2675 phetae
454 2578 701 2662 clamaverunt,
736 2589 770 2649 et
802 2580 852 2647 ira
879 2579 1033 2648 succensi
1061 2585 1145 2648 sunt.
1200 2576 1352 2673 Cumque
1379 2601 1478 2650 omne
1504 2575 1679 2653 remedio-

305 2718 379 2766 rum
414 2717 521 2788 genus
560 2716 787 2788 quaecumque
820 2695 1008 2784 excogitari
1043 2702 1203 2787 possunt,
1247 2691 1425 2766 adhibitum
1462 2694 1583 2768 nisset
1618 2719 1680 2793 per

306 2831 428 2884 servos
449 2808 657 2897 obedientes,
685 2819 718 2880 et
745 2807 894 2897 sedatos,
921 2807 1010 2879 nullo
1028 2807 1148 2895 fructu,
1176 2816 1210 2878 at
1236 2810 1291 2903 qui
1309 2809 1477 2882 ceciderat
1495 2815 1528 2883 in
1550 2833 1679 2883 summo

304 2925 455 3020 periculo
482 2936 687 3012 versaretur,
715 2933 792 2995 tunc
819 2926 977 3019 temporis
1005 2925 1206 3014 unigenitum
1232 2921 1351 2995 Filium
1379 2935 1480 3016 tuum,
1508 2935 1680 2998 aeternum

304 3041 394 3113 illum
422 3050 456 3113 et
483 3039 811 3126 consubstantialem,
839 3038 946 3112 throni
974 3048 1007 3109 at
1033 3040 1197 3109 creaturis
1224 3036 1384 3129 dignitate
1411 3040 1601 3135 aequalem,
1638 3042 1680 3113 ad

304 3178 369 3229 nos
396 3167 607 3251 peccatores,
635 3163 668 3226 et
695 3157 948 3249 impoenitentes
976 3154 1114 3240 misisti,
1148 3156 1202 3246 qui
1230 3152 1410 3226 secundum
1437 3154 1680 3250 beneplacitum

200 3275 202 3278 ’
304 3281 413 3362 mum,
445 3274 537 3343 Deus
565 3272 682 3361 Pater,
717 3293 762 3341 ex
788 3269 912 3363 Spiritu
940 3277 1068 3356 sancto,
1096 3277 1129 3338 at
1156 3275 1251 3338 utero
1279 3272 1425 3362 conjugii
1454 3281 1594 3365 experte
1622 3275 1679 3342 in-

304 3399 459 3459 carnatus
487 3398 521 3458 et
546 3384 645 3459 bomo
672 3385 780 3458 factus
809 3393 870 3456 cst.
924 3383 961 3454 ln
997 3404 1100 3453 carna
1133 3391 1278 3453 assumta
1306 3384 1402 3456 simili
1429 3396 1564 3457 nostrae
1593 3385 1680 3459 sub-

304 3505 447 3574 stantiae
471 3505 664 3595 nostrisque
690 3496 921 3595 passionibus,
959 3507 992 3568 et
1026 3497 1142 3570 similis
1170 3519 1245 3568 cum
1272 3507 1388 3572 nostra
1416 3504 1577 3592 originis,
1614 3524 1682 3574 non

304 3621 339 3689 in
366 3640 501 3689 carnem
529 3625 585 3689 aut
612 3618 806 3708 sanguinem
834 3633 1031 3687 conversus.
1085 3613 1205 3708 Neque
1228 3639 1247 3686 a
1276 3625 1393 3688 namra
1416 3620 1583 3713 superiori
1602 3641 1682 3689 mu-

304 3736 462 3805 tationem
489 3754 623 3828 passus,
650 3731 710 3803 sed
730 3734 863 3804 omnino
885 3732 919 3799 in
936 3738 1055 3800 natura
1083 3729 1188 3823 qualis
1213 3743 1329 3805 nostra
1349 3740 1413 3823 est,
1441 3733 1540 3805 bomo
1562 3731 1678 3804 iactus.

304 3848 424 3944 Neque
451 3852 550 3921 etiam
579 3870 701 3944 corpus
730 3845 819 3942 quod
847 3855 1027 3918 assumtum
1054 3853 1124 3933 est,
1159 3854 1193 3915 et
1218 3851 1342 3918 uninrm
1369 3850 1434 3943 ipsi
1461 3853 1494 3919 in
1521 3869 1679 3943 persona,

305 3969 414 4036 anima
441 3963 595 4035 rationali
621 3961 790 4059 praedita,
825 3981 1026 4032 conversum
1053 3969 1106 4030 est
1134 3962 1168 4028 in
1196 3959 1411 4035 substantiam
1439 3963 1588 4052 deitatis3
1615 3985 1679 4034 as-

305 4082 447 4174 sumptio
475 4082 575 4167 enim,
602 4079 828 4149 transmutatio
855 4075 915 4146 fuit
941 4073 1122 4145 secundum
1141 4075 1331 4169 qualitatem
1353 4073 1548 4163 naturalem,
1577 4085 1611 4146 et
1638 4099 1678 4148 ea

305 4219 351 4267 ex
384 4195 502 4290 quibus
542 4193 751 4266 ineffabiliter
790 4192 995 4284 compositus
1030 4196 1100 4277 est,
1136 4203 1214 4284 post
1254 4193 1383 4264 unionis
1416 4189 1680 4282 intelligentiam,

303 4333 372 4384 non
399 4310 532 4406 quidem
558 4331 621 4406 per
647 4311 917 4397 conversionem,
945 4316 1001 4376 aut
1029 4305 1257 4398 effluxionem,
1292 4308 1352 4379 sed
1385 4305 1463 4378 illud
1492 4307 1581 4401 quod
1606 4310 1680 4402 ipse

305 4436 379 4498 erat
404 4425 497 4497 Deus
525 4447 571 4496 ex
597 4424 673 4496 Deo
701 4432 890 4518 permanet:
926 4421 980 4492 illa
1013 4443 1098 4492 vero
1134 4426 1244 4495 omnia
1271 4426 1413 4519 accepit,
1441 4431 1586 4517 excepto
1614 4444 1679 4495 sc-

304 4540 370 4613 lum
396 4550 554 4637 peccato,
581 4561 648 4611 non
675 4538 857 4611 secundum
882 4535 1122 4632 phantasticam
1156 4538 1298 4633 aliquam
1333 4540 1479 4635 speciem
1515 4549 1571 4610 aut
1598 4542 1678 4634 opi-

304 4658 449 4746 nionem,
476 4657 649 4752 apparuit;
675 4677 785 4749 neque
811 4658 844 4724 in
871 4651 999 4724 duabus
1025 4655 1173 4743 naturiS,
1207 4666 1263 4726 aut
1296 4657 1328 4724 in
1356 4651 1486 4728 duobus
1513 4654 1679 4746 cognitus,

306 4770 493 4842 sedunum
519 4769 591 4860 luit,
617 4768 765 4841 Verbum
795 4767 882 4864 quod
904 4771 1107 4839 incarnatum
1129 4780 1196 4842 est:
1223 4792 1307 4841 unus
1326 4768 1443 4859 Filius,
1470 4790 1554 4841 unus
1573 4766 1677 4841 cnu-

305 4895 393 4976 stus,
420 4907 487 4959 una
513 4907 672 4981 persona,
700 4907 765 4956 una
791 4894 908 4955 natura
935 4884 1009 4953 sive
1036 4887 1242 4977 suppositum
1268 4883 1373 4956 Verbi
1398 4885 1567 4955 incarnati.
1614 4883 1679 4967 Qui

305 5020 412 5090 genus
439 5011 588 5077 nostrum
615 5001 742 5088 erexit,
775 4999 864 5096 quod
894 4998 1065 5092 inopinato
1097 4997 1274 5091 naufragio
1308 5001 1470 5096 perierat:
1498 5000 1553 5094 qui
1579 4997 1678 5072 nobis
