4814 6060
659 459 736 534 498
1163 457 1525 536 LITURGlh

660 648 715 739 qui
743 647 857 719 auxilii
882 647 1016 741 petendi
1042 667 1145 719 causa
1178 649 1317 718 veniunt
1350 645 1392 717 ad
1425 642 1615 716 thesaurum
1651 646 1775 716 ossium
1808 667 1941 734 eorum,
1978 649 2035 742 qui

659 759 842 836 effuderunt
869 765 1065 856 sanguinem
1092 783 1186 834 suum
1214 783 1351 857 purum,
1381 771 1537 854 tanquam
1565 756 1767 831 oblationem
1794 760 2034 857 acceptabilem

659 899 774 949 coram
808 887 861 950 te:
896 881 950 973 qui
984 877 1219 968 bajulaverunr
1255 898 1389 948 crucem
1423 873 1500 946 Filii
1527 877 1594 963 tui,
1634 887 1669 947 et
1703 879 1736 947 in
1773 880 1900 948 semitis
1932 879 2034 948 rectis

658 994 773 1065 imitati
806 1002 840 1064 et
873 997 979 1067 secuti
1012 1003 1088 1066 sunt
1120 995 1265 1084 vestigia
1299 995 1392 1082 ejus3
1425 994 1480 1086 qui
1514 993 1656 1086 pignora
1689 989 1779 1064 bona
1813 1003 1846 1064 et
1879 1004 2033 1088 tanquam

659 1107 845 1202 depositum
872 1107 1081 1203 praeclarum
1108 1106 1200 1180 orbis
1226 1106 1373 1194 suerunt,
1408 1105 1451 1179 ad
1486 1093 1655 1178 sacculum
1691 1108 1780 1202 quod
1806 1130 1873 1179 non
1900 1110 2033 1179 transit:

649 1245 797 1318 -quorum
825 1223 1044 1310 orationihus,
1070 1233 1164 1313 vota,
1190 1225 1351 1317 primitias
1379 1232 1413 1293 et
1439 1221 1585 1294 decimas
1613 1221 1820 1296 adorantium
1849 1233 1882 1295 tc
1909 1245 2033 1296 susce-

651 1349 748 1434 ptum
780 1341 819 1410 iri
855 1338 1069 1428 confidimus,
1105 1361 1191 1433 quae
1219 1361 1306 1409 nunc
1333 1361 1407 1409 cum
1433 1341 1552 1410 timore
1580 1344 1613 1408 et
1638 1344 1829 1411 reverentia
1857 1340 1915 1412 tihi
1942 1339 2035 1411 olie-

658 1464 774 1527 runtur
801 1454 843 1526 ab
875 1453 1029 1526 Ecclesia
1064 1463 1120 1527 tua
1156 1455 1285 1526 salvata
1319 1476 1381 1549 per
1412 1475 1532 1525 nomen
1566 1463 1656 1525 tuum
1691 1465 1860 1528 sanctum:
1895 1456 2033 1528 salvans

658 1592 745 1641 nunc
772 1592 833 1643 eos
860 1593 922 1665 per
949 1573 1119 1642 orationes
1147 1591 1263 1641 eorum
1290 1593 1310 1641 a
1337 1572 1505 1665 praesenti
1533 1567 1741 1657 calamitate,
1778 1571 1819 1644 ab
1848 1575 1938 1643 omni
1963 1575 2033 1644 im-

658 1695 737 1782 petu
764 1687 881 1774 noxio,
909 1685 951 1757 ah
980 1689 1068 1758 omni
1095 1685 1301 1774 infirmitate,
1332 1694 1366 1756 et
1391 1687 1624 1779 corruptione,
1652 1683 1787 1774 dolore,
1815 1687 2033 1780 aegritudine,

658 1800 780 1889 caede,
812 1800 910 1892 dolo,
944 1800 1033 1873 lame
1069 1799 1355 1873 conturbationem
1391 1801 1582 1887 inducente,
1618 1809 1795 1896 morteque
1827 1807 2032 1898 perniciosa,

658 1918 700 1990 ab
728 1919 817 1988 omni
843 1915 1027 1989 rebellione
1054 1916 1263 2001 intolerabili
1291 1927 1326 1987 ct
1351 1915 1541 1988 a‘saevitia
1569 1914 1767 1988 daemonum
1791 1929 2031 2013 apostatarum,

658 2055 678 2104 a
711 2032 835 2123 caede,
870 2040 904 2104 et
936 2031 1133 2104 afflictione:
1175 2053 1261 2126 quae
1293 2035 1403 2102 omnia
1435 2041 1575 2127 propter
1607 2043 1747 2126 peccata
1785 2044 1900 2106 nostra
1932 2035 2032 2107 nobis
2101 2017 2104 2024 ¹

657 2150 912 2244 superveniunt3
940 2157 974 2219 et
998 2145 1183 2218 retenemus
1211 2145 1269 2218 tibi
1296 2147 1458 2239 gloriam,
1486 2157 1548 2218 etc.

760 2264 922 2357 Populus.
974 2263 1095 2334 Arnen.

761 2378 936 2451 Sacerdos
963 2378 1157 2448 inclinatos.
1210 2377 1379 2450 Memento
1406 2378 1549 2449 Domine
1576 2379 1718 2450 omnium
1747 2377 1880 2449 Patrum
1902 2372 2039 2449 Ortho-'

657 2495 840 2584 donorum,
868 2496 922 2588 qui
949 2517 969 2565 a
996 2492 1096 2565 Petro
1128 2487 1143 2528 ⁶
1169 2492 1412 2589 Apostolorum
1439 2493 1596 2588 Principe
1622 2493 1665 2563 ad
1692 2491 1777 2564 banc
1804 2516 1911 2588 usque
1943 2492 2031 2565 diem

655 2613 802 2701 vestigia
836 2609 1032 2705 Apostolica
1072 2612 1178 2682 secuti
1218 2618 1310 2698 sunt,
1353 2607 1471 2681 domos
1506 2607 1764 2681 Ecclesiasticas
1803 2608 2031 2698 firmaverunt,

616 2797 623 2810 ,
655 2725 903 2823 praeceptaque
929 2723 1137 2816 Evangelica
1164 2725 1389 2796 custodierunt
1416 2734 1449 2795 et
1475 2721 1706 2818 perfecerunt,
1734 2717 1896 2820 et‘supe'r
1915 2734 2031 2819 petras

655 2843 801 2938 petrinas
827 2837 1051 2911 fundaverunt
1075 2839 1264 2913 Ecclesiam
1292 2850 1400 2910 tuam:
1428 2837 1613 2935 Praecipue
1640 2849 1750 2910 autem
1777 2843 1873 2912 trium
1891 2843 1912 2910 7
1931 2840 2032 2938 Syn-

657 2957 797 3029 odorum
834 2965 1040 3046 sanctarum,
1077 2965 1110 3028 et
1145 2978 1260 3027 eorum
1288 2958 1344 3050 qni
1370 2956 1517 3049 primarii
1543 2961 1575 3024 in
1603 2953 1666 3026 illis
1694 2953 1843 3043 hremnt3
1870 2965 1906 3027 ut
1931 2958 2031 3026 etiam

656 3094 771 3144 eorum
800 3074 855 3166 qui
883 3069 1042 3166 deinceps
1069 3051 1199 3143 illorum
1227 3069 1384 3166 exemplo
1409 3092 1471 3165 per
1496 3069 1595 3141 fidem
1622 3081 1749 3142 rectam
1775 3070 1920 3144 illustres
1947 3071 2030 3143 fue-

655 3198 750 3276 runt,
778 3185 971 3275 Athanasii,
996 3188 1173 3283 Dionysii,
1200 3185 1403 3274 Caelestini,
1431 3182 1568 3281 cyrilli,
1594 3184 1775 3274 Dioscori,
1801 3185 1897 3275 lulii,
1916 3186 2029 3258 loan-

654 3308 725 3390 nis,
750 3301 890 3392 Jacobi,
918 3301 1093 3395 Gregorii,
1120 3304 1345 3396 Dioscorique
1356 3303 1514 3393 junioris,
1543 3300 1812 3396 reliquorumque
1827 3324 1912 3397 qaros
1929 3325 2029 3373 com-

655 3441 897 3508 memoramuS,
924 3429 1108 3506 memento,
1135 3425 1169 3489 et
1195 3421 1338 3512 quietem
1366 3416 1430 3490 illis
1457 3427 1603 3511 praesta.
2009 3503 2014 3514 .

600 3531 606 3546 '
758 3533 909 3605 Eleuonr
933 3556 1060 3604 uocem.
1112 3533 1239 3605 Eorum
1267 3536 1321 3627 qui
1348 3541 1502 3627 tanquam
1531 3532 1706 3605 columnae
1733 3535 1907 3624 veritatis,
1944 3556 2029 3606 ere-

653 3656 777 3721 xerunt
809 3659 843 3720 et
884 3648 1165 3720 confirmaverunt
1204 3647 1377 3721 Ecclesiae
1418 3657 1492 3719 tuas
1528 3656 1680 3736 sanctae,
1722 3652 1777 3743 qui
1810 3659 2030 3743 portaverunt

653 3763 783 3859 pondus
811 3764 876 3835 diei
909 3775 942 3836 et
975 3774 1121 3837 acetum:
1157 3767 1212 3858 qui
1247 3762 1401 3836 athletice
1433 3767 1614 3835 certamina
1647 3764 1823 3860 praeclara
1857 3763 2030 3836 ediderunt

652 3879 822 3972 religionis
849 3901 968 3951 causa:
995 3883 1051 3973 qui
1078 3888 1182 3951 totum
1208 3877 1324 3952 orbem
1353 3877 1506 3950 doctrina
1530 3901 1591 3976 sua
1619 3878 1730 3951 diviua
1764 3879 2027 3954 illustraverunt:

653 3996 709 4088 qni
736 3993 931 4090 depulerunt
958 4017 1075 4067 omnes
1102 3994 1263 4068 haereses
1290 3994 1366 4067 salsi
1392 3997 1553 4084 nominis,
1581 3997 1725 4081 erroris,
1757 3977 2028 4090 seductionisque

651 4109 880 4205 plenissimas:
907 4114 961 4205 qui
988 4110 1158 4183 lucernam
1186 4111 1263 4182 fidei
1290 4132 1392 4205 super
1425 4109 1661 4184 candelabrum
1694 4110 1936 4183 accenderunt:
1971 4117 2027 4206 qni

651 4223 772 4297 nullam
799 4235 1006 4299 terrenarum
1032 4249 1143 4299 rerum
1171 4225 1425 4300 sollicitudinem
1450 4222 1655 4314 habuerunt,
1690 4248 1800 4321 neque
1834 4225 1925 4300 obliti
1953 4239 2028 4300 sunt

650 4345 826 4435 passiones
839 4341 1001 4416 salutares
1016 4341 1092 4414 Filii
1106 4344 1165 4412 tui:
1178 4344 1232 4435 qui
1250 4341 1443 4414 refellerant
1455 4339 1660 4432 abnegantes
1679 4345 1938 4414 incarnationem
1951 4343 2027 4415 Filii

650 4459 715 4527 tui:
736 4467 771 4527 et
797 4457 921 4528 iontem
943 4461 1047 4546 vitae,
1076 4461 1315 4552 susceptricem
1332 4456 1416 4527 locis
1436 4459 1572 4528 atvitae
1587 4459 1781 4548 genitricem
1803 4458 1866 4529 Dei
1886 4458 2026 4552 praedi-

651 4580 824 4663 caverunt,
847 4594 915 4643 non
942 4573 1030 4668 quod
1052 4595 1098 4644 ex
1117 4595 1158 4645 ea
1184 4575 1309 4644 initium
1338 4573 1490 4645 divinitas
1518 4576 1696 4667 acceperit,
1724 4572 1783 4644 sed
1812 4571 1900 4666 quod
1927 4577 1959 4643 in
1987 4595 2028 4644 ea

652 4691 798 4758 essentia
821 4690 894 4778 ejus
919 4686 1130 4779 habitaverit,
1151 4699 1184 4760 et
1211 4711 1257 4760 ex
1284 4712 1324 4761 ea
1352 4688 1507 4761 divinitas
1534 4699 1607 4760 orta
1629 4686 1740 4778 inerit,
1767 4699 1905 4784 propter
1932 4709 2030 4782 quam

652 4805 768 4872 vocati
796 4823 908 4874 sumus
934 4802 991 4874 filii
1017 4806 1065 4875 tui
1091 4803 1273 4877 secundum
1308 4807 1471 4896 gratiam,
1506 4825 1526 4875 o
1554 4804 1656 4875 Pater
1682 4804 1855 4892 coelestis3
1882 4805 1937 4897 qui
1964 4823 2028 4873 nos

649 4915 928 4988 confirmaverunt
958 4920 991 4990 in
1023 4918 1088 4991 lide
1122 4917 1337 5010 Ortbodoxa,
1370 4943 1435 5014 qua
1469 4923 1504 4992 in
1538 4929 1571 4992 te
1604 4919 1791 5011 credimus,
1827 4929 1861 4989 et
1896 4917 2024 5012 absque
