<?xml version="1.0" encoding="UTF-8"?>
<!DOCTYPE html PUBLIC "-//W3C//DTD XHTML 1.0 Transitional//EN"
    "http://www.w3.org/TR/xhtml1/DTD/xhtml1-transitional.dtd">
<html xmlns="http://www.w3.org/1999/xhtml" xml:lang="en" lang="en">
 <head>
  <title>
</title>
<meta http-equiv="Content-Type" content="text/html;charset=utf-8" />
  <meta name='ocr-system' content='tesseract 3.04.00' />
  <meta name='ocr-capabilities' content='ocr_page ocr_carea ocr_par ocr_line ocrx_word'/>
</head>
<body>
  <div class='ocr_page' id='page_1' title='image "./liturgiarumorie04renagoog_0166.png"; bbox 0 0 4728 6028; ppageno 0'>
   <div class='ocr_carea' id='block_1_1' title="bbox 680 658 1660 739">
    <p class='ocr_par' dir='ltr' id='par_1_1' title="bbox 680 658 1660 739">
     <span class='ocr_line' id='line_1_1' title="bbox 680 658 1660 739; baseline 0 -1"><span class='ocrx_word' id='word_1_1' title='bbox 680 658 1276 739; x_wconf 77' lang='lat' dir='ltr'><strong>sntortttoottt.</strong></span> <span class='ocrx_word' id='word_1_2' title='bbox 1588 666 1660 738; x_wconf 78' lang='lat'><strong>120</strong></span> 
     </span>
    </p>
   </div>
   <div class='ocr_carea' id='block_1_2' title="bbox 282 849 1663 4531">
    <p class='ocr_par' dir='ltr' id='par_1_2' title="bbox 285 849 1663 1865">
     <span class='ocr_line' id='line_1_2' title="bbox 390 849 1663 945; baseline -0.002 -22"><span class='ocrx_word' id='word_1_3' title='bbox 390 850 560 922; x_wconf 89' lang='lat' dir='ltr'><strong>Memento</strong></span> <span class='ocrx_word' id='word_1_4' title='bbox 587 853 699 936; x_wconf 84' lang='lat' dir='ltr'><strong>etiam,</strong></span> <span class='ocrx_word' id='word_1_5' title='bbox 725 850 886 937; x_wconf 86' lang='lat' dir='ltr'><strong>Domine,</strong></span> <span class='ocrx_word' id='word_1_6' title='bbox 921 849 1054 920; x_wconf 87' lang='lat' dir='ltr'><strong>Patrum</strong></span> <span class='ocrx_word' id='word_1_7' title='bbox 1090 859 1283 924; x_wconf 87' lang='lat' dir='ltr'><strong>nostrorum</strong></span> <span class='ocrx_word' id='word_1_8' title='bbox 1315 853 1446 945; x_wconf 90' lang='lat' dir='ltr'><strong>piorum</strong></span> <span class='ocrx_word' id='word_1_9' title='bbox 1473 863 1506 922; x_wconf 90' lang='lat' dir='ltr'><strong>et</strong></span> <span class='ocrx_word' id='word_1_10' title='bbox 1534 851 1663 923; x_wconf 88' lang='lat' dir='ltr'><strong>Ortho-</strong></span> 
     </span>
     <span class='ocr_line' id='line_1_3' title="bbox 288 963 1662 1061; baseline -0.001 -24"><span class='ocrx_word' id='word_1_11' title='bbox 288 966 472 1056; x_wconf 83' lang='lat' dir='ltr'><strong>doxorum,</strong></span> <span class='ocrx_word' id='word_1_12' title='bbox 499 964 711 1036; x_wconf 88' lang='lat' dir='ltr'><strong>Patriarcbae</strong></span> <span class='ocrx_word' id='word_1_13' title='bbox 747 968 853 1036; x_wconf 80' lang='lat' dir='ltr'>nostri</span> <span class='ocrx_word' id='word_1_14' title='bbox 885 963 1020 1036; x_wconf 85' lang='lat' dir='ltr'><strong>Domini</strong></span> <span class='ocrx_word' id='word_1_15' title='bbox 1051 965 1092 1036; x_wconf 92' lang='lat' dir='ltr'><strong>N.</strong></span> <span class='ocrx_word' id='word_1_16' title='bbox 1130 974 1164 1036; x_wconf 86' lang='lat' dir='ltr'><strong>et</strong></span> <span class='ocrx_word' id='word_1_17' title='bbox 1194 965 1328 1037; x_wconf 86' lang='lat' dir='ltr'><strong>Domini</strong></span> <span class='ocrx_word' id='word_1_18' title='bbox 1360 965 1401 1036; x_wconf 91' lang='lat' dir='ltr'><strong>N.</strong></span> <span class='ocrx_word' id='word_1_19' title='bbox 1435 979 1468 1038; x_wconf 92' lang='lat' dir='ltr'><strong>et</strong></span> <span class='ocrx_word' id='word_1_20' title='bbox 1499 966 1662 1061; x_wconf 84' lang='lat' dir='ltr'><strong>Episcopi</strong></span> 
     </span>
     <span class='ocr_line' id='line_1_4' title="bbox 287 1079 1661 1175; baseline -0.001 -23"><span class='ocrx_word' id='word_1_21' title='bbox 287 1086 392 1154; x_wconf 80' lang='lat' dir='ltr'><strong>nostri</strong></span> <span class='ocrx_word' id='word_1_22' title='bbox 425 1083 558 1153; x_wconf 88' lang='lat' dir='ltr'><strong>Domini</strong></span> <span class='ocrx_word' id='word_1_23' title='bbox 592 1079 634 1152; x_wconf 92' lang='lat' dir='ltr'><strong>N.</strong></span> <span class='ocrx_word' id='word_1_24' title='bbox 666 1080 947 1174; x_wconf 77' lang='lat' dir='ltr'><strong>Presbyteromm</strong></span> <span class='ocrx_word' id='word_1_25' title='bbox 982 1101 1115 1175; x_wconf 87' lang='lat' dir='ltr'><strong>quoque</strong></span> <span class='ocrx_word' id='word_1_26' title='bbox 1151 1091 1185 1152; x_wconf 88' lang='lat' dir='ltr'><strong>et</strong></span> <span class='ocrx_word' id='word_1_27' title='bbox 1215 1082 1460 1168; x_wconf 88' lang='lat' dir='ltr'><strong>Diaconomm,</strong></span> <span class='ocrx_word' id='word_1_28' title='bbox 1495 1093 1529 1154; x_wconf 89' lang='lat' dir='ltr'><strong>et</strong></span> <span class='ocrx_word' id='word_1_29' title='bbox 1561 1084 1661 1152; x_wconf 89' lang='lat' dir='ltr'><strong>totius</strong></span> 
     </span>
     <span class='ocr_line' id='line_1_5' title="bbox 289 1195 1661 1288; baseline -0.002 -19"><span class='ocrx_word' id='word_1_30' title='bbox 289 1197 422 1269; x_wconf 82' lang='lat' dir='ltr'><strong>Ordinis</strong></span> <span class='ocrx_word' id='word_1_31' title='bbox 448 1195 696 1269; x_wconf 86' lang='lat' dir='ltr'><strong>Ecclesiastici:</strong></span> <span class='ocrx_word' id='word_1_32' title='bbox 724 1217 798 1266; x_wconf 92' lang='lat' dir='ltr'><strong>cnm</strong></span> <span class='ocrx_word' id='word_1_33' title='bbox 824 1195 1011 1266; x_wconf 86' lang='lat' dir='ltr'><strong>infirmitate</strong></span> <span class='ocrx_word' id='word_1_34' title='bbox 1038 1216 1122 1266; x_wconf 91' lang='lat' dir='ltr'><strong>mea.</strong></span> <span class='ocrx_word' id='word_1_35' title='bbox 1176 1195 1320 1266; x_wconf 87' lang='lat' dir='ltr'><strong>Peccata</strong></span> <span class='ocrx_word' id='word_1_36' title='bbox 1352 1200 1535 1288; x_wconf 88' lang='lat' dir='ltr'><strong>juventutis</strong></span> <span class='ocrx_word' id='word_1_37' title='bbox 1563 1218 1661 1267; x_wconf 88' lang='lat' dir='ltr'><strong>meae</strong></span> 
     </span>
     <span class='ocr_line' id='line_1_6' title="bbox 286 1310 1659 1401; baseline -0.002 -17"><span class='ocrx_word' id='word_1_38' title='bbox 286 1333 330 1385; x_wconf 89' lang='lat' dir='ltr'><strong>ne</strong></span> <span class='ocrx_word' id='word_1_39' title='bbox 355 1315 547 1384; x_wconf 88' lang='lat' dir='ltr'><strong>memineris</strong></span> <span class='ocrx_word' id='word_1_40' title='bbox 574 1310 673 1401; x_wconf 86' lang='lat' dir='ltr'><strong>mihi,</strong></span> <span class='ocrx_word' id='word_1_41' title='bbox 709 1310 770 1384; x_wconf 88' lang='lat' dir='ltr'><strong>sed</strong></span> <span class='ocrx_word' id='word_1_42' title='bbox 803 1310 984 1383; x_wconf 88' lang='lat' dir='ltr'><strong>secundum</strong></span> <span class='ocrx_word' id='word_1_43' title='bbox 1020 1310 1281 1382; x_wconf 88' lang='lat' dir='ltr'><strong>misericordiam</strong></span> <span class='ocrx_word' id='word_1_44' title='bbox 1316 1321 1405 1383; x_wconf 90' lang='lat' dir='ltr'><strong>tuam</strong></span> <span class='ocrx_word' id='word_1_45' title='bbox 1431 1311 1567 1384; x_wconf 83' lang='lat' dir='ltr'><strong>virifica</strong></span> <span class='ocrx_word' id='word_1_46' title='bbox 1595 1335 1659 1382; x_wconf 90' lang='lat' dir='ltr'><strong>me.</strong></span> 
     </span>
     <span class='ocr_line' id='line_1_7' title="bbox 286 1425 1659 1523; baseline -0.002 -24"><span class='ocrx_word' id='word_1_47' title='bbox 286 1427 454 1499; x_wconf 91' lang='lat' dir='ltr'><strong>Memento</strong></span> <span class='ocrx_word' id='word_1_48' title='bbox 482 1449 615 1522; x_wconf 85' lang='lat' dir='ltr'><strong>quoque</strong></span> <span class='ocrx_word' id='word_1_49' title='bbox 640 1425 777 1498; x_wconf 80' lang='lat' dir='ltr'><strong>botrum</strong></span> <span class='ocrx_word' id='word_1_50' title='bbox 803 1435 993 1499; x_wconf 89' lang='lat' dir='ltr'><strong>nostrorum</strong></span> <span class='ocrx_word' id='word_1_51' title='bbox 1019 1429 1248 1523; x_wconf 90' lang='lat' dir='ltr'><strong>captivorum,</strong></span> <span class='ocrx_word' id='word_1_52' title='bbox 1274 1425 1497 1516; x_wconf 84' lang='lat' dir='ltr'><strong>infirmorum,</strong></span> <span class='ocrx_word' id='word_1_53' title='bbox 1529 1431 1659 1499; x_wconf 89' lang='lat' dir='ltr'><strong>variis-</strong></span> 
     </span>
     <span class='ocr_line' id='line_1_8' title="bbox 287 1540 1659 1637; baseline -0.001 -24"><span class='ocrx_word' id='word_1_54' title='bbox 287 1565 352 1637; x_wconf 87' lang='lat' dir='ltr'><strong>que</strong></span> <span class='ocrx_word' id='word_1_55' title='bbox 378 1542 505 1615; x_wconf 84' lang='lat' dir='ltr'><strong>morbis</strong></span> <span class='ocrx_word' id='word_1_56' title='bbox 531 1542 763 1630; x_wconf 79' lang='lat' dir='ltr'><strong>laborantium,</strong></span> <span class='ocrx_word' id='word_1_57' title='bbox 790 1553 824 1614; x_wconf 90' lang='lat' dir='ltr'><strong>at</strong></span> <span class='ocrx_word' id='word_1_58' title='bbox 850 1562 965 1613; x_wconf 89' lang='lat' dir='ltr'><strong>eorum</strong></span> <span class='ocrx_word' id='word_1_59' title='bbox 994 1544 1049 1636; x_wconf 91' lang='lat' dir='ltr'><strong>qui</strong></span> <span class='ocrx_word' id='word_1_60' title='bbox 1077 1565 1098 1613; x_wconf 88' lang='lat' dir='ltr'><strong>a</strong></span> <span class='ocrx_word' id='word_1_61' title='bbox 1124 1541 1278 1633; x_wconf 89' lang='lat' dir='ltr'><strong>malignis</strong></span> <span class='ocrx_word' id='word_1_62' title='bbox 1295 1540 1463 1637; x_wconf 89' lang='lat' dir='ltr'><strong>spiritibus</strong></span> <span class='ocrx_word' id='word_1_63' title='bbox 1491 1541 1659 1624; x_wconf 81' lang='lat' dir='ltr'><strong>infestan-</strong></span> 
     </span>
     <span class='ocr_line' id='line_1_9' title="bbox 286 1657 1660 1754; baseline -0.001 -24"><span class='ocrx_word' id='word_1_64' title='bbox 286 1670 347 1730; x_wconf 87' lang='lat' dir='ltr'><strong>tur.</strong></span> <span class='ocrx_word' id='word_1_65' title='bbox 399 1660 484 1732; x_wconf 78' lang='lat' dir='ltr'><strong>Aen</strong></span> <span class='ocrx_word' id='word_1_66' title='bbox 510 1679 642 1754; x_wconf 89' lang='lat' dir='ltr'><strong>qnoque</strong></span> <span class='ocrx_word' id='word_1_67' title='bbox 669 1668 703 1729; x_wconf 89' lang='lat' dir='ltr'><strong>et</strong></span> <span class='ocrx_word' id='word_1_68' title='bbox 728 1678 875 1730; x_wconf 90' lang='lat' dir='ltr'><strong>coronae</strong></span> <span class='ocrx_word' id='word_1_69' title='bbox 903 1661 980 1729; x_wconf 93' lang='lat' dir='ltr'><strong>anui</strong></span> <span class='ocrx_word' id='word_1_70' title='bbox 1007 1657 1209 1746; x_wconf 85' lang='lat' dir='ltr'><strong>benedicito,</strong></span> <span class='ocrx_word' id='word_1_71' title='bbox 1235 1658 1411 1754; x_wconf 86' lang='lat' dir='ltr'><strong>perficiens</strong></span> <span class='ocrx_word' id='word_1_72' title='bbox 1439 1659 1562 1732; x_wconf 93' lang='lat' dir='ltr'><strong>bonam</strong></span> <span class='ocrx_word' id='word_1_73' title='bbox 1588 1681 1660 1729; x_wconf 89' lang='lat' dir='ltr'><strong>vo-</strong></span> 
     </span>
     <span class='ocr_line' id='line_1_10' title="bbox 285 1774 966 1865; baseline -0.003 -20"><span class='ocrx_word' id='word_1_74' title='bbox 285 1774 444 1846; x_wconf 89' lang='lat' dir='ltr'><strong>luntatem</strong></span> <span class='ocrx_word' id='word_1_75' title='bbox 471 1784 571 1862; x_wconf 88' lang='lat' dir='ltr'><strong>tuam,</strong></span> <span class='ocrx_word' id='word_1_76' title='bbox 599 1795 682 1865; x_wconf 87' lang='lat' dir='ltr'><strong>erga</strong></span> <span class='ocrx_word' id='word_1_77' title='bbox 709 1795 808 1845; x_wconf 87' lang='lat' dir='ltr'><strong>omne</strong></span> <span class='ocrx_word' id='word_1_78' title='bbox 834 1774 966 1844; x_wconf 87' lang='lat' dir='ltr'><strong>vivens.</strong></span> 
     </span>
    </p>

    <p class='ocr_par' dir='ltr' id='par_1_3' title="bbox 284 1887 1661 2559">
     <span class='ocr_line' id='line_1_11' title="bbox 390 1887 1660 1986; baseline 0 -26"><span class='ocrx_word' id='word_1_79' title='bbox 390 1890 542 1960; x_wconf 83' lang='lat' dir='ltr'><strong>Elecaos</strong></span> <span class='ocrx_word' id='word_1_80' title='bbox 567 1911 694 1962; x_wconf 80' lang='lat' dir='ltr'><strong>vocam.</strong></span> <span class='ocrx_word' id='word_1_81' title='bbox 736 1888 781 1960; x_wconf 84' lang='lat' dir='ltr'><strong>Et</strong></span> <span class='ocrx_word' id='word_1_82' title='bbox 805 1887 913 1960; x_wconf 88' lang='lat' dir='ltr'><strong>libera</strong></span> <span class='ocrx_word' id='word_1_83' title='bbox 939 1910 1015 1977; x_wconf 88' lang='lat' dir='ltr'><strong>nos,</strong></span> <span class='ocrx_word' id='word_1_84' title='bbox 1042 1889 1196 1976; x_wconf 89' lang='lat' dir='ltr'><strong>Domine,</strong></span> <span class='ocrx_word' id='word_1_85' title='bbox 1224 1887 1266 1960; x_wconf 91' lang='lat' dir='ltr'><strong>ab</strong></span> <span class='ocrx_word' id='word_1_86' title='bbox 1295 1893 1384 1963; x_wconf 93' lang='lat' dir='ltr'><strong>omui</strong></span> <span class='ocrx_word' id='word_1_87' title='bbox 1410 1892 1660 1986; x_wconf 73' lang='lat' dir='ltr'><strong>impugnatione</strong></span> 
     </span>
     <span class='ocr_line' id='line_1_12' title="bbox 286 2003 1661 2091; baseline 0 -15"><span class='ocrx_word' id='word_1_88' title='bbox 286 2003 452 2078; x_wconf 90' lang='lat' dir='ltr'><strong>hominum</strong></span> <span class='ocrx_word' id='word_1_89' title='bbox 486 2005 663 2077; x_wconf 90' lang='lat' dir='ltr'><strong>malorum:</strong></span> <span class='ocrx_word' id='word_1_90' title='bbox 699 2005 742 2077; x_wconf 92' lang='lat' dir='ltr'><strong>ab</strong></span> <span class='ocrx_word' id='word_1_91' title='bbox 777 2007 866 2076; x_wconf 92' lang='lat' dir='ltr'><strong>omni</strong></span> <span class='ocrx_word' id='word_1_92' title='bbox 898 2005 1033 2076; x_wconf 89' lang='lat' dir='ltr'><strong>incursu</strong></span> <span class='ocrx_word' id='word_1_93' title='bbox 1068 2014 1101 2076; x_wconf 88' lang='lat' dir='ltr'><strong>et</strong></span> <span class='ocrx_word' id='word_1_94' title='bbox 1136 2003 1350 2078; x_wconf 84' lang='lat' dir='ltr'><strong>infestatione</strong></span> <span class='ocrx_word' id='word_1_95' title='bbox 1383 2003 1597 2091; x_wconf 83' lang='lat' dir='ltr'><strong>daemonum,</strong></span> <span class='ocrx_word' id='word_1_96' title='bbox 1627 2015 1661 2076; x_wconf 87' lang='lat' dir='ltr'><strong>et</strong></span> 
     </span>
     <span class='ocr_line' id='line_1_13' title="bbox 286 2119 1660 2216; baseline -0.004 -21"><span class='ocrx_word' id='word_1_97' title='bbox 286 2122 327 2195; x_wconf 89' lang='lat' dir='ltr'><strong>ab</strong></span> <span class='ocrx_word' id='word_1_98' title='bbox 356 2119 509 2194; x_wconf 89' lang='lat' dir='ltr'><strong>omnibus</strong></span> <span class='ocrx_word' id='word_1_99' title='bbox 536 2121 646 2216; x_wconf 88' lang='lat' dir='ltr'><strong>plagis</strong></span> <span class='ocrx_word' id='word_1_100' title='bbox 674 2143 759 2214; x_wconf 91' lang='lat' dir='ltr'><strong>quae</strong></span> <span class='ocrx_word' id='word_1_101' title='bbox 785 2131 1000 2216; x_wconf 90' lang='lat' dir='ltr'><strong>pcccatorum</strong></span> <span class='ocrx_word' id='word_1_102' title='bbox 1026 2129 1217 2194; x_wconf 86' lang='lat' dir='ltr'><strong>nostrorum</strong></span> <span class='ocrx_word' id='word_1_103' title='bbox 1244 2143 1348 2193; x_wconf 88' lang='lat' dir='ltr'><strong>causa</strong></span> <span class='ocrx_word' id='word_1_104' title='bbox 1367 2133 1531 2194; x_wconf 85' lang='lat' dir='ltr'><strong>venturae</strong></span> <span class='ocrx_word' id='word_1_105' title='bbox 1559 2143 1660 2215; x_wconf 90' lang='lat' dir='ltr'><strong>super·</strong></span> 
     </span>
     <span class='ocr_line' id='line_1_14' title="bbox 284 2233 1659 2330; baseline 0 -22"><span class='ocrx_word' id='word_1_106' title='bbox 284 2259 348 2310; x_wconf 91' lang='lat' dir='ltr'><strong>nos</strong></span> <span class='ocrx_word' id='word_1_107' title='bbox 373 2236 495 2308; x_wconf 87' lang='lat' dir='ltr'><strong>forent.</strong></span> <span class='ocrx_word' id='word_1_108' title='bbox 549 2233 725 2308; x_wconf 81' lang='lat' dir='ltr'><strong>Conserva</strong></span> <span class='ocrx_word' id='word_1_109' title='bbox 755 2258 887 2330; x_wconf 88' lang='lat' dir='ltr'><strong>quoquo</strong></span> <span class='ocrx_word' id='word_1_110' title='bbox 912 2258 975 2308; x_wconf 92' lang='lat' dir='ltr'><strong>nos</strong></span> <span class='ocrx_word' id='word_1_111' title='bbox 1002 2239 1037 2307; x_wconf 95' lang='lat' dir='ltr'><strong>iu</strong></span> <span class='ocrx_word' id='word_1_112' title='bbox 1064 2236 1303 2308; x_wconf 88' lang='lat' dir='ltr'><strong>observatione</strong></span> <span class='ocrx_word' id='word_1_113' title='bbox 1322 2237 1549 2311; x_wconf 88' lang='lat' dir='ltr'><strong>mandatorum</strong></span> <span class='ocrx_word' id='word_1_114' title='bbox 1578 2249 1659 2309; x_wconf 92' lang='lat' dir='ltr'><strong>tuo-</strong></span> 
     </span>
     <span class='ocr_line' id='line_1_15' title="bbox 284 2352 1659 2447; baseline -0.001 -22"><span class='ocrx_word' id='word_1_115' title='bbox 284 2375 356 2425; x_wconf 90' lang='lat' dir='ltr'><strong>rum</strong></span> <span class='ocrx_word' id='word_1_116' title='bbox 383 2360 583 2440; x_wconf 88' lang='lat' dir='ltr'><strong>sanctorum,</strong></span> <span class='ocrx_word' id='word_1_117' title='bbox 611 2356 689 2447; x_wconf 89' lang='lat' dir='ltr'><strong>quia</strong></span> <span class='ocrx_word' id='word_1_118' title='bbox 715 2362 749 2423; x_wconf 92' lang='lat' dir='ltr'><strong>tu</strong></span> <span class='ocrx_word' id='word_1_119' title='bbox 774 2352 868 2423; x_wconf 89' lang='lat' dir='ltr'><strong>Deus</strong></span> <span class='ocrx_word' id='word_1_120' title='bbox 895 2353 1088 2426; x_wconf 83' lang='lat' dir='ltr'><strong>misericors</strong></span> <span class='ocrx_word' id='word_1_121' title='bbox 1116 2373 1173 2440; x_wconf 88' lang='lat' dir='ltr'><strong>es,</strong></span> <span class='ocrx_word' id='word_1_122' title='bbox 1210 2362 1243 2423; x_wconf 90' lang='lat' dir='ltr'><strong>et</strong></span> <span class='ocrx_word' id='word_1_123' title='bbox 1276 2352 1335 2424; x_wconf 90' lang='lat' dir='ltr'><strong>tibi</strong></span> <span class='ocrx_word' id='word_1_124' title='bbox 1362 2353 1504 2445; x_wconf 88' lang='lat' dir='ltr'><strong>gloriam</strong></span> <span class='ocrx_word' id='word_1_125' title='bbox 1531 2352 1659 2424; x_wconf 87' lang='lat' dir='ltr'><strong>referi-</strong></span> 
     </span>
     <span class='ocr_line' id='line_1_16' title="bbox 285 2470 729 2559; baseline -0.005 -19"><span class='ocrx_word' id='word_1_126' title='bbox 285 2491 370 2559; x_wconf 90' lang='lat' dir='ltr'><strong>mus,</strong></span> <span class='ocrx_word' id='word_1_127' title='bbox 397 2477 431 2540; x_wconf 89' lang='lat' dir='ltr'><strong>et</strong></span> <span class='ocrx_word' id='word_1_128' title='bbox 456 2470 639 2559; x_wconf 87' lang='lat' dir='ltr'><strong>unigenito,</strong></span> <span class='ocrx_word' id='word_1_129' title='bbox 667 2477 729 2540; x_wconf 92' lang='lat' dir='ltr'><strong>etc.</strong></span> 
     </span>
    </p>

    <p class='ocr_par' dir='ltr' id='par_1_4' title="bbox 283 2581 1659 3005">
     <span class='ocr_line' id='line_1_17' title="bbox 388 2581 1659 2678; baseline 0.003 -26"><span class='ocrx_word' id='word_1_130' title='bbox 388 2582 584 2654; x_wconf 83' lang='lat' dir='ltr'><strong>lacliaotur.</strong></span> <span class='ocrx_word' id='word_1_131' title='bbox 636 2582 806 2654; x_wconf 80' lang='lat' dir='ltr'><strong>Memento</strong></span> <span class='ocrx_word' id='word_1_132' title='bbox 833 2582 977 2654; x_wconf 90' lang='lat' dir='ltr'><strong>Domine</strong></span> <span class='ocrx_word' id='word_1_133' title='bbox 1002 2581 1138 2654; x_wconf 84' lang='lat' dir='ltr'><strong>Petrum</strong></span> <span class='ocrx_word' id='word_1_134' title='bbox 1164 2591 1199 2654; x_wconf 89' lang='lat' dir='ltr'><strong>ct</strong></span> <span class='ocrx_word' id='word_1_135' title='bbox 1224 2583 1376 2655; x_wconf 82' lang='lat' dir='ltr'><strong>Fratrum</strong></span> <span class='ocrx_word' id='word_1_136' title='bbox 1404 2586 1459 2678; x_wconf 87' lang='lat' dir='ltr'><strong>qui</strong></span> <span class='ocrx_word' id='word_1_137' title='bbox 1485 2583 1659 2656; x_wconf 90' lang='lat' dir='ltr'><strong>nobiscum</strong></span> 
     </span>
     <span class='ocr_line' id='line_1_18' title="bbox 285 2696 1658 2794; baseline -0.001 -22"><span class='ocrx_word' id='word_1_138' title='bbox 285 2698 414 2772; x_wconf 89' lang='lat' dir='ltr'><strong>adstant</strong></span> <span class='ocrx_word' id='word_1_139' title='bbox 439 2708 473 2769; x_wconf 88' lang='lat' dir='ltr'><strong>et</strong></span> <span class='ocrx_word' id='word_1_140' title='bbox 499 2707 614 2770; x_wconf 90' lang='lat' dir='ltr'><strong>orant:</strong></span> <span class='ocrx_word' id='word_1_141' title='bbox 641 2706 818 2771; x_wconf 87' lang='lat' dir='ltr'><strong>eteorum</strong></span> <span class='ocrx_word' id='word_1_142' title='bbox 845 2701 900 2793; x_wconf 91' lang='lat' dir='ltr'><strong>qui</strong></span> <span class='ocrx_word' id='word_1_143' title='bbox 936 2723 956 2770; x_wconf 92' lang='lat' dir='ltr'><strong>a</strong></span> <span class='ocrx_word' id='word_1_144' title='bbox 983 2696 1081 2771; x_wconf 91' lang='lat' dir='ltr'><strong>nobis</strong></span> <span class='ocrx_word' id='word_1_145' title='bbox 1108 2702 1353 2791; x_wconf 87' lang='lat' dir='ltr'><strong>migraverunt:</strong></span> <span class='ocrx_word' id='word_1_146' title='bbox 1386 2711 1421 2772; x_wconf 91' lang='lat' dir='ltr'><strong>nt</strong></span> <span class='ocrx_word' id='word_1_147' title='bbox 1454 2723 1569 2773; x_wconf 89' lang='lat' dir='ltr'><strong>eorum</strong></span> <span class='ocrx_word' id='word_1_148' title='bbox 1603 2703 1658 2794; x_wconf 87' lang='lat' dir='ltr'><strong>qui</strong></span> 
     </span>
     <span class='ocr_line' id='line_1_19' title="bbox 283 2813 1657 2910; baseline -0.002 -22"><span class='ocrx_word' id='word_1_149' title='bbox 283 2813 461 2888; x_wconf 86' lang='lat' dir='ltr'><strong>voluerunt</strong></span> <span class='ocrx_word' id='word_1_150' title='bbox 487 2813 627 2904; x_wconf 87' lang='lat' dir='ltr'><strong>ollerre,</strong></span> <span class='ocrx_word' id='word_1_151' title='bbox 661 2837 725 2887; x_wconf 93' lang='lat' dir='ltr'><strong>nec</strong></span> <span class='ocrx_word' id='word_1_152' title='bbox 760 2825 953 2910; x_wconf 86' lang='lat' dir='ltr'><strong>potnerunt:</strong></span> <span class='ocrx_word' id='word_1_153' title='bbox 988 2817 1165 2910; x_wconf 84' lang='lat' dir='ltr'><strong>unicuique</strong></span> <span class='ocrx_word' id='word_1_154' title='bbox 1201 2814 1352 2889; x_wconf 88' lang='lat' dir='ltr'><strong>concede</strong></span> <span class='ocrx_word' id='word_1_155' title='bbox 1378 2816 1538 2887; x_wconf 87' lang='lat' dir='ltr'><strong>honestas</strong></span> <span class='ocrx_word' id='word_1_156' title='bbox 1564 2817 1657 2909; x_wconf 88' lang='lat' dir='ltr'><strong>peti-</strong></span> 
     </span>
     <span class='ocr_line' id='line_1_20' title="bbox 284 2935 510 3005; baseline -0.013 -2"><span class='ocrx_word' id='word_1_157' title='bbox 284 2935 392 3004; x_wconf 88' lang='lat' dir='ltr'><strong>tiones</strong></span> <span class='ocrx_word' id='word_1_158' title='bbox 421 2951 510 3005; x_wconf 90' lang='lat' dir='ltr'><strong>suas.</strong></span> 
     </span>
    </p>

    <p class='ocr_par' dir='ltr' id='par_1_5' title="bbox 282 3045 1659 3714">
     <span class='ocr_line' id='line_1_21' title="bbox 387 3045 1657 3144; baseline 0.002 -28"><span class='ocrx_word' id='word_1_159' title='bbox 387 3045 539 3118; x_wconf 80' lang='lat' dir='ltr'><strong>Elaaoas</strong></span> <span class='ocrx_word' id='word_1_160' title='bbox 564 3067 690 3116; x_wconf 84' lang='lat' dir='ltr'><strong>nocam.</strong></span> <span class='ocrx_word' id='word_1_161' title='bbox 736 3046 905 3118; x_wconf 88' lang='lat' dir='ltr'><strong>Memento</strong></span> <span class='ocrx_word' id='word_1_162' title='bbox 932 3048 1076 3118; x_wconf 90' lang='lat' dir='ltr'><strong>Domine</strong></span> <span class='ocrx_word' id='word_1_163' title='bbox 1103 3051 1249 3120; x_wconf 90' lang='lat' dir='ltr'><strong>omnium</strong></span> <span class='ocrx_word' id='word_1_164' title='bbox 1276 3069 1414 3144; x_wconf 88' lang='lat' dir='ltr'><strong>quorum</strong></span> <span class='ocrx_word' id='word_1_165' title='bbox 1440 3050 1657 3133; x_wconf 88' lang='lat' dir='ltr'><strong>meminimus,</strong></span> 
     </span>
     <span class='ocr_line' id='line_1_22' title="bbox 284 3161 1657 3257; baseline 0.001 -25"><span class='ocrx_word' id='word_1_166' title='bbox 284 3171 317 3233; x_wconf 90' lang='lat' dir='ltr'><strong>et</strong></span> <span class='ocrx_word' id='word_1_167' title='bbox 343 3184 483 3257; x_wconf 87' lang='lat' dir='ltr'><strong>quorum</strong></span> <span class='ocrx_word' id='word_1_168' title='bbox 508 3183 577 3234; x_wconf 90' lang='lat' dir='ltr'><strong>non</strong></span> <span class='ocrx_word' id='word_1_169' title='bbox 603 3164 820 3234; x_wconf 87' lang='lat' dir='ltr'><strong>meminimus.</strong></span> <span class='ocrx_word' id='word_1_170' title='bbox 873 3163 1016 3257; x_wconf 86' lang='lat' dir='ltr'><strong>Suscipe</strong></span> <span class='ocrx_word' id='word_1_171' title='bbox 1044 3164 1208 3236; x_wconf 85' lang='lat' dir='ltr'><strong>sacrificia</strong></span> <span class='ocrx_word' id='word_1_172' title='bbox 1243 3185 1357 3235; x_wconf 87' lang='lat' dir='ltr'><strong>eorum</strong></span> <span class='ocrx_word' id='word_1_173' title='bbox 1389 3167 1423 3234; x_wconf 91' lang='lat' dir='ltr'><strong>in</strong></span> <span class='ocrx_word' id='word_1_174' title='bbox 1455 3161 1657 3256; x_wconf 88' lang='lat' dir='ltr'><strong>amplissima</strong></span> 
     </span>
     <span class='ocr_line' id='line_1_23' title="bbox 283 3277 1659 3372; baseline 0.002 -25"><span class='ocrx_word' id='word_1_175' title='bbox 283 3283 425 3371; x_wconf 84' lang='lat' dir='ltr'><strong>regione</strong></span> <span class='ocrx_word' id='word_1_176' title='bbox 452 3277 624 3350; x_wconf 88' lang='lat' dir='ltr'><strong>coelorum</strong></span> <span class='ocrx_word' id='word_1_177' title='bbox 651 3278 790 3350; x_wconf 90' lang='lat' dir='ltr'><strong>tuorum.</strong></span> <span class='ocrx_word' id='word_1_178' title='bbox 840 3277 1000 3350; x_wconf 88' lang='lat' dir='ltr'><strong>Retribue</strong></span> <span class='ocrx_word' id='word_1_179' title='bbox 1027 3277 1091 3352; x_wconf 91' lang='lat' dir='ltr'><strong>illis</strong></span> <span class='ocrx_word' id='word_1_180' title='bbox 1117 3278 1277 3351; x_wconf 81' lang='lat' dir='ltr'><strong>laetitiam</strong></span> <span class='ocrx_word' id='word_1_181' title='bbox 1304 3278 1436 3364; x_wconf 87' lang='lat' dir='ltr'><strong>salutis,</strong></span> <span class='ocrx_word' id='word_1_182' title='bbox 1464 3287 1497 3348; x_wconf 90' lang='lat' dir='ltr'><strong>et</strong></span> <span class='ocrx_word' id='word_1_183' title='bbox 1523 3289 1659 3372; x_wconf 90' lang='lat' dir='ltr'><strong>praesta</strong></span> 
     </span>
     <span class='ocr_line' id='line_1_24' title="bbox 282 3390 1657 3482; baseline 0 -18"><span class='ocrx_word' id='word_1_184' title='bbox 282 3393 345 3466; x_wconf 90' lang='lat' dir='ltr'><strong>illis</strong></span> <span class='ocrx_word' id='word_1_185' title='bbox 372 3393 529 3466; x_wconf 84' lang='lat' dir='ltr'><strong>auxilium</strong></span> <span class='ocrx_word' id='word_1_186' title='bbox 558 3418 577 3466; x_wconf 92' lang='lat' dir='ltr'><strong>a</strong></span> <span class='ocrx_word' id='word_1_187' title='bbox 604 3404 664 3465; x_wconf 79' lang='lat' dir='ltr'><strong>toz·</strong></span> <span class='ocrx_word' id='word_1_188' title='bbox 683 3392 808 3467; x_wconf 88' lang='lat' dir='ltr'><strong>robora</strong></span> <span class='ocrx_word' id='word_1_189' title='bbox 834 3392 910 3466; x_wconf 94' lang='lat' dir='ltr'><strong>illos</strong></span> <span class='ocrx_word' id='word_1_190' title='bbox 937 3395 1060 3465; x_wconf 88' lang='lat' dir='ltr'><strong>virtute</strong></span> <span class='ocrx_word' id='word_1_191' title='bbox 1087 3403 1155 3482; x_wconf 90' lang='lat' dir='ltr'><strong>tua,</strong></span> <span class='ocrx_word' id='word_1_192' title='bbox 1182 3402 1217 3464; x_wconf 90' lang='lat' dir='ltr'><strong>et</strong></span> <span class='ocrx_word' id='word_1_193' title='bbox 1243 3414 1336 3464; x_wconf 91' lang='lat' dir='ltr'><strong>arma</strong></span> <span class='ocrx_word' id='word_1_194' title='bbox 1363 3390 1439 3464; x_wconf 92' lang='lat' dir='ltr'><strong>illos</strong></span> <span class='ocrx_word' id='word_1_195' title='bbox 1465 3391 1657 3464; x_wconf 88' lang='lat' dir='ltr'><strong>fortitudine</strong></span> 
     </span>
     <span class='ocr_line' id='line_1_25' title="bbox 282 3507 1656 3605; baseline -0.001 -25"><span class='ocrx_word' id='word_1_196' title='bbox 282 3519 359 3600; x_wconf 87' lang='lat' dir='ltr'><strong>tua,</strong></span> <span class='ocrx_word' id='word_1_197' title='bbox 396 3513 472 3605; x_wconf 88' lang='lat' dir='ltr'><strong>quia</strong></span> <span class='ocrx_word' id='word_1_198' title='bbox 508 3520 541 3581; x_wconf 93' lang='lat' dir='ltr'><strong>tu</strong></span> <span class='ocrx_word' id='word_1_199' title='bbox 578 3531 615 3583; x_wconf 91' lang='lat' dir='ltr'><strong>es</strong></span> <span class='ocrx_word' id='word_1_200' title='bbox 651 3513 863 3598; x_wconf 85' lang='lat' dir='ltr'><strong>misericors,</strong></span> <span class='ocrx_word' id='word_1_201' title='bbox 897 3518 930 3581; x_wconf 85' lang='lat' dir='ltr'><strong>et</strong></span> <span class='ocrx_word' id='word_1_202' title='bbox 961 3509 1020 3582; x_wconf 92' lang='lat' dir='ltr'><strong>tibi</strong></span> <span class='ocrx_word' id='word_1_203' title='bbox 1055 3508 1198 3600; x_wconf 89' lang='lat' dir='ltr'><strong>gloriam</strong></span> <span class='ocrx_word' id='word_1_204' title='bbox 1230 3507 1427 3594; x_wconf 77' lang='lat' dir='ltr'><strong>referimus,</strong></span> <span class='ocrx_word' id='word_1_205' title='bbox 1465 3516 1498 3576; x_wconf 92' lang='lat' dir='ltr'><strong>et</strong></span> <span class='ocrx_word' id='word_1_206' title='bbox 1529 3510 1656 3599; x_wconf 90' lang='lat' dir='ltr'><strong>unige-</strong></span> 
     </span>
     <span class='ocr_line' id='line_1_26' title="bbox 285 3628 455 3714; baseline 0.006 -19"><span class='ocrx_word' id='word_1_207' title='bbox 285 3628 365 3714; x_wconf 91' lang='lat' dir='ltr'><strong>nito,</strong></span> <span class='ocrx_word' id='word_1_208' title='bbox 393 3635 455 3696; x_wconf 91' lang='lat' dir='ltr'><strong>etc.</strong></span> 
     </span>
    </p>

    <p class='ocr_par' dir='ltr' id='par_1_6' title="bbox 386 3741 721 3833">
     <span class='ocr_line' id='line_1_27' title="bbox 386 3741 721 3833; baseline 0 -23"><span class='ocrx_word' id='word_1_209' title='bbox 386 3741 548 3833; x_wconf 77' lang='lat' dir='ltr'><strong>Populea.</strong></span> <span class='ocrx_word' id='word_1_210' title='bbox 600 3741 721 3812; x_wconf 88' lang='lat' dir='ltr'><strong>Arnen.</strong></span> 
     </span>
    </p>

    <p class='ocr_par' dir='ltr' id='par_1_7' title="bbox 283 3853 1656 4296">
     <span class='ocr_line' id='line_1_28' title="bbox 384 3853 1654 3948; baseline -0.002 -20"><span class='ocrx_word' id='word_1_211' title='bbox 384 3856 560 3928; x_wconf 81' lang='lat' dir='ltr'><strong>Sacerdos</strong></span> <span class='ocrx_word' id='word_1_212' title='bbox 586 3856 776 3927; x_wconf 78' lang='lat' dir='ltr'><strong>inclinatur.</strong></span> <span class='ocrx_word' id='word_1_213' title='bbox 830 3855 998 3928; x_wconf 88' lang='lat' dir='ltr'><strong>Memento</strong></span> <span class='ocrx_word' id='word_1_214' title='bbox 1030 3857 1175 3928; x_wconf 93' lang='lat' dir='ltr'><strong>Domine</strong></span> <span class='ocrx_word' id='word_1_215' title='bbox 1208 3853 1339 3948; x_wconf 85' lang='lat' dir='ltr'><strong>Regum</strong></span> <span class='ocrx_word' id='word_1_216' title='bbox 1374 3866 1408 3927; x_wconf 93' lang='lat' dir='ltr'><strong>et</strong></span> <span class='ocrx_word' id='word_1_217' title='bbox 1438 3855 1654 3948; x_wconf 76' lang='lat' dir='ltr'><strong>Reginorum,</strong></span> 
     </span>
     <span class='ocr_line' id='line_1_29' title="bbox 284 3970 1656 4068; baseline -0.001 -25"><span class='ocrx_word' id='word_1_218' title='bbox 284 3974 337 4066; x_wconf 81' lang='lat' dir='ltr'><strong>qui</strong></span> <span class='ocrx_word' id='word_1_219' title='bbox 367 3995 485 4045; x_wconf 85' lang='lat' dir='ltr'><strong>veram</strong></span> <span class='ocrx_word' id='word_1_220' title='bbox 519 3971 715 4064; x_wconf 89' lang='lat' dir='ltr'><strong>religionem</strong></span> <span class='ocrx_word' id='word_1_221' title='bbox 750 3971 959 4068; x_wconf 86' lang='lat' dir='ltr'><strong>profitentur:</strong></span> <span class='ocrx_word' id='word_1_222' title='bbox 994 3971 1152 4043; x_wconf 84' lang='lat' dir='ltr'><strong>auxilium</strong></span> <span class='ocrx_word' id='word_1_223' title='bbox 1182 3970 1247 4044; x_wconf 89' lang='lat' dir='ltr'><strong>illis</strong></span> <span class='ocrx_word' id='word_1_224' title='bbox 1283 3971 1326 4044; x_wconf 89' lang='lat' dir='ltr'><strong>da</strong></span> <span class='ocrx_word' id='word_1_225' title='bbox 1358 3994 1421 4068; x_wconf 90' lang='lat' dir='ltr'><strong>per</strong></span> <span class='ocrx_word' id='word_1_226' title='bbox 1455 3982 1656 4043; x_wconf 88' lang='lat' dir='ltr'><strong>armaturam</strong></span> 
     </span>
     <span class='ocr_line' id='line_1_30' title="bbox 283 4086 1655 4184; baseline 0 -26"><span class='ocrx_word' id='word_1_227' title='bbox 283 4092 434 4184; x_wconf 86' lang='lat' dir='ltr'><strong>spiritus:</strong></span> <span class='ocrx_word' id='word_1_228' title='bbox 462 4109 578 4162; x_wconf 90' lang='lat' dir='ltr'><strong>omnes</strong></span> <span class='ocrx_word' id='word_1_229' title='bbox 606 4091 661 4183; x_wconf 87' lang='lat' dir='ltr'><strong>qui</strong></span> <span class='ocrx_word' id='word_1_230' title='bbox 686 4088 761 4160; x_wconf 93' lang='lat' dir='ltr'><strong>illos</strong></span> <span class='ocrx_word' id='word_1_231' title='bbox 790 4087 931 4161; x_wconf 86' lang='lat' dir='ltr'><strong>odenmt</strong></span> <span class='ocrx_word' id='word_1_232' title='bbox 958 4086 1085 4181; x_wconf 85' lang='lat' dir='ltr'><strong>subjice</strong></span> <span class='ocrx_word' id='word_1_233' title='bbox 1111 4086 1187 4176; x_wconf 84' lang='lat' dir='ltr'><strong>illis,</strong></span> <span class='ocrx_word' id='word_1_234' title='bbox 1214 4098 1249 4158; x_wconf 91' lang='lat' dir='ltr'><strong>ut</strong></span> <span class='ocrx_word' id='word_1_235' title='bbox 1276 4111 1338 4162; x_wconf 89' lang='lat' dir='ltr'><strong>uos</strong></span> <span class='ocrx_word' id='word_1_236' title='bbox 1361 4086 1568 4183; x_wconf 90' lang='lat' dir='ltr'><strong>tranquillam</strong></span> <span class='ocrx_word' id='word_1_237' title='bbox 1594 4091 1655 4158; x_wconf 85' lang='lat' dir='ltr'><strong>vi-</strong></span> 
     </span>
     <span class='ocr_line' id='line_1_31' title="bbox 284 4215 527 4296; baseline -0.004 -21"><span class='ocrx_word' id='word_1_238' title='bbox 284 4215 350 4276; x_wconf 90' lang='lat' dir='ltr'><strong>tam</strong></span> <span class='ocrx_word' id='word_1_239' title='bbox 377 4227 527 4296; x_wconf 84' lang='lat' dir='ltr'><strong>agamus.</strong></span> 
     </span>
    </p>

    <p class='ocr_par' dir='ltr' id='par_1_8' title="bbox 283 4316 1657 4531">
     <span class='ocr_line' id='line_1_32' title="bbox 385 4316 1656 4412; baseline -0.003 -20"><span class='ocrx_word' id='word_1_240' title='bbox 385 4321 535 4392; x_wconf 77' lang='lat' dir='ltr'><strong>Elorum</strong></span> <span class='ocrx_word' id='word_1_241' title='bbox 561 4342 687 4391; x_wconf 81' lang='lat' dir='ltr'><strong>vocem.</strong></span> <span class='ocrx_word' id='word_1_242' title='bbox 721 4319 807 4405; x_wconf 81' lang='lat' dir='ltr'><strong>Quia</strong></span> <span class='ocrx_word' id='word_1_243' title='bbox 834 4329 868 4392; x_wconf 87' lang='lat' dir='ltr'><strong>tu</strong></span> <span class='ocrx_word' id='word_1_244' title='bbox 895 4341 934 4392; x_wconf 92' lang='lat' dir='ltr'><strong>es</strong></span> <span class='ocrx_word' id='word_1_245' title='bbox 961 4317 1111 4391; x_wconf 87' lang='lat' dir='ltr'><strong>salvator</strong></span> <span class='ocrx_word' id='word_1_246' title='bbox 1129 4329 1162 4390; x_wconf 94' lang='lat' dir='ltr'><strong>et</strong></span> <span class='ocrx_word' id='word_1_247' title='bbox 1177 4316 1367 4404; x_wconf 74' lang='lat' dir='ltr'><strong>auxiliator,</strong></span> <span class='ocrx_word' id='word_1_248' title='bbox 1395 4316 1522 4412; x_wconf 80' lang='lat' dir='ltr'><strong>dasque</strong></span> <span class='ocrx_word' id='word_1_249' title='bbox 1539 4321 1656 4389; x_wconf 90' lang='lat' dir='ltr'><strong>victo·-</strong></span> 
     </span>
     <span class='ocr_line' id='line_1_33' title="bbox 283 4432 1657 4531; baseline -0.001 -25"><span class='ocrx_word' id='word_1_250' title='bbox 283 4439 365 4509; x_wconf 92' lang='lat' dir='ltr'><strong>riam</strong></span> <span class='ocrx_word' id='word_1_251' title='bbox 392 4434 545 4510; x_wconf 89' lang='lat' dir='ltr'><strong>omnibus</strong></span> <span class='ocrx_word' id='word_1_252' title='bbox 573 4439 628 4531; x_wconf 90' lang='lat' dir='ltr'><strong>qui</strong></span> <span class='ocrx_word' id='word_1_253' title='bbox 655 4445 793 4531; x_wconf 88' lang='lat' dir='ltr'><strong>sperant</strong></span> <span class='ocrx_word' id='word_1_254' title='bbox 817 4437 848 4505; x_wconf 92' lang='lat' dir='ltr'><strong>in</strong></span> <span class='ocrx_word' id='word_1_255' title='bbox 878 4444 924 4527; x_wconf 86' lang='lat' dir='ltr'><strong>te,</strong></span> <span class='ocrx_word' id='word_1_256' title='bbox 950 4437 1113 4523; x_wconf 89' lang='lat' dir='ltr'><strong>Domine,</strong></span> <span class='ocrx_word' id='word_1_257' title='bbox 1149 4434 1273 4529; x_wconf 87' lang='lat' dir='ltr'><strong>tibique</strong></span> <span class='ocrx_word' id='word_1_258' title='bbox 1310 4432 1449 4525; x_wconf 89' lang='lat' dir='ltr'><strong>gloriam</strong></span> <span class='ocrx_word' id='word_1_259' title='bbox 1482 4432 1657 4505; x_wconf 83' lang='lat' dir='ltr'><strong>referimus</strong></span> 
     </span>
    </p>
   </div>
   <div class='ocr_carea' id='block_1_3' title="bbox 284 4555 615 4644">
    <p class='ocr_par' dir='ltr' id='par_1_9' title="bbox 284 4555 615 4644">
     <span class='ocr_line' id='line_1_34' title="bbox 284 4555 615 4644; baseline -0.006 -20"><span class='ocrx_word' id='word_1_260' title='bbox 284 4563 316 4624; x_wconf 88' lang='lat' dir='ltr'><strong>et</strong></span> <span class='ocrx_word' id='word_1_261' title='bbox 340 4555 526 4644; x_wconf 86' lang='lat' dir='ltr'><strong>unigenito,</strong></span> <span class='ocrx_word' id='word_1_262' title='bbox 553 4561 615 4624; x_wconf 85' lang='lat' dir='ltr'><strong>etc.</strong></span> 
     </span>
    </p>
   </div>
   <div class='ocr_carea' id='block_1_4' title="bbox 385 4669 1657 4878">
    <p class='ocr_par' dir='ltr' id='par_1_10' title="bbox 385 4669 1657 4878">
     <span class='ocr_line' id='line_1_35' title="bbox 385 4669 722 4762; baseline -0.006 -22"><span class='ocrx_word' id='word_1_263' title='bbox 385 4669 547 4762; x_wconf 74' lang='lat' dir='ltr'><strong>Populus.</strong></span> <span class='ocrx_word' id='word_1_264' title='bbox 602 4670 722 4741; x_wconf 83' lang='lat' dir='ltr'><strong>Amen.</strong></span> 
     </span>
     <span class='ocr_line' id='line_1_36' title="bbox 385 4783 1657 4878; baseline -0.003 -22"><span class='ocrx_word' id='word_1_265' title='bbox 385 4783 562 4856; x_wconf 77' lang='lat' dir='ltr'><strong>Sacerdos</strong></span> <span class='ocrx_word' id='word_1_266' title='bbox 588 4784 780 4855; x_wconf 79' lang='lat' dir='ltr'><strong>inclinatur.</strong></span> <span class='ocrx_word' id='word_1_267' title='bbox 835 4783 1109 4878; x_wconf 83' lang='lat' dir='ltr'><strong>Quandoquidem</strong></span> <span class='ocrx_word' id='word_1_268' title='bbox 1136 4792 1171 4853; x_wconf 95' lang='lat' dir='ltr'><strong>tu</strong></span> <span class='ocrx_word' id='word_1_269' title='bbox 1197 4785 1353 4854; x_wconf 88' lang='lat' dir='ltr'><strong>vivorum</strong></span> <span class='ocrx_word' id='word_1_270' title='bbox 1387 4791 1420 4852; x_wconf 87' lang='lat' dir='ltr'><strong>et</strong></span> <span class='ocrx_word' id='word_1_271' title='bbox 1454 4790 1657 4853; x_wconf 92' lang='lat' dir='ltr'><strong>mortuorum</strong></span> 
     </span>
    </p>
   </div>
   <div class='ocr_carea' id='block_1_5' title="bbox 282 4895 1657 5226">
    <p class='ocr_par' dir='ltr' id='par_1_11' title="bbox 282 4895 1657 5226">
     <span class='ocr_line' id='line_1_37' title="bbox 285 4895 1657 4993; baseline -0.003 -23"><span class='ocrx_word' id='word_1_272' title='bbox 285 4899 485 4990; x_wconf 88' lang='lat' dir='ltr'><strong>dominaris,</strong></span> <span class='ocrx_word' id='word_1_273' title='bbox 511 4910 678 4973; x_wconf 89' lang='lat' dir='ltr'><strong>memento</strong></span> <span class='ocrx_word' id='word_1_274' title='bbox 705 4900 840 4972; x_wconf 88' lang='lat' dir='ltr'><strong>Patrum</strong></span> <span class='ocrx_word' id='word_1_275' title='bbox 867 4909 1078 4988; x_wconf 86' lang='lat' dir='ltr'><strong>sanctorum,</strong></span> <span class='ocrx_word' id='word_1_276' title='bbox 1109 4897 1371 4993; x_wconf 87' lang='lat' dir='ltr'><strong>Prophetarum,</strong></span> <span class='ocrx_word' id='word_1_277' title='bbox 1405 4895 1657 4993; x_wconf 86' lang='lat' dir='ltr'><strong>Apostolorum,</strong></span> 
     </span>
     <span class='ocr_line' id='line_1_38' title="bbox 282 5013 1656 5111; baseline -0.005 -21"><span class='ocrx_word' id='word_1_278' title='bbox 282 5015 472 5111; x_wconf 77' lang='lat' dir='ltr'><strong>virginum,</strong></span> <span class='ocrx_word' id='word_1_279' title='bbox 506 5016 685 5090; x_wconf 84' lang='lat' dir='ltr'><strong>Genitricis</strong></span> <span class='ocrx_word' id='word_1_280' title='bbox 719 5016 803 5108; x_wconf 88' lang='lat' dir='ltr'><strong>Dei,</strong></span> <span class='ocrx_word' id='word_1_281' title='bbox 836 5017 976 5090; x_wconf 80' lang='lat' dir='ltr'><strong>loannis</strong></span> <span class='ocrx_word' id='word_1_282' title='bbox 1014 5015 1201 5110; x_wconf 80' lang='lat' dir='ltr'><strong>baptistae,</strong></span> <span class='ocrx_word' id='word_1_283' title='bbox 1241 5013 1417 5109; x_wconf 87' lang='lat' dir='ltr'><strong>Stephani,</strong></span> <span class='ocrx_word' id='word_1_284' title='bbox 1458 5013 1656 5106; x_wconf 75' lang='lat' dir='ltr'><strong>Martyrum,</strong></span> 
     </span>
     <span class='ocr_line' id='line_1_39' title="bbox 283 5133 795 5226; baseline -0.006 -20"><span class='ocrx_word' id='word_1_285' title='bbox 283 5133 379 5206; x_wconf 85' lang='lat' dir='ltr'><strong>simul</strong></span> <span class='ocrx_word' id='word_1_286' title='bbox 405 5155 481 5206; x_wconf 90' lang='lat' dir='ltr'><strong>cum</strong></span> <span class='ocrx_word' id='word_1_287' title='bbox 507 5133 662 5206; x_wconf 87' lang='lat' dir='ltr'><strong>omnibns</strong></span> <span class='ocrx_word' id='word_1_288' title='bbox 686 5135 795 5226; x_wconf 86' lang='lat' dir='ltr'><strong>justis.</strong></span> 
     </span>
    </p>
   </div>
   <div class='ocr_carea' id='block_1_6' title="bbox 0 0 2368 6023">
    <p class='ocr_par' dir='ltr' id='par_1_12' title="bbox 0 0 2368 6023">
     <span class='ocr_line' id='line_1_40' title="bbox 0 0 2368 6023; baseline 0 0"><span class='ocrx_word' id='word_1_289' title='bbox 0 0 2368 6023; x_wconf 95' lang='lat' dir='ltr'><strong> </strong></span> 
     </span>
    </p>
   </div>
  </div>
 </body>
</html>
