4730 6038
742 620 788 724 ιιιΙ
818 644 1071 724 ιιιιιιιιιιιιι
1102 633 1354 723 ιιιιιοιιιιιι.
1655 633 1730 720 eor

363 833 401 896 de
424 830 482 895 lide
504 825 641 910 Petrum,
673 838 705 894 et
727 849 745 893 a
766 830 919 913 plerisque
942 830 1006 893 aliis
1028 830 1189 894 Jacobitis:
1217 831 1307 893 multa
1330 830 1408 892 enim
1431 829 1553 911 scripsit
1576 827 1654 912 Syra
1676 848 1732 894 sua

362 932 474 1018 lingula.
519 931 610 994 Extat
637 933 710 994 satis
732 933 862 1012 spissum
883 930 1023 993 volumen
1046 931 1111 1012 ejus
1134 928 1308 992 Orationem
1330 929 1470 1011 Syriacus
1494 931 1524 991 in
1545 929 1731 993 Bibliotheca

362 1029 576 1114 Seguieriana,
606 1031 744 1111 antiquus
767 1038 797 1092 et
819 1031 916 1093 bonae
937 1037 1044 1109 notae,
1068 1029 1123 1092 sed
1145 1028 1228 1091 lacer
1257 1037 1288 1091 et
1314 1030 1393 1092 male
1420 1028 1554 1108 habitus,
1585 1029 1616 1090 in
1646 1030 1731 1112 cujus

362 1129 456 1193 titudis
478 1130 593 1194 Xenaia
616 1146 738 1210 quoque
760 1129 938 1210 appellatur.
982 1128 1098 1191 Nomen
1120 1127 1199 1190 istud
1221 1129 1375 1190 Persicum
1397 1146 1458 1191 non
1481 1135 1543 1202 est,
1566 1136 1599 1191 ut
1622 1131 1731 1192 existi-

362 1232 453 1294 mavit
474 1229 678 1311 Nicephorus,
701 1228 755 1291 sed
780 1228 935 1310 Syriacum
958 1246 997 1290 ex
1019 1227 1137 1290 Graeco
1159 1221 1259 1301 Ξένος
1281 1228 1455 1306 formatum,
1479 1228 1559 1310 quod
1581 1228 1731 1311 hospitem

362 1336 393 1392 et
416 1336 594 1392 extranaeum
616 1329 765 1413 significat
787 1330 883 1410 magis
906 1335 1020 1406 tamen,
1051 1327 1129 1389 hunc
1151 1335 1182 1389 et
1203 1329 1415 1411 peregrinum,
1439 1346 1528 1409 quam
1550 1329 1600 1408 qui
1622 1327 1731 1407 hospi-

345 1429 503 1491 talitatem
518 1436 659 1491 exercet:
683 1429 817 1508 mamvis
830 1427 936 1489 Petrus
950 1426 1111 1509 Gnapheus
1133 1424 1249 1490 Graece
1263 1426 1458 1490 Philoxenum
1481 1427 1562 1489 illum
1584 1425 1731 1508 appellari

361 1527 506 1590 maluerit.
550 1528 618 1590 Puit
647 1535 745 1590 autem
774 1525 945 1608 Episcopus
977 1525 1189 1606 llierapoleos,
1221 1545 1310 1609 quam
1341 1526 1446 1589 urbem
1476 1526 1545 1608 Syri
1572 1525 1731 1605 Mubocqe,

360 1625 480 1690 Arabes
508 1627 643 1708 llmtbipe
671 1634 789 1689 vocant.
833 1625 879 1688 De
913 1626 1018 1689 eadem
1046 1625 1121 1688 urbe
1152 1625 1243 1688 madta
1264 1627 1406 1710 leguntur
1428 1625 1507 1710 apud
1530 1624 1730 1709 Geographos

361 1724 491 1804 Arabes,
506 1725 696 1805 hbulledam,
708 1727 852 1788 locutum
864 1731 895 1788 et
907 1724 992 1803 alios,
1009 1744 1049 1786 ex
1069 1725 1176 1806 quibus
1200 1725 1428 1789 observationes
1450 1724 1583 1789 eruditas
1607 1724 1731 1807 collegit

361 1825 410 1887 vir
431 1824 620 1888 doctissimas
642 1824 774 1889 lacobus
799 1825 902 1889 Golius
925 1826 956 1887 in
979 1823 1199 1889 Commentario
1222 1825 1259 1887 ad
1282 1825 1491 1908 Allraganum,
1514 1842 1589 1905 quas
1612 1841 1729 1887 consu·
1800 1850 1807 1867 ·
1879 1846 1888 1866 ·

273 1967 276 1970 -
361 1923 426 1986 lere
450 1924 578 2005 quisque
601 1932 711 2006 potest.

448 2022 486 2086 Ut
516 2041 610 2106 porro
640 2043 705 2087 rem
735 2031 869 2086 nostram
898 2041 1022 2109 agamus
1056 2022 1131 2085 haec
1153 2024 1287 2106 Liturgia
1311 2031 1394 2086 extat
1415 2024 1446 2085 in
1469 2023 1582 2104 aliquot
1603 2023 1729 2084 vetustis

361 2121 598 2203 exemplaribus,
621 2121 786 2204 praecipue
808 2123 838 2184 in
862 2121 1158 2188 Colbertino39220.
1203 2122 1236 2185 ln
1258 2123 1358 2184 multis
1381 2122 1457 2201 aliis,
1479 2141 1539 2186 uno
1553 2121 1728 2186 Colbertino
1835 2137 1839 2146 ’

361 2219 471 2284 39210.
496 2222 713 2305 Seguierianis‚
735 2228 767 2284 et
784 2222 860 2300 aliis,
882 2224 1034 2304 reperitur
1048 2222 1182 2304 ejusdem
1205 2223 1281 2286 tituli
1303 2239 1372 2300 una,
1395 2222 1448 2285 sed
1462 2221 1729 2304 penitusdiversa:

362 2337 448 2400 quam
471 2321 672 2401 subjiciemus.
718 2322 819 2384 Tertia
842 2339 962 2403 quoque
983 2323 1116 2385 occurrit
1139 2323 1170 2384 in
1193 2320 1306 2386 Codice
1330 2321 1543 2405 Seguieriano,
1573 2321 1729 2385 Philoxeni

360 2419 505 2502 Episcopi
525 2419 742 2504 Bagdadensis,
764 2421 803 2484 de
825 2440 883 2503 qua
905 2439 961 2485 suo
983 2422 1053 2486 loco
1076 2418 1201 2484 dicetur.

691 2733 727 2806 2.
774 2733 897 2807 Volcae
919 2739 1091 2828 perficere
1116 2733 1258 2807 Pascha
1283 2732 1402 2829 lepole.

471 2925 550 3003 loun
571 2936 684 3020 legitur
705 2937 735 2999 in
758 2938 871 3019 aliquot
894 2938 959 3002 aliis
981 2937 1221 3015 recentioribus,
1250 2944 1282 3000 ut
1305 2937 1335 2998 in
1357 2936 1552 3017 praecedenti
1575 2955 1615 2999 ex
1637 2953 1730 2998 eom-

361 3043 442 3104 muni
453 3041 623 3120 traditione,
645 3058 722 3123 quae
737 3049 836 3105 tamen
857 3042 1020 3123 plerasque
1041 3043 1175 3106 rationes
1190 3039 1376 3104 Graecorum
1391 3037 1429 3100 ad
1449 3036 1619 3101 fermentati
1640 3039 1728 3118 panis

362 3141 572 3204 necessitatem
595 3141 799 3204 stabiliendam
823 3143 943 3204 omnino
966 3140 1155 3205 conturbant.
1195 3140 1269 3203 llam
1292 3141 1317 3202 si
1340 3140 1370 3202 in
1393 3137 1497 3202 Coena
1519 3136 1654 3200 Paschali
1679 3145 1730 3200 aut
1845 3125 1849 3130 ’

362 3249 431 3322 post
453 3258 519 3303 eam
540 3240 637 3302 statim
659 3238 865 3304 Eucharistiae
888 3238 1111 3303 Sacramentum
1131 3240 1297 3301 institutum
1319 3246 1383 3314 est,
1411 3255 1449 3301 eo
1479 3254 1557 3317 pane
1581 3234 1729 3298 Christum

363 3360 449 3404 usum
472 3340 564 3403 luisse
587 3341 638 3420 qui
659 3339 688 3401 in
711 3357 816 3403 mensa
836 3339 924 3416 foret,
946 3347 977 3402 et
999 3340 1095 3420 quiin
1115 3357 1150 3402 ea
1169 3338 1318 3400 adhibitus
1333 3336 1442 3415 luerat,
1465 3335 1628 3399 verisimile
1648 3353 1729 3410 esse,

362 3439 459 3503 Latini
486 3456 547 3502 non
576 3441 678 3521 pauci,
712 3441 839 3502 maxime
867 3447 990 3501 veteres
1016 3456 1114 3520 prope
1145 3455 1249 3500 omnes
1280 3455 1346 3499 cum
1382 3436 1506 3524 Crassis
1541 3434 1728 3514 disputantes

362 3546 539 3602 statuerunt.
584 3538 655 3602 lnde
687 3538 795 3602 lactum
826 3547 858 3601 ut
887 3557 927 3601 ex
956 3538 1021 3600 istis
1053 3537 1187 3599 nonnulli
1218 3534 1366 3599 Christum
1396 3534 1510 3597 Pascha
1539 3533 1639 3617 legale
1669 3553 1729 3596 non

363 3637 537 3700 celebrasse
566 3637 792 3700 contenderint:
822 3656 949 3721 quorum
977 3636 1053 3699 duos
1083 3644 1223 3699 recenset
1251 3637 1372 3699 Photius
1399 3636 1430 3698 in
1451 3632 1636 3695 bibliotheca
1658 3651 1728 3696 sua:
1774 3633 1836 3709 ω,
1865 3657 1925 3708 115.
1951 3666 1974 3708 α
1991 3656 2053 3711 116.

363 3743 394 3800 et
416 3743 520 3800 extant
541 3736 654 3819 aliquot
678 3736 844 3820 fragmenta
867 3736 1081 3819 opusculorum
1107 3735 1145 3798 de
1175 3733 1281 3800 eodem
1303 3741 1481 3818 argumento
1504 3735 1535 3797 in
1557 3735 1649 3796 variis
1673 3751 1729 3796 co-
1776 3739 1890 3790 hemlee.
1909 3743 1964 3795 ait.
1980 3742 2052 3796 caes.

362 3835 479 3898 dicibus
500 3837 571 3899 hlss.
608 3837 689 3901 lnter
711 3834 881 3900 Orientales
906 3836 1098 3918 Theologos,
1125 3837 1175 3918 qui
1203 3836 1234 3898 in
1255 3854 1292 3899 ea
1315 3835 1463 3898 sententia
1485 3833 1612 3907 luerint,
1642 3832 1731 3914 pauci
1755 3825 1815 3880 Η·
1830 3846 1857 3898 ι’·
1872 3829 1917 3880 ³7·

362 3935 563 4016 reperiuntur.

494 4230 529 4300 3.
571 4227 661 4315 ocia
688 4229 841 4302 Chrismo
869 4238 959 4302 loom
983 4237 1135 4304 suacium
1160 4233 1327 4325 sipnulom
1353 4233 1389 4300 in
1414 4229 1514 4302 uobis
1541 4235 1600 4301 est.

453 4422 570 4501 Manen
592 4452 654 4498 vox
677 4434 792 4498 Graeca
816 4443 863 4498 est
886 4451 958 4497 usus
979 4433 1197 4511 Ecclesiastici,
1220 4429 1308 4514 mam
1331 4433 1408 4515 Syri,
1431 4434 1559 4497 Arabes·
1572 4440 1602 4496 et
1618 4432 1731 4496 Orien-

362 4539 440 4602 tales
462 4537 570 4619 reliqui
591 4555 674 4601 suam
695 4538 844 4618 lecerunt,
868 4539 906 4602 ad
928 4537 1153 4621 significandum
1177 4537 1324 4616 Chrisma,
1347 4552 1407 4617 quo
1425 4537 1563 4618 baptisati
1576 4536 1607 4598 in
1628 4533 1729 4599 fronte

363 4639 527 4720 signantur.
573 4639 738 4722 Praecipue
759 4657 834 4703 vero
858 4639 939 4720 apud
961 4637 1092 4701 Orientis
1113 4636 1267 4702 Ecclesias
1290 4655 1326 4700 ea
1355 4655 1432 4700 voce
1462 4635 1648 4720 significatur
1670 4635 1730 4700 Sa-

363 4744 546 4801 cramentum
569 4736 826 4820 Conlirmationis,
856 4747 889 4802 ut
919 4740 950 4801 in
978 4737 1083 4800 Latina
1105 4738 1283 4820 appellatur.
1329 4736 1404 4802 Cum
1426 4755 1501 4801 vero
1524 4738 1611 4800 simul
1633 4740 1730 4803 admi·
1804 4763 1811 4778 ·

362 4836 485 4900 nistrari
507 4855 573 4901 cum
594 4837 777 4919 Baptismate
799 4837 912 4919 soleat,
942 4855 999 4919 per
1027 4844 1123 4901 totum
1137 4835 1319 4914 ,Orientem
1349 4844 1382 4899 ut
1412 4837 1482 4900 olim
1511 4839 1541 4900 in
1564 4838 1729 4902 Occidente

363 4955 429 5000 mos
451 4935 516 5016 luit,
540 4936 659 5018 quando
681 4937 850 5020 Episcopus
872 4937 987 5017 aderat,
1010 4938 1092 5000 multi
1114 4945 1229 5000 temere
1253 4936 1387 5000 Graecos
1411 4945 1441 4999 et
1461 4937 1595 5018 reliquos
1615 4938 1729 5002 Orien-

362 5033 439 5098 tales
452 5033 648 5118 Christianos,
672 5036 933 5101 Conlirmationem
947 5054 1117 5118 agnoscere
1137 5045 1277 5119 tanquam
1291 5055 1390 5102 novae
1404 5037 1482 5121 legis
1494 5035 1727 5118 Sacramentum,

362 5143 567 5217 negaverunt,
591 5153 629 5200 eo
652 5137 762 5220 magis,
791 5135 872 5219 quod
894 5155 912 5199 a
932 5135 1123 5220 Presbyteris
1146 5137 1226 5219 apud
1247 5138 1315 5202 illos
1338 5137 1575 5219 administratur,
1605 5155 1667 5201 non
1695 5146 1729 5201 ut

401 5260 523 5305 rmmu.
1470 5241 1520 5316 42
