4728 6028
615 525 668 602 IN
699 523 992 602 titubatus
1025 521 1305 602 tantatus.
1569 521 1643 600 119

282 699 388 791 τούτῳ
416 705 462 791 τῷ
488 694 740 795 λειτουργήματα
766 701 1121 796 προηυτρεπισθιντος,
1158 698 1206 782 εἷς
1239 695 1278 770 mi
1307 698 1416 787 στόμα
1444 696 1646 792 ἐμβάλλεται

281 809 350 882 τοῖς
371 806 505 882 letheis.
548 807 614 870 Hoc
635 813 734 870 amera
755 807 887 880 (scilicet
909 807 1123 870 communionis
1146 805 1330 884 distributio]
1353 810 1436 889 apud
1454 828 1511 872 nos
1533 808 1646 872 Οτιιιι-

282 909 358 972 tales
375 909 541 988 praeclaro
563 908 669 969 ordine
688 907 731 985 fit,
754 906 837 986 apud
862 925 937 986 quos
968 906 1154 968 Sacerdotes
1182 925 1249 968 cam
1270 906 1432 988 Pantitae,
1461 909 1510 970 oet
1537 926 1573 970 eo
1595 909 1647 988 qui

281 1009 379 1071 ιοτιιιιι
400 1007 496 1085 ipsius
518 1013 605 1081 tenet,
626 1006 758 1086 inpressi
777 1005 820 1067 ud
841 1006 949 1082 altare,
971 1008 1045 1080 sice,
1067 1005 1148 1086 quod
1162 1007 1242 1066 idem
1264 1013 1318 1082 est,
1340 1010 1559 1084 sanemarium,
1581 1009 1645 1070 siae

283 1125 406 1169 coeman
427 1102 532 1181 Benau,
559 1106 660 1166 sacris
690 1106 794 1166 ammte·
820 1104 967 1183 vestibus,
998 1105 1068 1166 duaa
1097 1122 1190 1166 sacro
1212 1107 1377 1168 ministerio
1405 1107 1481 1169 dant
1509 1125 1645 1187 operam,

280 1207 430 1288 porreeh's
451 1203 590 1266 munimus
611 1206 763 1284 accipiunt
784 1221 895 1282 eorpus
917 1202 1040 1279 Christi,
1062 1203 1170 1264 ddnde
1196 1203 1287 1264 labra
1309 1222 1401 1267 sacro
1422 1206 1514 1268 calici
1535 1207 1646 1268 udma-

282 1312 395 1380 ventes,
418 1306 593 1384 sanpuinem
615 1303 776 1365 hauriunt:
802 1303 858 1364 sed
883 1303 960 1364 bueo
981 1301 1069 1364 ambo
1090 1304 1267 1380 conpuncta,
1295 1304 1487 1367 instrumento
1515 1305 1645 1385 prodam

283 1403 326 1464 ad
351 1404 410 1465 hoc
438 1405 644 1478 ministerium,
667 1403 810 1464 commemo
837 1403 1075 1479 accommodato,
1097 1399 1203 1462 Laicis
1224 1405 1257 1463 ia
1277 1418 1314 1464 os
1334 1393 1517 1482 inornantur.
1562 1403 1644 1466 Haec

283 1500 434 1579 bleletius,
458 1503 508 1582 qui
530 1501 602 1562 nihil
624 1500 713 1562 habet
736 1499 816 1586 quod
839 1498 962 1562 Graecis
978 1498 1239 1580 Orientalibusque
1261 1499 1402 1583 Liturgiis
1426 1509 1456 1564 et
1478 1501 1643 1566 Ritualihus

282 1617 343 1663 non
366 1601 567 1665 confirmetur.
1591 1651 1594 1660 .

370 1700 416 1764 De
439 1701 490 1764 illo
513 1701 572 1763 ritu
594 1699 815 1764 Sacramentum
845 1696 1050 1774 distribuendi,
1073 1715 1111 1760 ne
1134 1695 1259 1759 verbum
1288 1697 1408 1778 quidem
1429 1715 1446 1758 a
1469 1699 1644 1764 Proteslan-
1690 1690 1729 1746 ⁰0
1753 1707 1786 1745 ⁰⁰
1803 1693 1852 1744 ‘³⁸¹¹
1871 1689 1963 1745 Ρῐθιθ·

284 1798 374 1878 tibus,
397 1800 428 1861 iu
449 1808 495 1862 tot
517 1800 555 1862 de
578 1798 793 1863 Communione
814 1795 870 1860 sub
894 1803 1020 1876 utraque
1042 1795 1145 1876 specie
1167 1797 1385 1859 commentariis
1408 1796 1474 1860 lieri
1496 1797 1642 1875 videmus,
1655 1786 1750 1832 '‘⁸¹¹⁸‘’
1767 1778 1897 1832 siluarum

284 1899 353 1980 quia
382 1898 497 1962 scilicet
522 1898 658 1961 ritualem
688 1897 767 1960 illam
794 1895 965 1970 materiam,
1003 1895 1091 1956 etiam
1121 1893 1283 1958 doctissimi
1312 1897 1389 1960 inter
1420 1895 1488 1958 illos
1516 1913 1643 1977 prorsus

284 1998 512 2080 ignoraverunt.
555 1998 705 2074 Attamen,
735 2003 768 2057 ut
796 1994 865 2058 alibi
894 1993 989 2057 lusius
1018 1992 1219 2068 ostendimus,
1249 1995 1325 2058 haec
1356 1993 1511 2076 disciplina
1539 2013 1642 2059 ornnes

283 2096 402 2160 illorum
425 2096 462 2159 ale
485 2096 588 2159 calicis
610 2095 731 2159 bibendi
753 2096 932 2158 necessitate
954 2095 1226 2176 argumentationes
1249 2091 1379 2156 funditus
1401 2095 1644 2178 eventumque

286 2198 364 2258 enim
387 2195 510 2259 calicem
531 2195 635 2258 bibere
658 2194 826 2258 censendus
849 2200 911 2270 est,
938 2193 989 2273 qui
1018 2193 1165 2255 minimam
1192 2193 1368 2273 particulam
1394 2195 1547 2256 intinctam
1574 2195 1643 2258 vino
1672 2205 1744 2261 Bona
1760 2209 1854 2260 man
1870 2209 1961 2278 may.

285 2302 476 2374 consecrato,
500 2295 607 2375 accipit
629 2296 659 2356 in
681 2293 840 2356 cochleari.
884 2292 956 2355 Inde
985 2290 1103 2369 lactum,
1126 2299 1159 2354 ut
1180 2293 1285 2369 etima,
1315 2311 1382 2356 cum
1408 2295 1487 2357 inter
1510 2293 1673 2358 darnoli-t
1690 2296 1716 2347 2.
1735 2312 1757 2346 ⁶·
1777 2295 1820 2348 18.

286 2411 350 2472 cos,
374 2394 454 2476 quod
477 2393 635 2476 aliquando
660 2393 796 2475 contigit,
819 2391 857 2455 de
885 2392 1007 2454 intincta
1038 2392 1246 2455 communione
1268 2393 1406 2457 diversae
1429 2391 1548 2457 luerunt
1569 2413 1645 2458 sen·

284 2495 415 2557 tentiae:
438 2495 545 2576 quibus
567 2494 616 2558 illa
639 2511 698 2556 non
721 2493 793 2554 satis
816 2490 1010 2573 probabatur,
1032 2489 1140 2554 eodem
1168 2501 1343 2574 argumento
1366 2501 1549 2575 pugnarent5
1572 2499 1643 2558 'cum

284 2593 325 2656 ita
347 2593 470 2656 calicem
493 2594 610 2657 Domini
639 2592 699 2654 bibi
727 2597 884 2672 negarent.
929 2589 1164 2654 Consentiehant
1185 2599 1302 2670 tamen,
1331 2594 1361 2654 in
1388 2601 1514 2676 utraque
1540 2595 1643 2675 specie

285 2709 396 2773 corpus
420 2701 450 2756 et
472 2693 648 2776 sanguinem
663 2689 774 2753 Christi
795 2708 869 2752 vere
893 2678 1052 2752 contineri:
1074 2707 1175 2770 neque
1196 2698 1310 2753 tantum
1332 2691 1370 2754 de
1390 2710 1426 2754 re
1447 2695 1523 2775 ipsa,
1546 2711 1645 2774 qnan-

285 2798 345 2852 tum
369 2792 407 2854 de
430 2791 641 2854 caeremoniali
662 2794 826 2872 praecepto
850 2789 999 2850 contentio
1021 2791 1099 2850 inter
1121 2790 1189 2854 illos
1212 2797 1284 2853 erat
1320 2790 1424 2854 Nullus
1447 2793 1524 2855 enim
1546 2811 1644 2878 nega-

285 2890 336 2953 bat
358 2893 480 2953 intincta
503 2891 710 2954 communione
722 2888 818 2968 accipi
829 2906 934 2950 verum
950 2904 1061 2969 corpus
1075 2888 1196 2965 Christi,
1219 2889 1273 2952 scd
1287 2889 1344 2952 rite
1359 2888 1389 2952 id
1411 2891 1477 2954 heri
1497 2892 1644 2974 aliquibus

284 3008 345 3052 non
368 2989 535 3065 videbatur,
557 2990 625 3071 quia
649 3008 688 3051 ex
710 2986 843 3050 instituto
871 2984 981 3049 Christi
1011 2986 1089 3049 mlix
1117 3005 1154 3050 eo
1184 2988 1272 3052 modo
1301 2987 1363 3052 bibi
1390 3007 1450 3052 non
1477 2991 1643 3056 videbatur.

284 3089 492 3152 Proteslantes
514 3107 588 3151 vero
610 3095 723 3169 negant
746 3104 857 3167 corpus
879 3093 928 3148 aut
951 3087 1261 3170 sanguinemsuseipi,
1285 3090 1342 3152 nisi
1365 3090 1450 3170 panis
1473 3090 1590 3170 edatur,
1613 3099 1645 3155 et

286 3188 365 3252 calix
388 3189 515 3267 bibatur,
538 3187 618 3270 quod
631 3186 832 3250 Orientalibus
855 3203 1003 3267 nunquam
1026 3187 1055 3248 in
1071 3189 1303 3266 mentemvcnit,
1326 3197 1358 3251 ut
1380 3208 1420 3251 ex
1441 3197 1503 3251 tota
1526 3190 1643 3253 illorum

286 3287 442 3371 disciplina
465 3285 650 3351 manifestum
673 3293 729 3350 est.
779 3285 846 3348 Non
877 3286 968 3367 igitur
993 3284 1073 3347 illam
1103 3304 1120 3348 a
1151 3284 1255 3349 Latina
1287 3287 1422 3350 Ecclesia
1452 3297 1644 3371 accepemnt,

287 3409 364 3471 quac
387 3387 483 3450 simile
505 3387 575 3450 nihil
599 3388 751 3463 observat,
774 3404 873 3466 neque
893 3385 1035 3465 Episcopi
1064 3393 1113 3447 aut
1136 3385 1332 3463 Sacerdotes,
1361 3387 1399 3449 de
1421 3387 1519 3451 Laicis
1549 3388 1643 3452 calice

286 3485 496 3550 delmudandis
519 3505 646 3568 unquam
670 3488 891 3568 cogitauerunt:
914 3502 1012 3564 neque
1032 3480 1113 3546 laici
1136 3483 1174 3547 de
1196 3485 1301 3566 injuria
1323 3493 1427 3549 contra
1450 3495 1643 3568 praeceptum

287 3587 396 3649 Christi
419 3585 476 3648 sibi
497 3584 576 3648 lacta
600 3587 697 3668 questi
721 3592 799 3663 sunt,
822 3602 888 3646 curn
911 3603 951 3646 ex
974 3585 1064 3646 certis
1087 3584 1263 3646 testimoniis
1285 3592 1403 3648 constet
1425 3603 1479 3648 eos
1502 3603 1561 3648 non
1584 3585 1643 3648 du-

287 3685 411 3758 bitasse.
428 3687 506 3765 ¹quin
529 3685 617 3748 etiam
638 3687 669 3746 in
691 3685 809 3746 minima
826 3683 971 3764 particula
984 3701 1094 3764 corpus
1116 3690 1148 3745 et
1169 3685 1292 3765 sanguis
1315 3684 1425 3748 Christi
1447 3686 1644 3748 contineren-

287 3794 345 3862 tur,
368 3793 400 3846 ut
422 3802 496 3864 prae
518 3783 582 3846 aliis
606 3793 748 3848 accurate
778 3783 940 3865 explicavit
961 3781 1191 3859 thmimensis,
1222 3791 1253 3846 et
1274 3784 1413 3867 reliquis,
1441 3787 1548 3866 quibus
1571 3803 1642 3848 cura

286 3885 428 3967 religiosa
456 3882 493 3946 ad
522 3882 739 3984 Eucharistiam
769 3883 1019 3960 distribuendam,
1048 3901 1144 3963 usque
1176 3881 1213 3944 ad
1246 3885 1377 3947 minimas
1407 3886 1641 3948 circumstantias

288 3983 491 4047 commendata
514 3991 569 4044 est.

373 4082 405 4144 ln
434 4081 653 4145 Commentario
683 4080 720 4144 ad
753 4081 916 4164 liturgiam
949 4080 1049 4144 basilii
1077 4079 1231 4163 Copticam
1259 4103 1299 4146 ex
1328 4083 1458 4164 Syriacis
1488 4083 1641 4146 autoribus
1706 4081 1902 4139 observationes
1926 4085 1959 4168 de

287 4181 429 4246 nonnulla
458 4181 631 4260 retulimus,
667 4189 700 4244 ut
729 4180 902 4263 disciplinae
930 4181 1092 4245 concordia
1122 4184 1216 4264 magis
1246 4182 1442 4246 elucesceret.
1489 4183 1642 4256 Quaedam
1654 4170 1775 4238 surorum
1793 4170 1933 4241 accipiam.

286 4289 385 4344 mmon
408 4278 466 4342 hoe
488 4280 556 4343 loco
577 4288 728 4362 repetere,
751 4297 810 4344 non
834 4281 936 4344 inutile
964 4289 1020 4360 est,
1043 4300 1108 4343 oum
1131 4280 1169 4342 ad
1190 4281 1354 4344 Ecclesiam
1384 4281 1535 4365 Syriacam
1564 4301 1642 4364 pro·

287 4382 353 4462 prio
383 4386 529 4461 spectent
579 4380 821 4460 Antiquissimum
849 4379 991 4443 habemus
1022 4399 1060 4442 ex
1089 4381 1167 4443 illius
1193 4381 1404 4444 Nomocanone
1432 4383 1641 4461 testimonium,

288 4479 355 4543 libri
377 4480 429 4560 qui
450 4478 589 4541 Hoacdoio
611 4480 786 4559 appellatur,
809 4481 866 4543 hoc
887 4487 945 4558 est,
968 4480 1104 4563 utvulgo
1120 4480 1290 4562 loquuntur,
1312 4481 1524 4561 directorium,
1547 4483 1642 4545 disci-

287 4579 386 4660 plinae
409 4580 597 4659 vetustioris,
629 4579 792 4643 secundum
820 4599 906 4661 quem
935 4581 976 4643 ita
1005 4579 1226 4661 praescribitur.
1276 4578 1438 4660 Postquam
1464 4590 1643 4662 aecepermt

288 4677 471 4742 Sacerdotes
492 4697 601 4758 eorpus
623 4677 744 4754 ennea
765 4681 810 4742 tta·
829 4681 953 4742 colicon
967 4679 1075 4756 bibent,
1097 4679 1348 4759 sibipneinor'cem
1369 4679 1526 4743 bibendum
1543 4699 1641 4761 prae-

289 4776 406 4853 bebant,
432 4786 539 4856 postea
567 4778 783 4844 saecularibus.
838 4779 953 4861 Nempe
982 4786 1053 4840 tunc
1087 4779 1197 4858 ubique
1226 4793 1288 4840 non
1316 4781 1412 4842 minus
1440 4782 1470 4843 in
1496 4781 1641 4846 Ecclesiis

289 4873 491 4940 Orientalibus
514 4896 601 4958 quam
624 4879 653 4939 in
676 4876 790 4955 Latina,
813 4879 890 4942 calix
920 4878 1055 4942 omnihus
1077 4876 1288 4960 praebebatur,
1310 4878 1389 4942 unde
1406 4881 1554 4962 sequitur,
1577 4883 1642 4945 Sa-

289 4975 405 5038 cerdoti
423 4995 484 5039 non
505 4978 575 5040 licet
594 4975 707 5058 absque
728 4979 823 5041 cauce
853 4997 963 5059 corpus
983 4985 1119 5042 sancmm
1140 4977 1290 5042 tribuere:
1319 4981 1375 5042 red
1399 4981 1429 5042 si
1445 4983 1517 5062 fieri
1532 4990 1639 5062 potest,
