<?xml version="1.0" encoding="UTF-8"?>
<!DOCTYPE html PUBLIC "-//W3C//DTD XHTML 1.0 Transitional//EN"
    "http://www.w3.org/TR/xhtml1/DTD/xhtml1-transitional.dtd">
<html xmlns="http://www.w3.org/1999/xhtml" xml:lang="en" lang="en">
 <head>
  <title>
</title>
<meta http-equiv="Content-Type" content="text/html;charset=utf-8" />
  <meta name='ocr-system' content='tesseract 3.04.00' />
  <meta name='ocr-capabilities' content='ocr_page ocr_carea ocr_par ocr_line ocrx_word'/>
</head>
<body>
  <div class='ocr_page' id='page_1' title='image "./liturgiarumorie04renagoog_0632.png"; bbox 0 0 4782 6068; ppageno 0'>
   <div class='ocr_carea' id='block_1_1' title="bbox 669 675 1746 758">
    <p class='ocr_par' dir='ltr' id='par_1_1' title="bbox 669 675 1746 758">
     <span class='ocr_line' id='line_1_1' title="bbox 669 675 1746 758; baseline 0.002 -4"><span class='ocrx_word' id='word_1_1' title='bbox 669 675 725 754; x_wconf 78' lang='lat' dir='ltr'><strong>&#39;Ill</strong></span> <span class='ocrx_word' id='word_1_2' title='bbox 757 677 1004 756; x_wconf 79' lang='lat' dir='ltr'><strong>tltuttdtls</strong></span> <span class='ocrx_word' id='word_1_3' title='bbox 1039 677 1450 758; x_wconf 83' lang='lat' dir='ltr'><strong>NESTORIANORUM.</strong></span> <span class='ocrx_word' id='word_1_4' title='bbox 1672 681 1746 756; x_wconf 85' lang='lat'><strong>595</strong></span> 
     </span>
    </p>
   </div>
   <div class='ocr_carea' id='block_1_2' title="bbox 377 859 1750 1344">
    <p class='ocr_par' dir='ltr' id='par_1_2' title="bbox 377 859 1750 1244">
     <span class='ocr_line' id='line_1_2' title="bbox 378 859 1749 946; baseline 0.005 -22"><span class='ocrx_word' id='word_1_5' title='bbox 378 869 483 942; x_wconf 90' lang='lat' dir='ltr'><strong>posset</strong></span> <span class='ocrx_word' id='word_1_6' title='bbox 504 860 629 946; x_wconf 89' lang='lat' dir='ltr'><strong>alicujus</strong></span> <span class='ocrx_word' id='word_1_7' title='bbox 652 859 763 924; x_wconf 82' lang='lat' dir='ltr'><strong>veneni</strong></span> <span class='ocrx_word' id='word_1_8' title='bbox 783 861 957 943; x_wconf 80' lang='lat' dir='ltr'><strong>suspicione</strong></span> <span class='ocrx_word' id='word_1_9' title='bbox 980 863 1138 943; x_wconf 88' lang='lat' dir='ltr'><strong>laborare,</strong></span> <span class='ocrx_word' id='word_1_10' title='bbox 1168 863 1304 946; x_wconf 83' lang='lat' dir='ltr'><strong>quamvis</strong></span> <span class='ocrx_word' id='word_1_11' title='bbox 1334 863 1540 932; x_wconf 74' lang='lat' dir='ltr'><strong>orthodoxam</strong></span> <span class='ocrx_word' id='word_1_12' title='bbox 1569 868 1749 931; x_wconf 89' lang='lat' dir='ltr'><strong>senteutiam</strong></span> 
     </span>
     <span class='ocr_line' id='line_1_3' title="bbox 377 961 1749 1052; baseline 0.004 -28"><span class='ocrx_word' id='word_1_13' title='bbox 377 963 539 1025; x_wconf 90' lang='lat' dir='ltr'><strong>contineat.</strong></span> <span class='ocrx_word' id='word_1_14' title='bbox 582 961 616 1024; x_wconf 96' lang='lat' dir='ltr'><strong>ln</strong></span> <span class='ocrx_word' id='word_1_15' title='bbox 638 962 725 1025; x_wconf 90' lang='lat' dir='ltr'><strong>istam</strong></span> <span class='ocrx_word' id='word_1_16' title='bbox 747 961 919 1042; x_wconf 84' lang='lat' dir='ltr'><strong>opinionem</strong></span> <span class='ocrx_word' id='word_1_17' title='bbox 941 965 1041 1045; x_wconf 93' lang='lat' dir='ltr'><strong>potius</strong></span> <span class='ocrx_word' id='word_1_18' title='bbox 1064 963 1194 1026; x_wconf 89' lang='lat' dir='ltr'><strong>eundum</strong></span> <span class='ocrx_word' id='word_1_19' title='bbox 1217 964 1350 1044; x_wconf 87' lang='lat' dir='ltr'><strong>videtur,</strong></span> <span class='ocrx_word' id='word_1_20' title='bbox 1381 984 1448 1028; x_wconf 93' lang='lat' dir='ltr'><strong>cum</strong></span> <span class='ocrx_word' id='word_1_21' title='bbox 1470 967 1501 1028; x_wconf 89' lang='lat' dir='ltr'><strong>in</strong></span> <span class='ocrx_word' id='word_1_22' title='bbox 1523 965 1580 1028; x_wconf 88' lang='lat' dir='ltr'><strong>hae</strong></span> <span class='ocrx_word' id='word_1_23' title='bbox 1601 965 1749 1052; x_wconf 83' lang='lat' dir='ltr'><strong>Liturgia,</strong></span> 
     </span>
     <span class='ocr_line' id='line_1_4' title="bbox 377 1059 1750 1146; baseline 0.004 -22"><span class='ocrx_word' id='word_1_24' title='bbox 377 1061 437 1125; x_wconf 90' lang='lat' dir='ltr'><strong>iuro</strong></span> <span class='ocrx_word' id='word_1_25' title='bbox 459 1061 489 1123; x_wconf 93' lang='lat' dir='ltr'><strong>in</strong></span> <span class='ocrx_word' id='word_1_26' title='bbox 512 1061 578 1124; x_wconf 89' lang='lat' dir='ltr'><strong>aliis</strong></span> <span class='ocrx_word' id='word_1_27' title='bbox 605 1062 721 1126; x_wconf 91' lang='lat' dir='ltr'><strong>duabus</strong></span> <span class='ocrx_word' id='word_1_28' title='bbox 745 1059 896 1125; x_wconf 87' lang='lat' dir='ltr'><strong>Theodori</strong></span> <span class='ocrx_word' id='word_1_29' title='bbox 924 1069 955 1126; x_wconf 93' lang='lat' dir='ltr'><strong>et</strong></span> <span class='ocrx_word' id='word_1_30' title='bbox 983 1062 1131 1135; x_wconf 81' lang='lat' dir='ltr'><strong>Nestorii,</strong></span> <span class='ocrx_word' id='word_1_31' title='bbox 1159 1064 1212 1124; x_wconf 82' lang='lat' dir='ltr'><strong>vix</strong></span> <span class='ocrx_word' id='word_1_32' title='bbox 1241 1062 1401 1146; x_wconf 80' lang='lat' dir='ltr'><strong>quidquam</strong></span> <span class='ocrx_word' id='word_1_33' title='bbox 1429 1065 1510 1146; x_wconf 94' lang='lat' dir='ltr'><strong>quod</strong></span> <span class='ocrx_word' id='word_1_34' title='bbox 1539 1065 1577 1128; x_wconf 92' lang='lat' dir='ltr'><strong>ad</strong></span> <span class='ocrx_word' id='word_1_35' title='bbox 1607 1063 1750 1130; x_wconf 90' lang='lat' dir='ltr'><strong>haeresin</strong></span> 
     </span>
     <span class='ocr_line' id='line_1_5' title="bbox 377 1161 976 1244; baseline -0.003 -20"><span class='ocrx_word' id='word_1_36' title='bbox 377 1161 584 1226; x_wconf 88' lang='lat' dir='ltr'><strong>insinuandam</strong></span> <span class='ocrx_word' id='word_1_37' title='bbox 606 1161 774 1244; x_wconf 83' lang='lat' dir='ltr'><strong>pertineat,</strong></span> <span class='ocrx_word' id='word_1_38' title='bbox 796 1161 976 1242; x_wconf 88' lang='lat' dir='ltr'><strong>reperiatur.</strong></span> 
     </span>
    </p>

    <p class='ocr_par' dir='ltr' id='par_1_3' title="bbox 464 1260 1750 1344">
     <span class='ocr_line' id='line_1_6' title="bbox 464 1260 1750 1344; baseline 0.002 -20"><span class='ocrx_word' id='word_1_39' title='bbox 464 1261 529 1326; x_wconf 90' lang='lat' dir='ltr'><strong>lloc</strong></span> <span class='ocrx_word' id='word_1_40' title='bbox 551 1261 621 1325; x_wconf 91' lang='lat' dir='ltr'><strong>loco</strong></span> <span class='ocrx_word' id='word_1_41' title='bbox 643 1277 784 1344; x_wconf 85' lang='lat' dir='ltr'><strong>magnum</strong></span> <span class='ocrx_word' id='word_1_42' title='bbox 805 1260 966 1323; x_wconf 83' lang='lat' dir='ltr'><strong>discrimen</strong></span> <span class='ocrx_word' id='word_1_43' title='bbox 988 1260 1236 1324; x_wconf 88' lang='lat' dir='ltr'><strong>animadvertitur</strong></span> <span class='ocrx_word' id='word_1_44' title='bbox 1258 1264 1337 1326; x_wconf 90' lang='lat' dir='ltr'><strong>inter</strong></span> <span class='ocrx_word' id='word_1_45' title='bbox 1358 1263 1462 1342; x_wconf 87' lang='lat' dir='ltr'><strong>istam,</strong></span> <span class='ocrx_word' id='word_1_46' title='bbox 1486 1270 1517 1325; x_wconf 92' lang='lat' dir='ltr'><strong>et</strong></span> <span class='ocrx_word' id='word_1_47' title='bbox 1538 1260 1750 1326; x_wconf 86' lang='lat' dir='ltr'><strong>llalaburieam</strong></span> 
     </span>
    </p>
   </div>
   <div class='ocr_carea' id='block_1_3' title="bbox 233 1358 1748 1445">
    <p class='ocr_par' dir='ltr' id='par_1_4' title="bbox 233 1358 1748 1445">
     <span class='ocr_line' id='line_1_7' title="bbox 233 1358 1748 1445; baseline 0.001 -21"><span class='ocrx_word' id='word_1_48' title='bbox 233 1435 237 1442; x_wconf 41' lang='grc'>,</span> <span class='ocrx_word' id='word_1_49' title='bbox 375 1359 550 1445; x_wconf 81' lang='lat' dir='ltr'><strong>Litargiam,</strong></span> <span class='ocrx_word' id='word_1_50' title='bbox 571 1361 603 1423; x_wconf 94' lang='lat' dir='ltr'><strong>in</strong></span> <span class='ocrx_word' id='word_1_51' title='bbox 625 1378 684 1441; x_wconf 91' lang='lat' dir='ltr'><strong>qua</strong></span> <span class='ocrx_word' id='word_1_52' title='bbox 706 1358 816 1422; x_wconf 89' lang='lat' dir='ltr'><strong>multae</strong></span> <span class='ocrx_word' id='word_1_53' title='bbox 838 1377 948 1441; x_wconf 90' lang='lat' dir='ltr'><strong>preces</strong></span> <span class='ocrx_word' id='word_1_54' title='bbox 971 1361 1146 1424; x_wconf 91' lang='lat' dir='ltr'><strong>inseruntur</strong></span> <span class='ocrx_word' id='word_1_55' title='bbox 1168 1361 1207 1424; x_wconf 90' lang='lat' dir='ltr'><strong>de</strong></span> <span class='ocrx_word' id='word_1_56' title='bbox 1230 1362 1367 1426; x_wconf 88' lang='lat' dir='ltr'><strong>omnibus</strong></span> <span class='ocrx_word' id='word_1_57' title='bbox 1390 1369 1422 1426; x_wconf 93' lang='lat' dir='ltr'><strong>et</strong></span> <span class='ocrx_word' id='word_1_58' title='bbox 1433 1379 1491 1444; x_wconf 91' lang='lat' dir='ltr'><strong>pro</strong></span> <span class='ocrx_word' id='word_1_59' title='bbox 1514 1362 1667 1439; x_wconf 82' lang='lat' dir='ltr'><strong>omnibus3</strong></span> <span class='ocrx_word' id='word_1_60' title='bbox 1689 1380 1748 1445; x_wconf 92' lang='lat' dir='ltr'><strong>pro</strong></span> 
     </span>
    </p>
   </div>
   <div class='ocr_carea' id='block_1_4' title="bbox 288 1457 1750 3908">
    <p class='ocr_par' dir='ltr' id='par_1_5' title="bbox 288 1457 1750 3908">
     <span class='ocr_line' id='line_1_8' title="bbox 375 1457 1748 1544; baseline 0.001 -21"><span class='ocrx_word' id='word_1_61' title='bbox 375 1478 467 1543; x_wconf 88' lang='lat' dir='ltr'><strong>pace;</strong></span> <span class='ocrx_word' id='word_1_62' title='bbox 496 1478 553 1542; x_wconf 95' lang='lat' dir='ltr'><strong>pro</strong></span> <span class='ocrx_word' id='word_1_63' title='bbox 583 1460 663 1522; x_wconf 79' lang='lat' dir='ltr'><strong>aeris</strong></span> <span class='ocrx_word' id='word_1_64' title='bbox 685 1457 877 1522; x_wconf 72' lang='lat' dir='ltr'><strong>salubritate:</strong></span> <span class='ocrx_word' id='word_1_65' title='bbox 908 1477 964 1541; x_wconf 92' lang='lat' dir='ltr'><strong>pro</strong></span> <span class='ocrx_word' id='word_1_66' title='bbox 988 1459 1161 1522; x_wconf 88' lang='lat' dir='ltr'><strong>Patriarcha</strong></span> <span class='ocrx_word' id='word_1_67' title='bbox 1183 1468 1214 1522; x_wconf 90' lang='lat' dir='ltr'><strong>et</strong></span> <span class='ocrx_word' id='word_1_68' title='bbox 1235 1459 1460 1524; x_wconf 89' lang='lat' dir='ltr'><strong>Ecclesiastieis</strong></span> <span class='ocrx_word' id='word_1_69' title='bbox 1489 1461 1661 1536; x_wconf 88' lang='lat' dir='ltr'><strong>ordinibus;</strong></span> <span class='ocrx_word' id='word_1_70' title='bbox 1690 1479 1748 1544; x_wconf 90' lang='lat' dir='ltr'><strong>pro</strong></span> 
     </span>
     <span class='ocr_line' id='line_1_9' title="bbox 374 1557 1748 1644; baseline 0 -20"><span class='ocrx_word' id='word_1_71' title='bbox 374 1559 524 1638; x_wconf 80' lang='lat' dir='ltr'><strong>Ecclesia,</strong></span> <span class='ocrx_word' id='word_1_72' title='bbox 538 1567 597 1621; x_wconf 89' lang='lat' dir='ltr'><strong>ete.</strong></span> <span class='ocrx_word' id='word_1_73' title='bbox 626 1558 700 1620; x_wconf 87' lang='lat' dir='ltr'><strong>Tum</strong></span> <span class='ocrx_word' id='word_1_74' title='bbox 722 1558 859 1638; x_wconf 89' lang='lat' dir='ltr'><strong>sequitur</strong></span> <span class='ocrx_word' id='word_1_75' title='bbox 881 1560 1023 1622; x_wconf 89' lang='lat' dir='ltr'><strong>memoria</strong></span> <span class='ocrx_word' id='word_1_76' title='bbox 1043 1557 1076 1619; x_wconf 89' lang='grc' dir='ltr'><strong>Β.</strong></span> <span class='ocrx_word' id='word_1_77' title='bbox 1098 1558 1358 1644; x_wconf 82' lang='lat' dir='ltr'><strong>llariaellirginis</strong></span> <span class='ocrx_word' id='word_1_78' title='bbox 1377 1568 1407 1623; x_wconf 90' lang='lat' dir='ltr'><strong>at</strong></span> <span class='ocrx_word' id='word_1_79' title='bbox 1422 1561 1614 1624; x_wconf 91' lang='lat' dir='ltr'><strong>Sanctorum:</strong></span> <span class='ocrx_word' id='word_1_80' title='bbox 1639 1559 1748 1624; x_wconf 89' lang='lat' dir='ltr'><strong>deinde</strong></span> 
     </span>
     <span class='ocr_line' id='line_1_10' title="bbox 374 1657 1749 1741; baseline 0 -19"><span class='ocrx_word' id='word_1_81' title='bbox 374 1666 578 1724; x_wconf 87' lang='lat' dir='ltr'><strong>mortuorum:</strong></span> <span class='ocrx_word' id='word_1_82' title='bbox 608 1674 664 1738; x_wconf 91' lang='lat' dir='ltr'><strong>pro</strong></span> <span class='ocrx_word' id='word_1_83' title='bbox 687 1657 809 1720; x_wconf 82' lang='lat' dir='ltr'><strong>civitate</strong></span> <span class='ocrx_word' id='word_1_84' title='bbox 832 1665 862 1720; x_wconf 92' lang='lat' dir='ltr'><strong>et</strong></span> <span class='ocrx_word' id='word_1_85' title='bbox 886 1658 951 1739; x_wconf 81' lang='lat' dir='ltr'><strong>eJ&#39;us</strong></span> <span class='ocrx_word' id='word_1_86' title='bbox 974 1657 1206 1738; x_wconf 89' lang='lat' dir='ltr'><strong>habitatoribus,</strong></span> <span class='ocrx_word' id='word_1_87' title='bbox 1228 1676 1285 1741; x_wconf 96' lang='lat' dir='ltr'><strong>pro</strong></span> <span class='ocrx_word' id='word_1_88' title='bbox 1308 1659 1490 1738; x_wconf 82' lang='lat' dir='ltr'><strong>infidelibus,</strong></span> <span class='ocrx_word' id='word_1_89' title='bbox 1513 1657 1647 1736; x_wconf 85' lang='lat' dir='ltr'><strong>infirmis,</strong></span> <span class='ocrx_word' id='word_1_90' title='bbox 1669 1677 1749 1741; x_wconf 81' lang='lat' dir='ltr'><strong>ege-</strong></span> 
     </span>
     <span class='ocr_line' id='line_1_11' title="bbox 375 1756 1747 1844; baseline -0.003 -22"><span class='ocrx_word' id='word_1_91' title='bbox 375 1761 434 1839; x_wconf 74' lang='lat' dir='ltr'><strong>niS,</strong></span> <span class='ocrx_word' id='word_1_92' title='bbox 458 1766 518 1822; x_wconf 86' lang='lat' dir='ltr'><strong>etc.</strong></span> <span class='ocrx_word' id='word_1_93' title='bbox 564 1756 681 1820; x_wconf 83' lang='lat' dir='ltr'><strong>Deinde</strong></span> <span class='ocrx_word' id='word_1_94' title='bbox 702 1756 867 1820; x_wconf 89' lang='lat' dir='ltr'><strong>alleruntur</strong></span> <span class='ocrx_word' id='word_1_95' title='bbox 889 1758 974 1837; x_wconf 86' lang='lat' dir='ltr'><strong>panis</strong></span> <span class='ocrx_word' id='word_1_96' title='bbox 997 1764 1028 1819; x_wconf 86' lang='lat' dir='ltr'><strong>et</strong></span> <span class='ocrx_word' id='word_1_97' title='bbox 1050 1757 1138 1836; x_wconf 87' lang='lat' dir='ltr'><strong>calix,</strong></span> <span class='ocrx_word' id='word_1_98' title='bbox 1162 1765 1193 1820; x_wconf 97' lang='lat' dir='ltr'><strong>et</strong></span> <span class='ocrx_word' id='word_1_99' title='bbox 1215 1758 1245 1820; x_wconf 94' lang='lat' dir='ltr'><strong>in</strong></span> <span class='ocrx_word' id='word_1_100' title='bbox 1268 1757 1355 1821; x_wconf 87' lang='lat' dir='ltr'><strong>altari</strong></span> <span class='ocrx_word' id='word_1_101' title='bbox 1376 1757 1522 1844; x_wconf 79' lang='lat' dir='ltr'><strong>religiose</strong></span> <span class='ocrx_word' id='word_1_102' title='bbox 1544 1757 1747 1822; x_wconf 89' lang='lat' dir='ltr'><strong>collocantur:</strong></span> 
     </span>
     <span class='ocr_line' id='line_1_12' title="bbox 376 1854 1747 1940; baseline -0.003 -18"><span class='ocrx_word' id='word_1_103' title='bbox 376 1866 439 1922; x_wconf 83' lang='lat' dir='ltr'><strong>turn</strong></span> <span class='ocrx_word' id='word_1_104' title='bbox 461 1865 532 1940; x_wconf 92' lang='lat' dir='ltr'><strong>post</strong></span> <span class='ocrx_word' id='word_1_105' title='bbox 554 1855 645 1919; x_wconf 89' lang='lat' dir='ltr'><strong>multa</strong></span> <span class='ocrx_word' id='word_1_106' title='bbox 667 1854 779 1940; x_wconf 81' lang='lat' dir='ltr'><strong>legitur</strong></span> <span class='ocrx_word' id='word_1_107' title='bbox 800 1855 937 1936; x_wconf 86' lang='lat' dir='ltr'><strong>Epistola</strong></span> <span class='ocrx_word' id='word_1_108' title='bbox 960 1863 990 1918; x_wconf 92' lang='lat' dir='ltr'><strong>et</strong></span> <span class='ocrx_word' id='word_1_109' title='bbox 1013 1855 1128 1919; x_wconf 81' lang='lat' dir='ltr'><strong>deinde‘</strong></span> <span class='ocrx_word' id='word_1_110' title='bbox 1141 1855 1350 1940; x_wconf 87' lang='lat' dir='ltr'><strong>Evangelium.</strong></span> <span class='ocrx_word' id='word_1_111' title='bbox 1395 1857 1436 1920; x_wconf 81' lang='lat' dir='ltr'><strong>At</strong></span> <span class='ocrx_word' id='word_1_112' title='bbox 1458 1859 1676 1938; x_wconf 90' lang='lat' dir='ltr'><strong>scripturarum</strong></span> <span class='ocrx_word' id='word_1_113' title='bbox 1696 1855 1747 1919; x_wconf 90' lang='lat' dir='ltr'><strong>le-</strong></span> 
     </span>
     <span class='ocr_line' id='line_1_13' title="bbox 288 1955 1749 2038; baseline -0.003 -17"><span class='ocrx_word' id='word_1_114' title='bbox 288 1991 295 2006; x_wconf 79' lang='lat'><strong>·</strong></span> <span class='ocrx_word' id='word_1_115' title='bbox 376 1960 506 2024; x_wconf 88' lang='lat' dir='ltr'><strong>ctionem</strong></span> <span class='ocrx_word' id='word_1_116' title='bbox 528 1956 695 2038; x_wconf 92' lang='lat' dir='ltr'><strong>praecedit,</strong></span> <span class='ocrx_word' id='word_1_117' title='bbox 719 1955 858 2036; x_wconf 83' lang='lat' dir='ltr'><strong>expulsio</strong></span> <span class='ocrx_word' id='word_1_118' title='bbox 881 1973 942 2018; x_wconf 94' lang='lat' dir='ltr'><strong>non</strong></span> <span class='ocrx_word' id='word_1_119' title='bbox 965 1957 1188 2037; x_wconf 88' lang='lat' dir='ltr'><strong>baptisatorum.</strong></span> <span class='ocrx_word' id='word_1_120' title='bbox 1223 1956 1271 2019; x_wconf 82' lang='lat' dir='ltr'><strong>An</strong></span> <span class='ocrx_word' id='word_1_121' title='bbox 1294 1957 1362 2020; x_wconf 92' lang='lat' dir='ltr'><strong>talis</strong></span> <span class='ocrx_word' id='word_1_122' title='bbox 1386 1957 1476 2020; x_wconf 81' lang='lat' dir='ltr'><strong>buerit</strong></span> <span class='ocrx_word' id='word_1_123' title='bbox 1498 1957 1656 2020; x_wconf 83' lang='lat' dir='ltr'><strong>Ecclesiae</strong></span> <span class='ocrx_word' id='word_1_124' title='bbox 1680 1955 1749 2018; x_wconf 90' lang='lat' dir='ltr'><strong>lla-</strong></span> 
     </span>
     <span class='ocr_line' id='line_1_14' title="bbox 375 2053 1748 2138; baseline -0.003 -18"><span class='ocrx_word' id='word_1_125' title='bbox 375 2057 528 2120; x_wconf 85' lang='lat' dir='ltr'><strong>laburicae</strong></span> <span class='ocrx_word' id='word_1_126' title='bbox 543 2053 699 2136; x_wconf 90' lang='lat' dir='ltr'><strong>disciplina</strong></span> <span class='ocrx_word' id='word_1_127' title='bbox 718 2054 853 2118; x_wconf 90' lang='lat' dir='ltr'><strong>divinare</strong></span> <span class='ocrx_word' id='word_1_128' title='bbox 866 2072 927 2116; x_wconf 94' lang='lat' dir='ltr'><strong>non</strong></span> <span class='ocrx_word' id='word_1_129' title='bbox 940 2073 1114 2137; x_wconf 89' lang='lat' dir='ltr'><strong>possumus:</strong></span> <span class='ocrx_word' id='word_1_130' title='bbox 1137 2056 1191 2119; x_wconf 93' lang='lat' dir='ltr'><strong>sed</strong></span> <span class='ocrx_word' id='word_1_131' title='bbox 1215 2057 1302 2120; x_wconf 93' lang='lat' dir='ltr'><strong>aliam</strong></span> <span class='ocrx_word' id='word_1_132' title='bbox 1324 2057 1418 2119; x_wconf 84' lang='lat' dir='ltr'><strong>luisse</strong></span> <span class='ocrx_word' id='word_1_133' title='bbox 1435 2056 1748 2138; x_wconf 83' lang='lat' dir='ltr'><strong>Mesopotamenaruna</strong></span> 
     </span>
     <span class='ocr_line' id='line_1_15' title="bbox 375 2153 1749 2236; baseline -0.004 -16"><span class='ocrx_word' id='word_1_134' title='bbox 375 2155 580 2220; x_wconf 89' lang='lat' dir='ltr'><strong>Ecclesiarum</strong></span> <span class='ocrx_word' id='word_1_135' title='bbox 605 2154 803 2216; x_wconf 86' lang='lat' dir='ltr'><strong>certissimum</strong></span> <span class='ocrx_word' id='word_1_136' title='bbox 833 2154 967 2217; x_wconf 88' lang='lat' dir='ltr'><strong>videtur:</strong></span> <span class='ocrx_word' id='word_1_137' title='bbox 995 2163 1026 2218; x_wconf 91' lang='lat' dir='ltr'><strong>ct</strong></span> <span class='ocrx_word' id='word_1_138' title='bbox 1053 2154 1132 2219; x_wconf 91' lang='lat' dir='ltr'><strong>iorte</strong></span> <span class='ocrx_word' id='word_1_139' title='bbox 1154 2155 1266 2220; x_wconf 81' lang='lat' dir='ltr'><strong>Alexio</strong></span> <span class='ocrx_word' id='word_1_140' title='bbox 1288 2156 1424 2219; x_wconf 90' lang='lat' dir='ltr'><strong>blenesio</strong></span> <span class='ocrx_word' id='word_1_141' title='bbox 1447 2157 1545 2220; x_wconf 92' lang='lat' dir='ltr'><strong>visum</strong></span> <span class='ocrx_word' id='word_1_142' title='bbox 1567 2163 1615 2219; x_wconf 93' lang='lat' dir='ltr'><strong>est</strong></span> <span class='ocrx_word' id='word_1_143' title='bbox 1637 2153 1749 2236; x_wconf 89' lang='lat' dir='ltr'><strong>ahquid</strong></span> 
     </span>
     <span class='ocr_line' id='line_1_16' title="bbox 376 2241 1749 2336; baseline -0.003 -18"><span class='ocrx_word' id='word_1_144' title='bbox 376 2258 544 2331; x_wconf 87' lang='lat' dir='ltr'><strong>immutare,</strong></span> <span class='ocrx_word' id='word_1_145' title='bbox 568 2260 600 2316; x_wconf 93' lang='lat' dir='ltr'><strong>ut</strong></span> <span class='ocrx_word' id='word_1_146' title='bbox 621 2252 714 2316; x_wconf 91' lang='lat' dir='ltr'><strong>illatio</strong></span> <span class='ocrx_word' id='word_1_147' title='bbox 737 2254 824 2334; x_wconf 89' lang='lat' dir='ltr'><strong>panis</strong></span> <span class='ocrx_word' id='word_1_148' title='bbox 847 2254 961 2316; x_wconf 86' lang='lat' dir='ltr'><strong>etvini</strong></span> <span class='ocrx_word' id='word_1_149' title='bbox 983 2253 1020 2316; x_wconf 91' lang='lat' dir='ltr'><strong>ad</strong></span> <span class='ocrx_word' id='word_1_150' title='bbox 1044 2253 1138 2317; x_wconf 89' lang='lat' dir='ltr'><strong>altare</strong></span> <span class='ocrx_word' id='word_1_151' title='bbox 1160 2253 1248 2318; x_wconf 85' lang='lat' dir='ltr'><strong>fieret</strong></span> <span class='ocrx_word' id='word_1_152' title='bbox 1262 2256 1436 2336; x_wconf 85' lang='lat' dir='ltr'><strong>priusquam</strong></span> <span class='ocrx_word' id='word_1_153' title='bbox 1454 2254 1591 2336; x_wconf 88' lang='lat' dir='ltr'><strong>Epistola</strong></span> <span class='ocrx_word' id='word_1_154' title='bbox 1602 2261 1632 2317; x_wconf 89' lang='lat' dir='ltr'><strong>et</strong></span> <span class='ocrx_word' id='word_1_155' title='bbox 1644 2241 1749 2316; x_wconf 89' lang='lat' dir='ltr'><strong>Evan-</strong></span> 
     </span>
     <span class='ocr_line' id='line_1_17' title="bbox 375 2351 1748 2438; baseline -0.004 -18"><span class='ocrx_word' id='word_1_156' title='bbox 375 2355 488 2438; x_wconf 82' lang='lat' dir='ltr'><strong>gelium</strong></span> <span class='ocrx_word' id='word_1_157' title='bbox 510 2353 704 2435; x_wconf 80' lang='lat' dir='ltr'><strong>legerentur,</strong></span> <span class='ocrx_word' id='word_1_158' title='bbox 733 2352 811 2416; x_wconf 89' lang='lat' dir='ltr'><strong>sicut</strong></span> <span class='ocrx_word' id='word_1_159' title='bbox 839 2353 870 2416; x_wconf 93' lang='lat' dir='ltr'><strong>in</strong></span> <span class='ocrx_word' id='word_1_160' title='bbox 890 2351 1005 2416; x_wconf 83' lang='lat' dir='ltr'><strong>Latinis</strong></span> <span class='ocrx_word' id='word_1_161' title='bbox 1034 2353 1210 2435; x_wconf 91' lang='lat' dir='ltr'><strong>quibusdam</strong></span> <span class='ocrx_word' id='word_1_162' title='bbox 1233 2354 1378 2417; x_wconf 92' lang='lat' dir='ltr'><strong>Ecclesiis</strong></span> <span class='ocrx_word' id='word_1_163' title='bbox 1401 2355 1467 2418; x_wconf 89' lang='lat' dir='ltr'><strong>lieri</strong></span> <span class='ocrx_word' id='word_1_164' title='bbox 1489 2353 1577 2416; x_wconf 92' lang='lat' dir='ltr'><strong>solet.</strong></span> <span class='ocrx_word' id='word_1_165' title='bbox 1623 2351 1748 2416; x_wconf 89' lang='lat' dir='ltr'><strong>Precem</strong></span> 
     </span>
     <span class='ocr_line' id='line_1_18' title="bbox 375 2451 1748 2534; baseline -0.003 -16"><span class='ocrx_word' id='word_1_166' title='bbox 375 2455 456 2518; x_wconf 83' lang='lat' dir='ltr'><strong>illurn</strong></span> <span class='ocrx_word' id='word_1_167' title='bbox 478 2471 535 2534; x_wconf 92' lang='lat' dir='ltr'><strong>pro</strong></span> <span class='ocrx_word' id='word_1_168' title='bbox 559 2453 695 2516; x_wconf 91' lang='lat' dir='ltr'><strong>omnibus</strong></span> <span class='ocrx_word' id='word_1_169' title='bbox 719 2459 750 2514; x_wconf 93' lang='lat' dir='ltr'><strong>et</strong></span> <span class='ocrx_word' id='word_1_170' title='bbox 772 2451 811 2515; x_wconf 93' lang='lat' dir='ltr'><strong>de</strong></span> <span class='ocrx_word' id='word_1_171' title='bbox 833 2451 970 2516; x_wconf 88' lang='lat' dir='ltr'><strong>omnibus</strong></span> <span class='ocrx_word' id='word_1_172' title='bbox 994 2471 1083 2534; x_wconf 89' lang='lat' dir='ltr'><strong>quam</strong></span> <span class='ocrx_word' id='word_1_173' title='bbox 1111 2453 1226 2517; x_wconf 87' lang='lat' dir='ltr'><strong>idcirce</strong></span> <span class='ocrx_word' id='word_1_174' title='bbox 1254 2453 1322 2516; x_wconf 92' lang='lat' dir='ltr'><strong>libri</strong></span> <span class='ocrx_word' id='word_1_175' title='bbox 1344 2451 1478 2517; x_wconf 86' lang='lat' dir='ltr'><strong>Rituales</strong></span> <span class='ocrx_word' id='word_1_176' title='bbox 1500 2451 1657 2516; x_wconf 86' lang='lat' dir='ltr'><strong>lacebitici</strong></span> <span class='ocrx_word' id='word_1_177' title='bbox 1681 2451 1748 2514; x_wconf 83' lang='lat' dir='ltr'><strong>Co-</strong></span> 
     </span>
     <span class='ocr_line' id='line_1_19' title="bbox 376 2551 1748 2633; baseline -0.001 -18"><span class='ocrx_word' id='word_1_178' title='bbox 376 2553 517 2615; x_wconf 84' lang='lat' dir='ltr'><strong>tboticam</strong></span> <span class='ocrx_word' id='word_1_179' title='bbox 534 2558 652 2627; x_wconf 85' lang='lat' dir='ltr'><strong>vocant,</strong></span> <span class='ocrx_word' id='word_1_180' title='bbox 675 2551 783 2614; x_wconf 87' lang='lat' dir='ltr'><strong>dictam</strong></span> <span class='ocrx_word' id='word_1_181' title='bbox 800 2551 892 2615; x_wconf 87' lang='lat' dir='ltr'><strong>luisse</strong></span> <span class='ocrx_word' id='word_1_182' title='bbox 911 2553 942 2613; x_wconf 93' lang='lat' dir='ltr'><strong>in</strong></span> <span class='ocrx_word' id='word_1_183' title='bbox 960 2552 1136 2633; x_wconf 88' lang='lat' dir='ltr'><strong>quibusdam</strong></span> <span class='ocrx_word' id='word_1_184' title='bbox 1149 2552 1297 2616; x_wconf 90' lang='lat' dir='ltr'><strong>Ecclesiis</strong></span> <span class='ocrx_word' id='word_1_185' title='bbox 1312 2559 1381 2616; x_wconf 90' lang='lat' dir='ltr'><strong>ante</strong></span> <span class='ocrx_word' id='word_1_186' title='bbox 1394 2552 1560 2616; x_wconf 89' lang='lat' dir='ltr'><strong>oblatarum</strong></span> <span class='ocrx_word' id='word_1_187' title='bbox 1573 2551 1748 2631; x_wconf 89' lang='lat' dir='ltr'><strong>illationem,</strong></span> 
     </span>
     <span class='ocr_line' id='line_1_20' title="bbox 376 2649 1749 2734; baseline 0 -20"><span class='ocrx_word' id='word_1_188' title='bbox 376 2651 447 2714; x_wconf 84' lang='lat' dir='ltr'><strong>abbi</strong></span> <span class='ocrx_word' id='word_1_189' title='bbox 469 2651 647 2728; x_wconf 88' lang='lat' dir='ltr'><strong>monuimus,</strong></span> <span class='ocrx_word' id='word_1_190' title='bbox 670 2668 736 2712; x_wconf 88' lang='lat' dir='ltr'><strong>curn</strong></span> <span class='ocrx_word' id='word_1_191' title='bbox 757 2649 799 2712; x_wconf 93' lang='lat' dir='ltr'><strong>ita</strong></span> <span class='ocrx_word' id='word_1_192' title='bbox 823 2649 900 2714; x_wconf 86' lang='lat' dir='ltr'><strong>ierat</strong></span> <span class='ocrx_word' id='word_1_193' title='bbox 921 2650 1079 2716; x_wconf 88' lang='lat' dir='ltr'><strong>Ecclesiae</strong></span> <span class='ocrx_word' id='word_1_194' title='bbox 1102 2651 1327 2717; x_wconf 82' lang='lat' dir='ltr'><strong>Alexandrinae</strong></span> <span class='ocrx_word' id='word_1_195' title='bbox 1349 2652 1557 2731; x_wconf 89' lang='lat' dir='ltr'><strong>consuetudo,</strong></span> <span class='ocrx_word' id='word_1_196' title='bbox 1587 2653 1673 2734; x_wconf 84' lang='lat' dir='ltr'><strong>cujus</strong></span> <span class='ocrx_word' id='word_1_197' title='bbox 1702 2653 1749 2714; x_wconf 91' lang='lat' dir='ltr'><strong>si-</strong></span> 
     </span>
     <span class='ocr_line' id='line_1_21' title="bbox 375 2739 1747 2832; baseline -0.001 -17"><span class='ocrx_word' id='word_1_198' title='bbox 375 2753 475 2816; x_wconf 88' lang='lat' dir='ltr'><strong>milem</strong></span> <span class='ocrx_word' id='word_1_199' title='bbox 505 2750 704 2814; x_wconf 89' lang='lat' dir='ltr'><strong>llalaburicae</strong></span> <span class='ocrx_word' id='word_1_200' title='bbox 732 2751 819 2832; x_wconf 91' lang='lat' dir='ltr'><strong>sequi</strong></span> <span class='ocrx_word' id='word_1_201' title='bbox 846 2758 1020 2832; x_wconf 91' lang='lat' dir='ltr'><strong>potuerunt.</strong></span> <span class='ocrx_word' id='word_1_202' title='bbox 1066 2751 1179 2815; x_wconf 89' lang='lat' dir='ltr'><strong>Verum</strong></span> <span class='ocrx_word' id='word_1_203' title='bbox 1201 2739 1364 2816; x_wconf 87' lang='lat' dir='ltr'><strong>illationem</strong></span> <span class='ocrx_word' id='word_1_204' title='bbox 1393 2751 1612 2816; x_wconf 88' lang='lat' dir='ltr'><strong>elementorum</strong></span> <span class='ocrx_word' id='word_1_205' title='bbox 1633 2769 1747 2814; x_wconf 90' lang='lat' dir='ltr'><strong>conse-</strong></span> 
     </span>
     <span class='ocr_line' id='line_1_22' title="bbox 376 2849 1749 2935; baseline -0.001 -19"><span class='ocrx_word' id='word_1_206' title='bbox 376 2852 556 2916; x_wconf 90' lang='lat' dir='ltr'><strong>crandorum</strong></span> <span class='ocrx_word' id='word_1_207' title='bbox 584 2849 665 2928; x_wconf 88' lang='lat' dir='ltr'><strong>fieri,</strong></span> <span class='ocrx_word' id='word_1_208' title='bbox 695 2855 764 2911; x_wconf 89' lang='lat' dir='ltr'><strong>ante</strong></span> <span class='ocrx_word' id='word_1_209' title='bbox 793 2849 949 2931; x_wconf 79' lang='lat' dir='ltr'><strong>Epistolae</strong></span> <span class='ocrx_word' id='word_1_210' title='bbox 974 2857 1006 2913; x_wconf 92' lang='lat' dir='ltr'><strong>et</strong></span> <span class='ocrx_word' id='word_1_211' title='bbox 1033 2849 1192 2935; x_wconf 82' lang='lat' dir='ltr'><strong>Evangelii</strong></span> <span class='ocrx_word' id='word_1_212' title='bbox 1219 2851 1398 2931; x_wconf 88' lang='lat' dir='ltr'><strong>lectionem,</strong></span> <span class='ocrx_word' id='word_1_213' title='bbox 1428 2859 1534 2914; x_wconf 93' lang='lat' dir='ltr'><strong>contra</strong></span> <span class='ocrx_word' id='word_1_214' title='bbox 1564 2849 1749 2916; x_wconf 90' lang='lat' dir='ltr'><strong>Orientalem</strong></span> 
     </span>
     <span class='ocr_line' id='line_1_23' title="bbox 376 2947 1749 3032; baseline -0.003 -16"><span class='ocrx_word' id='word_1_215' title='bbox 376 2950 562 3032; x_wconf 91' lang='lat' dir='ltr'><strong>disciplinam</strong></span> <span class='ocrx_word' id='word_1_216' title='bbox 584 2955 645 3012; x_wconf 90' lang='lat' dir='ltr'><strong>est:</strong></span> <span class='ocrx_word' id='word_1_217' title='bbox 674 2947 766 3013; x_wconf 89' lang='lat' dir='ltr'><strong>multo</strong></span> <span class='ocrx_word' id='word_1_218' title='bbox 788 2950 883 3030; x_wconf 77' lang='lat' dir='ltr'><strong>magis</strong></span> <span class='ocrx_word' id='word_1_219' title='bbox 907 2949 1044 3029; x_wconf 87' lang='lat' dir='ltr'><strong>expulsio</strong></span> <span class='ocrx_word' id='word_1_220' title='bbox 1068 2947 1375 3030; x_wconf 80' lang='lat' dir='ltr'><strong>catechumenorum,</strong></span> <span class='ocrx_word' id='word_1_221' title='bbox 1398 2958 1556 3032; x_wconf 86' lang='lat' dir='ltr'><strong>antequam</strong></span> <span class='ocrx_word' id='word_1_222' title='bbox 1579 2952 1749 3032; x_wconf 90' lang='lat' dir='ltr'><strong>scripturae</strong></span> 
     </span>
     <span class='ocr_line' id='line_1_24' title="bbox 375 3047 1748 3136; baseline -0.007 -19"><span class='ocrx_word' id='word_1_223' title='bbox 375 3053 563 3136; x_wconf 77' lang='lat' dir='ltr'><strong>legerentur,</strong></span> <span class='ocrx_word' id='word_1_224' title='bbox 585 3065 653 3110; x_wconf 91' lang='lat' dir='ltr'><strong>cum</strong></span> <span class='ocrx_word' id='word_1_225' title='bbox 674 3065 735 3110; x_wconf 89' lang='lat' dir='ltr'><strong>non</strong></span> <span class='ocrx_word' id='word_1_226' title='bbox 757 3047 815 3110; x_wconf 88' lang='lat' dir='ltr'><strong>nisi</strong></span> <span class='ocrx_word' id='word_1_227' title='bbox 838 3055 997 3130; x_wconf 87' lang='lat' dir='ltr'><strong>autequam</strong></span> <span class='ocrx_word' id='word_1_228' title='bbox 1020 3049 1199 3112; x_wconf 87' lang='lat' dir='ltr'><strong>actiesacra</strong></span> <span class='ocrx_word' id='word_1_229' title='bbox 1216 3051 1411 3131; x_wconf 89' lang='lat' dir='ltr'><strong>inciperetur,</strong></span> <span class='ocrx_word' id='word_1_230' title='bbox 1435 3067 1545 3130; x_wconf 89' lang='lat' dir='ltr'><strong>nempe</strong></span> <span class='ocrx_word' id='word_1_231' title='bbox 1558 3050 1639 3112; x_wconf 90' lang='lat' dir='ltr'><strong>circa</strong></span> <span class='ocrx_word' id='word_1_232' title='bbox 1653 3064 1748 3110; x_wconf 91' lang='lat' dir='ltr'><strong>oscu-</strong></span> 
     </span>
     <span class='ocr_line' id='line_1_25' title="bbox 374 3145 1747 3231; baseline -0.004 -17"><span class='ocrx_word' id='word_1_233' title='bbox 374 3151 436 3214; x_wconf 90' lang='lat' dir='ltr'><strong>lum</strong></span> <span class='ocrx_word' id='word_1_234' title='bbox 457 3150 553 3231; x_wconf 83' lang='lat' dir='ltr'><strong>pacis,</strong></span> <span class='ocrx_word' id='word_1_235' title='bbox 576 3147 713 3212; x_wconf 88' lang='lat' dir='ltr'><strong>solerent</strong></span> <span class='ocrx_word' id='word_1_236' title='bbox 734 3147 813 3228; x_wconf 87' lang='lat' dir='ltr'><strong>ejici.</strong></span> <span class='ocrx_word' id='word_1_237' title='bbox 844 3147 883 3209; x_wconf 92' lang='lat' dir='ltr'><strong>Ut</strong></span> <span class='ocrx_word' id='word_1_238' title='bbox 895 3166 930 3210; x_wconf 93' lang='lat' dir='ltr'><strong>se</strong></span> <span class='ocrx_word' id='word_1_239' title='bbox 947 3145 1037 3210; x_wconf 91' lang='lat' dir='ltr'><strong>habet</strong></span> <span class='ocrx_word' id='word_1_240' title='bbox 1052 3148 1151 3211; x_wconf 85' lang='lat' dir='ltr'><strong>codex</strong></span> <span class='ocrx_word' id='word_1_241' title='bbox 1163 3166 1251 3230; x_wconf 92' lang='lat' dir='ltr'><strong>quern</strong></span> <span class='ocrx_word' id='word_1_242' title='bbox 1264 3149 1360 3211; x_wconf 92' lang='lat' dir='ltr'><strong>secuti</strong></span> <span class='ocrx_word' id='word_1_243' title='bbox 1382 3148 1610 3228; x_wconf 90' lang='lat' dir='ltr'><strong>interpretando</strong></span> <span class='ocrx_word' id='word_1_244' title='bbox 1633 3163 1747 3226; x_wconf 87' lang='lat' dir='ltr'><strong>sumus,</strong></span> 
     </span>
     <span class='ocr_line' id='line_1_26' title="bbox 376 3245 1746 3329; baseline -0.004 -17"><span class='ocrx_word' id='word_1_245' title='bbox 376 3248 536 3329; x_wconf 90' lang='lat' dir='ltr'><strong>disciplina</strong></span> <span class='ocrx_word' id='word_1_246' title='bbox 566 3266 655 3328; x_wconf 91' lang='lat' dir='ltr'><strong>quam</strong></span> <span class='ocrx_word' id='word_1_247' title='bbox 677 3254 902 3327; x_wconf 91' lang='lat' dir='ltr'><strong>repraesentat,</strong></span> <span class='ocrx_word' id='word_1_248' title='bbox 933 3245 1126 3310; x_wconf 82' lang='lat' dir='ltr'><strong>confirmatur</strong></span> <span class='ocrx_word' id='word_1_249' title='bbox 1157 3246 1297 3328; x_wconf 81' lang='lat' dir='ltr'><strong>exemplo</strong></span> <span class='ocrx_word' id='word_1_250' title='bbox 1327 3246 1513 3328; x_wconf 88' lang='lat' dir='ltr'><strong>reliquarum</strong></span> <span class='ocrx_word' id='word_1_251' title='bbox 1540 3245 1746 3309; x_wconf 88' lang='lat' dir='ltr'><strong>Ecclesiarum</strong></span> 
     </span>
     <span class='ocr_line' id='line_1_27' title="bbox 375 3344 1750 3428; baseline -0.005 -15"><span class='ocrx_word' id='word_1_252' title='bbox 375 3345 581 3413; x_wconf 90' lang='lat' dir='ltr'><strong>Orientalium.</strong></span> <span class='ocrx_word' id='word_1_253' title='bbox 624 3345 712 3409; x_wconf 88' lang='lat' dir='ltr'><strong>Plura</strong></span> <span class='ocrx_word' id='word_1_254' title='bbox 743 3345 782 3409; x_wconf 92' lang='lat' dir='ltr'><strong>de</strong></span> <span class='ocrx_word' id='word_1_255' title='bbox 811 3347 1009 3411; x_wconf 90' lang='lat' dir='ltr'><strong>caeremoniis</strong></span> <span class='ocrx_word' id='word_1_256' title='bbox 1041 3347 1289 3410; x_wconf 90' lang='lat' dir='ltr'><strong>Nestorianorum</strong></span> <span class='ocrx_word' id='word_1_257' title='bbox 1319 3345 1357 3409; x_wconf 93' lang='lat' dir='ltr'><strong>ad</strong></span> <span class='ocrx_word' id='word_1_258' title='bbox 1386 3345 1463 3409; x_wconf 91' lang='lat' dir='ltr'><strong>hane</strong></span> <span class='ocrx_word' id='word_1_259' title='bbox 1491 3344 1646 3428; x_wconf 87' lang='lat' dir='ltr'><strong>Liturgiae</strong></span> <span class='ocrx_word' id='word_1_260' title='bbox 1673 3363 1750 3426; x_wconf 90' lang='lat' dir='ltr'><strong>par-</strong></span> 
     </span>
     <span class='ocr_line' id='line_1_28' title="bbox 370 3443 1747 3527; baseline -0.003 -16"><span class='ocrx_word' id='word_1_261' title='bbox 370 3456 431 3511; x_wconf 88' lang='lat' dir='ltr'><strong>tem</strong></span> <span class='ocrx_word' id='word_1_262' title='bbox 457 3445 560 3509; x_wconf 93' lang='lat' dir='ltr'><strong>dicere</strong></span> <span class='ocrx_word' id='word_1_263' title='bbox 594 3464 655 3509; x_wconf 92' lang='lat' dir='ltr'><strong>non</strong></span> <span class='ocrx_word' id='word_1_264' title='bbox 682 3463 858 3526; x_wconf 90' lang='lat' dir='ltr'><strong>possumus,</strong></span> <span class='ocrx_word' id='word_1_265' title='bbox 882 3465 950 3509; x_wconf 92' lang='lat' dir='ltr'><strong>cum</strong></span> <span class='ocrx_word' id='word_1_266' title='bbox 971 3444 1101 3509; x_wconf 88' lang='lat' dir='ltr'><strong>Codices</strong></span> <span class='ocrx_word' id='word_1_267' title='bbox 1136 3446 1330 3527; x_wconf 89' lang='lat' dir='ltr'><strong>manuscripti</strong></span> <span class='ocrx_word' id='word_1_268' title='bbox 1359 3443 1458 3508; x_wconf 89' lang='lat' dir='ltr'><strong>nullas</strong></span> <span class='ocrx_word' id='word_1_269' title='bbox 1488 3461 1587 3527; x_wconf 88' lang='lat' dir='ltr'><strong>prope</strong></span> <span class='ocrx_word' id='word_1_270' title='bbox 1609 3445 1747 3508; x_wconf 89' lang='lat' dir='ltr'><strong>rubricas</strong></span> 
     </span>
     <span class='ocr_line' id='line_1_29' title="bbox 373 3543 1747 3628; baseline -0.004 -18"><span class='ocrx_word' id='word_1_271' title='bbox 373 3547 521 3610; x_wconf 88' lang='lat' dir='ltr'><strong>habeant:</strong></span> <span class='ocrx_word' id='word_1_272' title='bbox 551 3546 660 3608; x_wconf 89' lang='lat' dir='ltr'><strong>rituum</strong></span> <span class='ocrx_word' id='word_1_273' title='bbox 689 3543 873 3628; x_wconf 87' lang='lat' dir='ltr'><strong>interpretes</strong></span> <span class='ocrx_word' id='word_1_274' title='bbox 901 3546 1000 3609; x_wconf 87' lang='lat' dir='ltr'><strong>nullos</strong></span> <span class='ocrx_word' id='word_1_275' title='bbox 1028 3546 1086 3609; x_wconf 92' lang='lat' dir='ltr'><strong>buc</strong></span> <span class='ocrx_word' id='word_1_276' title='bbox 1108 3564 1206 3626; x_wconf 91' lang='lat' dir='ltr'><strong>usque</strong></span> <span class='ocrx_word' id='word_1_277' title='bbox 1227 3545 1398 3609; x_wconf 90' lang='lat' dir='ltr'><strong>viderimus.</strong></span> <span class='ocrx_word' id='word_1_278' title='bbox 1445 3545 1557 3607; x_wconf 87' lang='lat' dir='ltr'><strong>Tamen</strong></span> <span class='ocrx_word' id='word_1_279' title='bbox 1579 3543 1747 3627; x_wconf 75' lang='lat' dir='ltr'><strong>symbolum</strong></span> 
     </span>
     <span class='ocr_line' id='line_1_30' title="bbox 372 3643 1748 3728; baseline -0.002 -21"><span class='ocrx_word' id='word_1_280' title='bbox 372 3645 531 3710; x_wconf 89' lang='lat' dir='ltr'><strong>recitatum</strong></span> <span class='ocrx_word' id='word_1_281' title='bbox 548 3644 643 3708; x_wconf 86' lang='lat' dir='ltr'><strong>luisse</strong></span> <span class='ocrx_word' id='word_1_282' title='bbox 665 3653 735 3728; x_wconf 86' lang='lat' dir='ltr'><strong>post</strong></span> <span class='ocrx_word' id='word_1_283' title='bbox 755 3646 953 3728; x_wconf 83' lang='lat' dir='ltr'><strong>Evangelium</strong></span> <span class='ocrx_word' id='word_1_284' title='bbox 970 3663 1032 3709; x_wconf 90' lang='lat' dir='ltr'><strong>non</strong></span> <span class='ocrx_word' id='word_1_285' title='bbox 1053 3645 1233 3724; x_wconf 88' lang='lat' dir='ltr'><strong>dubitamus,</strong></span> <span class='ocrx_word' id='word_1_286' title='bbox 1257 3645 1393 3726; x_wconf 85' lang='lat' dir='ltr'><strong>quamvis</strong></span> <span class='ocrx_word' id='word_1_287' title='bbox 1415 3643 1488 3707; x_wconf 91' lang='lat' dir='ltr'><strong>nihil</strong></span> <span class='ocrx_word' id='word_1_288' title='bbox 1510 3643 1549 3706; x_wconf 93' lang='lat' dir='ltr'><strong>de</strong></span> <span class='ocrx_word' id='word_1_289' title='bbox 1572 3661 1610 3707; x_wconf 91' lang='lat' dir='ltr'><strong>eo</strong></span> <span class='ocrx_word' id='word_1_290' title='bbox 1633 3660 1748 3707; x_wconf 91' lang='lat' dir='ltr'><strong>occur-</strong></span> 
     </span>
     <span class='ocr_line' id='line_1_31' title="bbox 374 3742 1745 3828; baseline -0.003 -20"><span class='ocrx_word' id='word_1_291' title='bbox 374 3751 433 3823; x_wconf 92' lang='lat' dir='ltr'><strong>rat,</strong></span> <span class='ocrx_word' id='word_1_292' title='bbox 456 3761 524 3806; x_wconf 91' lang='lat' dir='ltr'><strong>cum</strong></span> <span class='ocrx_word' id='word_1_293' title='bbox 546 3745 625 3808; x_wconf 92' lang='lat' dir='ltr'><strong>inter</strong></span> <span class='ocrx_word' id='word_1_294' title='bbox 646 3744 805 3808; x_wconf 90' lang='lat' dir='ltr'><strong>blissarum</strong></span> <span class='ocrx_word' id='word_1_295' title='bbox 827 3744 963 3808; x_wconf 91' lang='lat' dir='ltr'><strong>solennia</strong></span> <span class='ocrx_word' id='word_1_296' title='bbox 994 3746 1074 3828; x_wconf 90' lang='lat' dir='ltr'><strong>apud</strong></span> <span class='ocrx_word' id='word_1_297' title='bbox 1101 3745 1170 3810; x_wconf 87' lang='lat' dir='ltr'><strong>illos</strong></span> <span class='ocrx_word' id='word_1_298' title='bbox 1199 3746 1266 3808; x_wconf 88' lang='lat' dir='ltr'><strong>cani</strong></span> <span class='ocrx_word' id='word_1_299' title='bbox 1288 3744 1385 3808; x_wconf 90' lang='lat' dir='ltr'><strong>multis</strong></span> <span class='ocrx_word' id='word_1_300' title='bbox 1409 3751 1547 3806; x_wconf 91' lang='lat' dir='ltr'><strong>autorum</strong></span> <span class='ocrx_word' id='word_1_301' title='bbox 1570 3742 1745 3805; x_wconf 91' lang='lat' dir='ltr'><strong>testimoniis</strong></span> 
     </span>
     <span class='ocr_line' id='line_1_32' title="bbox 375 3850 504 3908; baseline 0 -1"><span class='ocrx_word' id='word_1_302' title='bbox 375 3850 504 3908; x_wconf 89' lang='lat' dir='ltr'><strong>constet.</strong></span> 
     </span>
    </p>
   </div>
   <div class='ocr_carea' id='block_1_5' title="bbox 598 4083 1473 4200">
    <p class='ocr_par' dir='ltr' id='par_1_6' title="bbox 598 4083 1473 4200">
     <span class='ocr_line' id='line_1_33' title="bbox 598 4083 1473 4200; baseline -0.01 -19"><span class='ocrx_word' id='word_1_303' title='bbox 598 4083 606 4112; x_wconf 48' lang='grc' dir='ltr'><em>Ι</em></span> <span class='ocrx_word' id='word_1_304' title='bbox 738 4105 773 4180; x_wconf 90' lang='grc'><strong>6.</strong></span> <span class='ocrx_word' id='word_1_305' title='bbox 811 4104 877 4191; x_wconf 79' lang='lat' dir='ltr'><strong>Oui</strong></span> <span class='ocrx_word' id='word_1_306' title='bbox 902 4125 971 4178; x_wconf 83' lang='lat' dir='ltr'><strong>acu</strong></span> <span class='ocrx_word' id='word_1_307' title='bbox 997 4107 1135 4200; x_wconf 85' lang='lat' dir='ltr'><strong>occepit</strong></span> <span class='ocrx_word' id='word_1_308' title='bbox 1160 4104 1380 4199; x_wconf 76' lang='lat' dir='ltr'><strong>Baptiamarn.</strong></span> <span class='ocrx_word' id='word_1_309' title='bbox 1465 4153 1473 4172; x_wconf 73' lang='lat'><strong>.</strong></span> 
     </span>
    </p>
   </div>
   <div class='ocr_carea' id='block_1_6' title="bbox 374 4295 1746 4798">
    <p class='ocr_par' dir='ltr' id='par_1_7' title="bbox 374 4295 1746 4798">
     <span class='ocr_line' id='line_1_34' title="bbox 464 4295 1745 4393; baseline -0.006 -17"><span class='ocrx_word' id='word_1_310' title='bbox 464 4295 556 4376; x_wconf 72' lang='lat' dir='ltr'><strong>liare</strong></span> <span class='ocrx_word' id='word_1_311' title='bbox 585 4311 689 4393; x_wconf 89' lang='lat' dir='ltr'><strong>primis</strong></span> <span class='ocrx_word' id='word_1_312' title='bbox 720 4315 832 4372; x_wconf 72' lang='lat' dir='ltr'><strong>mutarn</strong></span> <span class='ocrx_word' id='word_1_313' title='bbox 863 4310 989 4373; x_wconf 87' lang='lat' dir='ltr'><strong>vecibus</strong></span> <span class='ocrx_word' id='word_1_314' title='bbox 1023 4308 1221 4393; x_wconf 83' lang='lat' dir='ltr'><strong>designantur</strong></span> <span class='ocrx_word' id='word_1_315' title='bbox 1253 4309 1284 4370; x_wconf 87' lang='lat' dir='ltr'><strong>in</strong></span> <span class='ocrx_word' id='word_1_316' title='bbox 1317 4307 1537 4388; x_wconf 89' lang='lat' dir='ltr'><strong>manuscriptis.</strong></span> <span class='ocrx_word' id='word_1_317' title='bbox 1589 4303 1624 4368; x_wconf 93' lang='lat' dir='ltr'><strong>ln</strong></span> <span class='ocrx_word' id='word_1_318' title='bbox 1652 4303 1745 4368; x_wconf 88' lang='lat' dir='ltr'><strong>blissa</strong></span> 
     </span>
     <span class='ocr_line' id='line_1_35' title="bbox 374 4407 1744 4498; baseline 0 -24"><span class='ocrx_word' id='word_1_319' title='bbox 374 4411 556 4475; x_wconf 83' lang='lat' dir='ltr'><strong>llalabarica</strong></span> <span class='ocrx_word' id='word_1_320' title='bbox 578 4414 617 4476; x_wconf 89' lang='lat' dir='ltr'><strong>ita</strong></span> <span class='ocrx_word' id='word_1_321' title='bbox 640 4412 762 4498; x_wconf 87' lang='lat' dir='ltr'><strong>legitur.</strong></span> <span class='ocrx_word' id='word_1_322' title='bbox 791 4412 853 4489; x_wconf 80' lang='lat' dir='ltr'><strong>(lui</strong></span> <span class='ocrx_word' id='word_1_323' title='bbox 872 4431 933 4474; x_wconf 81' lang='lat' dir='ltr'><strong>aea</strong></span> <span class='ocrx_word' id='word_1_324' title='bbox 955 4414 1088 4492; x_wconf 76' lang='lat' dir='ltr'><strong>aeceptt</strong></span> <span class='ocrx_word' id='word_1_325' title='bbox 1102 4411 1291 4493; x_wconf 76' lang='lat' dir='ltr'><strong>Baptiemunt</strong></span> <span class='ocrx_word' id='word_1_326' title='bbox 1313 4411 1462 4474; x_wconf 80' lang='lat' dir='ltr'><strong>discedot.</strong></span> <span class='ocrx_word' id='word_1_327' title='bbox 1496 4407 1625 4472; x_wconf 78' lang='lat' dir='ltr'><strong>chono.</strong></span> <span class='ocrx_word' id='word_1_328' title='bbox 1660 4407 1744 4474; x_wconf 86' lang='lat' dir='ltr'><strong>Vere.</strong></span> 
     </span>
     <span class='ocr_line' id='line_1_36' title="bbox 374 4509 1746 4592; baseline -0.003 -16"><span class='ocrx_word' id='word_1_329' title='bbox 374 4511 435 4587; x_wconf 78' lang='lat' dir='ltr'><strong>(lai</strong></span> <span class='ocrx_word' id='word_1_330' title='bbox 453 4531 514 4576; x_wconf 90' lang='lat' dir='ltr'><strong>noa</strong></span> <span class='ocrx_word' id='word_1_331' title='bbox 535 4515 668 4592; x_wconf 80' lang='lat' dir='ltr'><strong>arseepit</strong></span> <span class='ocrx_word' id='word_1_332' title='bbox 688 4513 771 4591; x_wconf 63' lang='lat' dir='ltr'><strong>adad,</strong></span> <span class='ocrx_word' id='word_1_333' title='bbox 795 4512 941 4576; x_wconf 75' lang='lat' dir='ltr'><strong>discedot.</strong></span> <span class='ocrx_word' id='word_1_334' title='bbox 976 4509 1136 4576; x_wconf 89' lang='lat' dir='ltr'><strong>Sacerdos.</strong></span> <span class='ocrx_word' id='word_1_335' title='bbox 1165 4511 1211 4574; x_wconf 87' lang='lat' dir='ltr'><strong>lte</strong></span> <span class='ocrx_word' id='word_1_336' title='bbox 1233 4511 1391 4572; x_wconf 74' lang='lat' dir='ltr'><strong>audientes</strong></span> <span class='ocrx_word' id='word_1_337' title='bbox 1412 4517 1442 4572; x_wconf 85' lang='lat' dir='ltr'><strong>et</strong></span> <span class='ocrx_word' id='word_1_338' title='bbox 1460 4510 1560 4572; x_wconf 80' lang='lat' dir='ltr'><strong>videte</strong></span> <span class='ocrx_word' id='word_1_339' title='bbox 1582 4510 1671 4572; x_wconf 83' lang='lat' dir='ltr'><strong>artic.</strong></span> <span class='ocrx_word' id='word_1_340' title='bbox 1701 4509 1746 4572; x_wconf 93' lang='lat' dir='ltr'><strong>Ea</strong></span> 
     </span>
     <span class='ocr_line' id='line_1_37' title="bbox 374 4605 1746 4694; baseline -0.001 -21"><span class='ocrx_word' id='word_1_341' title='bbox 374 4628 449 4673; x_wconf 87' lang='lat' dir='ltr'><strong>vero</strong></span> <span class='ocrx_word' id='word_1_342' title='bbox 471 4610 564 4674; x_wconf 86' lang='lat' dir='ltr'><strong>verba</strong></span> <span class='ocrx_word' id='word_1_343' title='bbox 586 4611 742 4676; x_wconf 89' lang='lat' dir='ltr'><strong>iormulam</strong></span> <span class='ocrx_word' id='word_1_344' title='bbox 763 4612 925 4694; x_wconf 81' lang='lat' dir='ltr'><strong>integram,</strong></span> <span class='ocrx_word' id='word_1_345' title='bbox 946 4619 980 4674; x_wconf 87' lang='lat' dir='ltr'><strong>ut</strong></span> <span class='ocrx_word' id='word_1_346' title='bbox 992 4613 1120 4675; x_wconf 83' lang='lat' dir='ltr'><strong>maxime</strong></span> <span class='ocrx_word' id='word_1_347' title='bbox 1137 4607 1302 4674; x_wconf 84' lang='lat' dir='ltr'><strong>verisimile</strong></span> <span class='ocrx_word' id='word_1_348' title='bbox 1314 4616 1371 4688; x_wconf 86' lang='lat' dir='ltr'><strong>est,</strong></span> <span class='ocrx_word' id='word_1_349' title='bbox 1385 4610 1549 4672; x_wconf 86' lang='lat' dir='ltr'><strong>continent.</strong></span> <span class='ocrx_word' id='word_1_350' title='bbox 1578 4605 1612 4668; x_wconf 90' lang='lat' dir='ltr'><strong>ln</strong></span> <span class='ocrx_word' id='word_1_351' title='bbox 1629 4608 1746 4672; x_wconf 89' lang='lat' dir='ltr'><strong>Graeca</strong></span> 
     </span>
     <span class='ocr_line' id='line_1_38' title="bbox 375 4697 1746 4798; baseline -0.001 -26"><span class='ocrx_word' id='word_1_352' title='bbox 375 4707 594 4792; x_wconf 79' lang='lat' dir='ltr'><strong>chrysostomi.</strong></span> <span class='ocrx_word' id='word_1_353' title='bbox 631 4699 723 4776; x_wconf 83' lang='grc' dir='ltr'><strong><em>Ὅσοι</em></strong></span> <span class='ocrx_word' id='word_1_354' title='bbox 751 4697 982 4796; x_wconf 74' lang='grc' dir='ltr'><strong><em>κατηχούμενοι</em></strong></span> <span class='ocrx_word' id='word_1_355' title='bbox 1009 4704 1204 4798; x_wconf 76' lang='grc' dir='ltr'><strong><em>προέλθετε.</em></strong></span> <span class='ocrx_word' id='word_1_356' title='bbox 1246 4709 1309 4794; x_wconf 77' lang='grc' dir='ltr'><strong>Μή</strong></span> <span class='ocrx_word' id='word_1_357' title='bbox 1329 4726 1382 4782; x_wconf 79' lang='grc' dir='ltr'><strong>τις</strong></span> <span class='ocrx_word' id='word_1_358' title='bbox 1402 4705 1467 4771; x_wconf 83' lang='lat' dir='ltr'><strong>caia</strong></span> <span class='ocrx_word' id='word_1_359' title='bbox 1485 4700 1746 4792; x_wconf 73' lang='grc' dir='ltr'><strong><em>κατηχουμένων.</em></strong></span> 
     </span>
    </p>
   </div>
   <div class='ocr_carea' id='block_1_7' title="bbox 273 4805 1745 4892">
    <p class='ocr_par' dir='ltr' id='par_1_8' title="bbox 273 4805 1745 4892">
     <span class='ocr_line' id='line_1_39' title="bbox 273 4805 1745 4892; baseline -0.004 -18"><span class='ocrx_word' id='word_1_360' title='bbox 273 4839 289 4887; x_wconf 79' lang='grc'><strong>·,</strong></span> <span class='ocrx_word' id='word_1_361' title='bbox 375 4808 528 4891; x_wconf 81' lang='lat' dir='ltr'><strong>Ouotquot</strong></span> <span class='ocrx_word' id='word_1_362' title='bbox 554 4807 768 4874; x_wconf 72' lang='lat' dir='ltr'><strong>ecbatanam·</strong></span> <span class='ocrx_word' id='word_1_363' title='bbox 794 4813 868 4874; x_wconf 79' lang='lat' dir='ltr'><strong>ertia</strong></span> <span class='ocrx_word' id='word_1_364' title='bbox 895 4811 1034 4874; x_wconf 82' lang='lat' dir='ltr'><strong>recedite.</strong></span> <span class='ocrx_word' id='word_1_365' title='bbox 1069 4811 1116 4874; x_wconf 88' lang='lat' dir='ltr'><strong>Ne</strong></span> <span class='ocrx_word' id='word_1_366' title='bbox 1144 4811 1213 4892; x_wconf 82' lang='lat' dir='ltr'><strong>qais</strong></span> <span class='ocrx_word' id='word_1_367' title='bbox 1242 4807 1539 4872; x_wconf 80' lang='lat' dir='ltr'><strong>Cotecbamenomm.</strong></span> <span class='ocrx_word' id='word_1_368' title='bbox 1582 4805 1616 4868; x_wconf 93' lang='lat' dir='ltr'><strong>ln</strong></span> <span class='ocrx_word' id='word_1_369' title='bbox 1638 4806 1745 4870; x_wconf 89' lang='lat' dir='ltr'><strong>lacobi</strong></span> 
     </span>
    </p>
   </div>
   <div class='ocr_carea' id='block_1_8' title="bbox 372 4893 1746 5384">
    <p class='ocr_par' dir='ltr' id='par_1_9' title="bbox 374 4893 1746 4995">
     <span class='ocr_line' id='line_1_40' title="bbox 374 4893 1746 4995; baseline -0.001 -25"><span class='ocrx_word' id='word_1_370' title='bbox 374 4907 503 4974; x_wconf 86' lang='lat' dir='ltr'><strong>Graeca.</strong></span> <span class='ocrx_word' id='word_1_371' title='bbox 546 4895 609 4994; x_wconf 81' lang='grc' dir='ltr'><strong>Μή</strong></span> <span class='ocrx_word' id='word_1_372' title='bbox 630 4929 682 4982; x_wconf 81' lang='grc' dir='ltr'><strong>τις</strong></span> <span class='ocrx_word' id='word_1_373' title='bbox 702 4903 961 4995; x_wconf 78' lang='grc' dir='ltr'><strong><em>κατηχουμένων,</em></strong></span> <span class='ocrx_word' id='word_1_374' title='bbox 988 4899 1037 4994; x_wconf 75' lang='grc' dir='ltr'><strong>μή</strong></span> <span class='ocrx_word' id='word_1_375' title='bbox 1057 4930 1109 4986; x_wconf 82' lang='grc' dir='ltr'><strong>τις</strong></span> <span class='ocrx_word' id='word_1_376' title='bbox 1129 4893 1297 4993; x_wconf 71' lang='grc' dir='ltr'><strong>οἶμνὴτων,Ι</strong></span> <span class='ocrx_word' id='word_1_377' title='bbox 1319 4901 1374 4970; x_wconf 81' lang='grc' dir='ltr'><strong>καὶ</strong></span> <span class='ocrx_word' id='word_1_378' title='bbox 1394 4895 1442 4992; x_wconf 72' lang='grc' dir='ltr'><strong>μὴ</strong></span> <span class='ocrx_word' id='word_1_379' title='bbox 1464 4899 1647 4986; x_wconf 78' lang='grc' dir='ltr'><strong><em>δυναμένων</em></strong></span> <span class='ocrx_word' id='word_1_380' title='bbox 1668 4895 1746 4992; x_wconf 79' lang='grc' dir='ltr'><strong><em>ἡμῖν</em></strong></span> 
     </span>
    </p>

    <p class='ocr_par' dir='ltr' id='par_1_10' title="bbox 374 5003 1745 5094">
     <span class='ocr_line' id='line_1_41' title="bbox 374 5003 1745 5094; baseline 0.013 -28"><span class='ocrx_word' id='word_1_381' title='bbox 374 5003 603 5094; x_wconf 73' lang='grc' dir='ltr'><strong><em>συνδεηθῆναι.</em></strong></span> <span class='ocrx_word' id='word_1_382' title='bbox 646 5009 692 5072; x_wconf 89' lang='lat' dir='ltr'><strong>Ne</strong></span> <span class='ocrx_word' id='word_1_383' title='bbox 714 5011 782 5092; x_wconf 81' lang='lat' dir='ltr'><strong>qaia</strong></span> <span class='ocrx_word' id='word_1_384' title='bbox 804 5009 1109 5088; x_wconf 74' lang='lat' dir='ltr'><strong>catechumenorum,</strong></span> <span class='ocrx_word' id='word_1_385' title='bbox 1138 5030 1177 5073; x_wconf 87' lang='lat' dir='ltr'><strong>ae</strong></span> <span class='ocrx_word' id='word_1_386' title='bbox 1194 5010 1274 5090; x_wconf 73' lang='lat' dir='ltr'><strong>,paris</strong></span> <span class='ocrx_word' id='word_1_387' title='bbox 1294 5026 1357 5069; x_wconf 75' lang='lat' dir='ltr'><strong>non</strong></span> <span class='ocrx_word' id='word_1_388' title='bbox 1379 5007 1580 5082; x_wconf 64' lang='lat' dir='ltr'><strong>intlfaivruma</strong></span> <span class='ocrx_word' id='word_1_389' title='bbox 1609 5024 1648 5066; x_wconf 59' lang='grc' dir='ltr'><strong>πθ</strong></span> <span class='ocrx_word' id='word_1_390' title='bbox 1677 5007 1745 5086; x_wconf 63' lang='lat' dir='ltr'><strong>‹11¹ss</strong></span> 
     </span>
    </p>

    <p class='ocr_par' dir='ltr' id='par_1_11' title="bbox 373 5091 1743 5192">
     <span class='ocr_line' id='line_1_42' title="bbox 373 5091 1743 5192; baseline -0.001 -26"><span class='ocrx_word' id='word_1_391' title='bbox 373 5124 478 5168; x_wconf 86' lang='lat' dir='ltr'><strong>eoram</strong></span> <span class='ocrx_word' id='word_1_392' title='bbox 498 5110 551 5187; x_wconf 86' lang='lat' dir='ltr'><strong>qai</strong></span> <span class='ocrx_word' id='word_1_393' title='bbox 570 5107 726 5173; x_wconf 81' lang='lat' dir='ltr'><strong>nobiccum</strong></span> <span class='ocrx_word' id='word_1_394' title='bbox 747 5109 837 5172; x_wconf 81' lang='lat' dir='ltr'><strong>simul</strong></span> <span class='ocrx_word' id='word_1_395' title='bbox 857 5128 948 5172; x_wconf 84' lang='lat' dir='ltr'><strong>orare</strong></span> <span class='ocrx_word' id='word_1_396' title='bbox 969 5129 1030 5174; x_wconf 86' lang='lat' dir='ltr'><strong>aaa</strong></span> <span class='ocrx_word' id='word_1_397' title='bbox 1049 5117 1187 5191; x_wconf 80' lang='lat' dir='ltr'><strong>perrorat.</strong></span> <span class='ocrx_word' id='word_1_398' title='bbox 1219 5095 1280 5180; x_wconf 68' lang='grc' dir='ltr'><strong>τὰς</strong></span> <span class='ocrx_word' id='word_1_399' title='bbox 1301 5091 1420 5192; x_wconf 71' lang='grc' dir='ltr'><em>θύρας.</em></span> <span class='ocrx_word' id='word_1_400' title='bbox 1455 5105 1570 5168; x_wconf 86' lang='lat' dir='ltr'><strong>Portas</strong></span> <span class='ocrx_word' id='word_1_401' title='bbox 1603 5103 1743 5166; x_wconf 78' lang='lat' dir='ltr'><strong>claudite.</strong></span> 
     </span>
    </p>

    <p class='ocr_par' dir='ltr' id='par_1_12' title="bbox 372 5201 1743 5384">
     <span class='ocr_line' id='line_1_43' title="bbox 372 5201 1743 5291; baseline -0.001 -25"><span class='ocrx_word' id='word_1_402' title='bbox 372 5201 452 5270; x_wconf 87' lang='lat' dir='ltr'><strong>llibil</strong></span> <span class='ocrx_word' id='word_1_403' title='bbox 478 5203 537 5268; x_wconf 88' lang='lat' dir='ltr'><strong>hoc</strong></span> <span class='ocrx_word' id='word_1_404' title='bbox 565 5208 625 5272; x_wconf 92' lang='lat' dir='ltr'><strong>ritu</strong></span> <span class='ocrx_word' id='word_1_405' title='bbox 654 5209 755 5276; x_wconf 89' lang='lat' dir='ltr'><strong>notius</strong></span> <span class='ocrx_word' id='word_1_406' title='bbox 785 5209 816 5272; x_wconf 95' lang='lat' dir='ltr'><strong>in</strong></span> <span class='ocrx_word' id='word_1_407' title='bbox 842 5208 941 5271; x_wconf 84' lang='lat' dir='ltr'><strong>veteri</strong></span> <span class='ocrx_word' id='word_1_408' title='bbox 970 5207 1143 5291; x_wconf 88' lang='lat' dir='ltr'><strong>disciplina;</strong></span> <span class='ocrx_word' id='word_1_409' title='bbox 1168 5207 1228 5272; x_wconf 88' lang='lat' dir='ltr'><strong>sed</strong></span> <span class='ocrx_word' id='word_1_410' title='bbox 1251 5206 1321 5287; x_wconf 93' lang='lat' dir='ltr'><strong>quia</strong></span> <span class='ocrx_word' id='word_1_411' title='bbox 1344 5206 1406 5288; x_wconf 92' lang='lat' dir='ltr'><strong>jam</strong></span> <span class='ocrx_word' id='word_1_412' title='bbox 1437 5224 1455 5268; x_wconf 90' lang='lat' dir='ltr'><strong>a</strong></span> <span class='ocrx_word' id='word_1_413' title='bbox 1484 5203 1584 5267; x_wconf 90' lang='lat' dir='ltr'><strong>multis</strong></span> <span class='ocrx_word' id='word_1_414' title='bbox 1613 5201 1743 5266; x_wconf 88' lang='lat' dir='ltr'><strong>saeculis</strong></span> 
     </span>
     <span class='ocr_line' id='line_1_44' title="bbox 412 5309 1541 5384; baseline 0.01 -12"><span class='ocrx_word' id='word_1_415' title='bbox 412 5329 535 5374; x_wconf 76' lang='lat' dir='ltr'><strong>aaaron</strong></span> <span class='ocrx_word' id='word_1_416' title='bbox 1491 5309 1541 5384; x_wconf 81' lang='grc'><strong>78</strong></span> 
     </span>
    </p>
   </div>
   <div class='ocr_carea' id='block_1_9' title="bbox 0 0 2396 6068">
    <p class='ocr_par' dir='ltr' id='par_1_13' title="bbox 0 0 2396 6068">
     <span class='ocr_line' id='line_1_45' title="bbox 0 0 2396 6068; baseline 0 0"><span class='ocrx_word' id='word_1_417' title='bbox 0 0 2396 6068; x_wconf 95' lang='lat' dir='ltr'><strong> </strong></span> 
     </span>
    </p>
   </div>
  </div>
 </body>
</html>
