4712 6032
723 526 798 602 184
1292 526 1523 604 NOTAE

719 713 784 788 boc
813 714 979 806 divinum,
1007 725 1041 788 et
1066 723 1236 802 sancbrm,
1263 723 1296 788 et
1321 715 1430 788 fecisti
1462 736 1526 788 uos
1562 713 1682 808 dignos
1698 715 1972 788 'communicandi
2004 739 2088 788 cur·

718 835 811 928 pori,
839 843 872 904 et
898 835 1050 924 sanguini
1076 833 1236 924 unigeniti
1261 829 1336 903 Filii
1361 835 1425 922 tui,
1452 833 1596 926 quinos
1628 853 1690 927 per
1716 853 1755 904 se
1781 835 1889 927 ipsum
1923 830 2087 905 salvarit:

718 970 794 1020 cum
820 969 886 1043 quo
914 959 948 1020 te
974 947 1089 1036 decet,
1117 957 1179 1019 etc.

690 1099 694 1110 ·
822 1065 918 1123 Atta.
944 1063 1036 1123 Daue
1065 1063 1250 1140 adorande,
1277 1073 1311 1124 cl
1337 1073 1452 1126 sancte
1479 1063 1561 1128 Jesu
1580 1061 1723 1146 Christe,
1748 1061 1905 1150 benedic,
1932 1073 1966 1134 el
1983 1084 2085 1158 parce

722 1149 969 1240 Sacerdotibus·
988 1169 1180 1239 oeconomis
1206 1167 1382 1241 Ecclesiae
1407 1180 1485 1241 tuae
1512 1181 1665 1258 sanctae,
1697 1181 1731 1242 et
1755 1171 1916 1246 Diacouis
1943 1173 2088 1244 admini-

721 1281 900 1356 strantibus
927 1285 1087 1377 mysteria
1113 1291 1168 1354 tua
1196 1284 1326 1377 divina,
1353 1295 1387 1356 et
1413 1286 1564 1358 omnibus
1590 1285 1741 1359 fidelibus
1768 1291 1879 1376 veris,
1906 1291 1960 1382 qui
1987 1310 2087 1360 com-

721 1403 972 1471 municaverunt
997 1398 1073 1470 huic
1099 1397 1273 1473 sacrificio.
1325 1399 1410 1492 Ale,
1438 1412 1472 1473 et
1497 1426 1576 1474 cura
1603 1401 1784 1498 orphanos
1811 1402 2087 1494 adjuvandum,

720 1515 877 1586 confirma
902 1537 1069 1611 pauperes
1096 1526 1130 1586 et
1155 1519 1362 1608 angustiatos
1389 1522 1522 1614 spiritu,
1549 1521 1633 1592 satia
1668 1524 1872 1610 esurientes,
1905 1532 1939 1592 et
1970 1543 2086 1593 omnes

722 1634 776 1724 qui
803 1633 962 1702 invocant
987 1653 1109 1702 nornen
1135 1642 1224 1704 mum
1242 1644 1400 1706 sanctum.
1455 1634 1593 1707 Custodi
1609 1635 1684 1708 illos
1710 1639 1744 1707 iu
1763 1640 1852 1708 omni
1866 1634 1944 1709 loco
1958 1634 2085 1731 absque

720 1745 865 1836 delictis,
892 1757 926 1818 et
950 1751 1116 1842 peccatis,
1142 1757 1179 1819 ut
1205 1749 1246 1821 ab
1264 1750 1428 1841 omnibus,
1455 1761 1489 1822 et
1513 1773 1576 1847 per
1602 1754 1724 1840 omnia,
1750 1761 1784 1823 et
1809 1761 1948 1848 propter
1974 1757 2083 1826 omnia

718 1862 871 1935 laudetur
895 1885 1018 1940 nomen
1044 1874 1133 1935 tuum
1160 1873 1329 1956 sanctum,
1355 1875 1419 1936 etc.

1138 2215 1656 2259 ——W—

1231 2599 1308 2691 lo
1360 2599 1557 2694 ulam

942 2819 1395 2938 ttttuotltt
1445 2819 1856 2940 stutltltt

1313 3050 1486 3134 tutti.

808 3285 861 3363 Dr
884 3293 977 3358 titulis
992 3293 1194 3378 liturgiarum
1215 3295 1326 3358 dictum
1348 3302 1395 3358 est
1418 3293 1498 3370 abbi,
1521 3300 1662 3374 quantum
1685 3312 1761 3376 opus
1784 3294 1849 3373 fuit,
1874 3303 1905 3359 et
1925 3295 2081 3378 probatum

715 3402 808 3480 satis,
839 3418 880 3462 ex
907 3415 945 3462 eo
974 3399 1040 3462 solo
1069 3406 1247 3481 argumento
1274 3397 1385 3461 nullam
1407 3397 1554 3479 ejusmodi
1577 3396 1687 3459 Officiis
1710 3398 1901 3461 autoritatem
1923 3398 2079 3480 accedere,

714 3499 891 3579 praesertim
906 3515 973 3559 cum
987 3499 1083 3580 major
1098 3499 1217 3560 omnino
1233 3499 1273 3560 sit
1295 3517 1342 3576 ea,
1366 3515 1443 3578 quae
1467 3517 1507 3560 ex
1529 3514 1586 3558 usu
1600 3495 1806 3559 Ecclesiarum
1827 3499 1970 3576 nascitur,
1994 3517 2080 3580 quam

715 3617 793 3679 quae
815 3616 856 3661 ex
878 3595 944 3660 sola
965 3604 1118 3676 autorum,
1149 3599 1238 3660 ctiam
1267 3605 1456 3676 sanctorum,
1488 3595 1643 3676 dignitate.
1687 3593 1725 3656 Ut
1747 3603 1846 3658 autem
1869 3597 1939 3678 quid
1962 3596 2000 3660 de
2022 3598 2079 3661 ista

715 3695 904 3761 sentiendum
926 3698 965 3759 sit
994 3704 1194 3779 agnoscatur,
1223 3715 1275 3760 cas
1296 3696 1446 3778 liturgias
1470 3694 1636 3758 referemus
1660 3712 1737 3776 quae
1759 3695 1854 3758 blarci
1874 3713 1984 3758 nornen
2005 3713 2078 3778 prae

715 3815 749 3859 se
773 3797 881 3859 lerunt.
925 3795 1022 3857 Prima
1045 3803 1075 3858 et
1097 3796 1300 3876 antiquissima
1323 3795 1439 3857 Graeca
1462 3803 1518 3873 est,
1542 3793 1622 3857 edita
1645 3810 1662 3855 a
1684 3793 1801 3857 Joanne
1823 3793 1861 3856 de
1885 3803 1991 3859 sancto
2013 3796 2080 3858 Au-

715 3896 788 3957 drea
810 3894 967 3957 Ecclesiae
988 3894 1164 3956 Parisiensis
1187 3893 1351 3974 Canonico,
1375 3913 1415 3955 ex
1437 3881 1617 3979 olmoypolptp
1639 3891 1760 3956 Codicis
1784 3893 1893 3954 Graeci
1916 3895 2029 3975 antiqui
2050 3902 2080 3957 et

715 3995 813 4057 bonae
837 4002 944 4073 notae,
974 3995 1024 4076 qui
1047 3995 1112 4056 sive
1136 3993 1283 4056 Guillelmi
1306 3993 1406 4056 Sirleti
1429 3993 1595 4056 Cardinalis
1616 3991 1722 4071 fuerit,
1752 3991 1818 4054 sive
1850 3993 1886 4054 ab
1917 4012 1955 4056 co
1984 3993 2080 4057 solum

714 4093 798 4156 uisus
821 4100 852 4155 et
874 4094 1056 4174 exscriptus,
1078 4099 1219 4174 superest
1240 4093 1271 4156 in
1292 4093 1479 4156 Bibliotheca
1501 4093 1531 4157 S.
1554 4092 1654 4154 basilii
1667 4091 1850 4154 Graecorum
1864 4089 2079 4154 Monaoborum

714 4193 839 4272 Romae,
862 4194 1022 4257 translatus
1046 4211 1111 4255 cum
1134 4191 1233 4256 multis
1255 4193 1320 4254 aliis
1344 4213 1383 4256 ex
1404 4193 1587 4256 blonasterio
1611 4191 1920 4273 &uptus-ferratae,
1950 4210 2022 4254 cura
2044 4189 2078 4254 R.

715 4294 812 4356 Patris
835 4291 990 4356 Generalis
1013 4293 1070 4354 viri
1090 4293 1215 4374 piissimi
1240 4300 1270 4356 et
1293 4292 1475 4371 doctissimi,
1498 4291 1754 4382 cujusobeneltcio
1775 4290 1889 4353 Romae
1910 4289 1992 4352 illum
2015 4297 2080 4352 tra-

716 4393 870 4470 ctavimus,
894 4401 925 4456 et
947 4393 1141 4474 integriorem
1164 4391 1340 4475 apographo
1362 4393 1539 4473 reperimus.
1568 4391 1650 4453 Haec
1662 4397 1760 4452 autem
1772 4389 1918 4471 liturgia,
1935 4387 2078 4470 Copticae

716 4511 793 4573 quae
815 4492 925 4555 basilio
948 4491 1127 4554 adscribitur
1148 4491 1332 4570 primaevum
1354 4491 1509 4570 exemplar
1531 4498 1595 4564 est,
1627 4497 1657 4552 et
1687 4488 1756 4551 olim
1779 4505 1839 4550 non
1861 4489 1918 4550 alia
1940 4488 2078 4550 utebatur

716 4590 921 4654 Alexandrina
943 4589 1078 4652 Ecclesia
1101 4597 1134 4651 ut
1156 4589 1225 4651 alibi
1247 4590 1450 4672 probavimus.
1494 4588 1591 4652 Aliam
1613 4589 1733 4651 nomine
1755 4587 1850 4650 Marci
1873 4595 1978 4650 extare
2000 4584 2078 4666 apud

716 4710 788 4753 suos
810 4677 962 4752 Jacobilas
984 4689 1155 4771 Aegyptios
1177 4690 1298 4771 scripsit
1319 4689 1511 4767 Abulbircat,
1541 4698 1571 4776 et
1593 4691 1658 4771 ejus
1680 4686 1879 4772 fragmentum
1900 4685 2076 4748 vidimusin

587 4811 590 4822 ¹
716 4789 892 4870 quibusdam
915 4786 1003 4850 codd.
1045 4789 1088 4850 ‘At
1109 4789 1140 4850 in
1161 4789 1336 4852 melioribus
1357 4808 1419 4852 non
1441 4798 1540 4852 extat:
1564 4797 1594 4851 et
1615 4788 1873 4879 suspectissimum
1896 4792 1943 4848 est
1966 4785 2077 4847 autoris

715 4887 932 4965 testimonium,
962 4889 1013 4968 qui
1037 4895 1135 4950 tamen
1158 4887 1217 4951 alio
1240 4888 1310 4952 loco
1332 4907 1367 4952 se
1391 4890 1537 4970 explicat,
1566 4889 1636 4952 dum
1657 4887 1698 4950 ait
1721 4879 1787 4949 eain
1810 4903 1991 4965 essequam
2014 4882 2077 4964 Cy-

715 4987 801 5051 rillus
822 4986 961 5070 perfecit.
1004 4985 1148 5068 itaquae
1172 4986 1286 5070 Cyrillo
1309 4989 1449 5053 tribuitur
1477 4986 1694 5071 aquibusdum
1716 4988 1818 5051 llarco
1842 4983 1994 5066 adscripta
2017 4987 2076 5045 cst:
2120 5071 2125 5088 Ι
