4814 6060
778 599 854 675 506
1345 601 1577 679 NOTAE

776 784 872 848 fusius
896 794 1096 868 exponerent,
1117 785 1148 848 id
1171 784 1240 868 Syri
1262 785 1505 868 frequentissime
1526 786 1681 866 lecerunt,
1705 796 1737 851 ut
1759 795 1847 852 autor
1868 789 1954 852 istius
1976 789 2143 875 Liturgiae,

639 878 652 903 ⁸
777 883 903 950 aliorum
926 886 1075 968 exemplo.
1119 883 1243 948 Addidit
1272 893 1372 949 antem
1401 885 1483 968 quod
1510 905 1551 948 ex
1572 886 1741 970 Evangelio
1763 905 1826 951 non
1847 887 1992 966 habetur,
2022 891 2077 954 sed
2105 911 2145 956 ex

776 984 937 1050 traditione
959 1005 977 1049 a
999 985 1098 1048 multis
1126 986 1239 1048 sanctis
1269 985 1406 1049 Patribus
1436 984 1626 1066 confirmatu,
1658 985 1809 1050 Christum
1838 987 2032 1052 Sacramenta
2063 991 2144 1071 quod

774 1085 949 1150 instituebat
977 1085 1226 1158 communicassem
1257 1083 1396 1165 idemque
1426 1085 1606 1148 observatur
1631 1086 1662 1147 in
1684 1085 1828 1169 Litargiis
1850 1085 2083 1168 Alexandrinis,
2114 1091 2143 1151 in

774 1185 979 1262 Nestorianis,
1011 1193 1042 1247 et
1067 1186 1098 1246 in
1121 1184 1268 1266 aliquibus
1292 1185 1424 1266 Syriacis
1445 1184 1630 1249 lacebiticis.
1677 1183 1790 1248 Omnes
1812 1187 1977 1248 secundum
1998 1187 2144 1270 Evange-

775 1284 859 1348 listas
888 1292 919 1347 et
945 1284 1067 1347 Paulum
1096 1283 1276 1366 Apostolum
1304 1283 1415 1346 habent
1442 1283 1523 1364 quod
1546 1303 1603 1364 pro
1625 1283 1713 1346 ochis
1735 1291 1765 1346 et
1781 1303 1841 1363 pro
1862 1286 1963 1347 multis
1981 1285 2143 1368 frangitur,

775 1392 883 1464 cipro
904 1383 992 1445 ochis
1014 1391 1044 1445 et
1061 1403 1120 1464 pro
1142 1384 1242 1445 multis
1264 1381 1440 1464 effunditur,
1470 1381 1570 1445 nullae
1602 1381 1696 1445 ferme
1718 1391 1752 1445 ut
1774 1382 1822 1445 hic
1844 1383 1971 1467 legitur,
1999 1405 2060 1466 pro
2081 1389 2143 1449 cito

773 1483 885 1546 mmsdi.
930 1483 991 1549 Sed
1014 1489 1117 1546 extant
1139 1482 1258 1564 integra
1281 1481 1391 1545 Christi
1413 1481 1518 1559 verba,
1541 1481 1607 1545 Hoc
1629 1491 1675 1545 est
1696 1480 1815 1563 Corpus
1835 1503 1942 1560 meam,
1965 1491 2007 1560 et,
2028 1485 2087 1548 llic
2101 1494 2146 1549 est

774 1581 859 1642 cotta
885 1583 1042 1662 summinio
1070 1583 1138 1644 mei.
1184 1581 1217 1642 ln
1246 1597 1305 1644 uno
1337 1580 1450 1644 Codice
1481 1581 1608 1644 deerant
1637 1582 1668 1643 in
1694 1580 1792 1644 formu
1819 1569 1922 1645 calicis
1944 1587 2142 1649 consecrandi

774 1679 850 1742 haec
871 1681 973 1743 verba.
1009 1680 1068 1742 Hic
1090 1687 1137 1742 est
1156 1680 1287 1760 Sanguis
1308 1700 1392 1742 mesas
1412 1679 1494 1743 Noni
1515 1681 1694 1743 Testamenti
1713 1682 1765 1760 qai
1782 1700 1843 1760 pro
1864 1681 2142 1763 ochiseffaadimn

773 1786 901 1859 peccato
924 1779 1023 1860 potius
1046 1777 1159 1841 librarii
1180 1779 1405 1860 praetermissa,
1430 1797 1517 1860 quarn
1540 1787 1626 1841 certo
1650 1778 1788 1857 consilio,
1811 1797 1879 1840 cmn
1900 1781 1931 1841 in
1947 1780 2043 1843 altero
2058 1781 2142 1861 ejus-

775 1878 843 1941 dem
872 1876 1028 1963 Liturgiae
1058 1878 1224 1959 exemplari
1255 1885 1389 1958 exstent,
1421 1880 1501 1941 unde
1530 1878 1580 1942 illa
1610 1877 1826 1960 supplevimus.
1869 1877 1948 1942 Sane
1977 1879 2009 1941 in
2039 1873 2140 1961 p'aucis

772 1976 832 2040 illis
860 1977 1002 2062 Liturgiis
1030 1996 1106 2059 quae
1136 1977 1231 2040 verbu
1254 1976 1366 2040 Christi
1396 1980 1549 2057 omittunt,
1579 1978 1609 2039 in
1638 1983 1767 2058 utraque
1796 1976 1892 2041 forma
1922 1977 2140 2058 desiderantur,

772 2095 834 2140 non
857 2079 888 2139 in
910 2077 1067 2143 alterutra.
1110 2076 1304 2159 Paraphrasis
1327 2079 1516 2160 sequentium
1538 2076 1711 2153 verborum,
1734 2079 1973 2158 quotiescumque
1992 2077 2140 2158 secer-itis,

773 2177 801 2239 si
822 2193 883 2240 non
905 2186 1046 2240 accurate
1069 2195 1136 2240 cum
1158 2176 1361 2259 Evangelistis
1384 2180 1542 2254 convenit,
1572 2184 1602 2239 at
1630 2177 1821 2258 perspicuam
1850 2178 1985 2240 continet
2011 2175 2083 2238 lidei
2104 2175 2142 2238 de

772 2273 962 2340 Eucharistia
983 2276 1215 2352 confessionem,
1239 2293 1317 2357 quae
1339 2277 1366 2338 si
1389 2276 1460 2357 qnid
1482 2277 1674 2340 obscuritatis
1696 2277 1727 2338 in
1750 2276 1807 2338 illis
1821 2276 1924 2340 verbis
1937 2276 2029 2354 foret,
2050 2276 2142 2356 plene

773 2375 948 2454 discuteret,
972 2376 1040 2438 dum
1063 2376 1144 2457 quod
1168 2374 1317 2438 Christum
1336 2375 1493 2457 Apostolis
1516 2376 1739 2440 denuntiantem
1762 2384 1973 2456 repraesentat
1987 2376 2141 2459 liturgiae

773 2483 875 2554 autor,
902 2474 1039 2539 omnibus
1062 2475 1100 2538 ad
1121 2474 1291 2538 Ecclesiam
1312 2494 1397 2538 suam
1420 2471 1625 2557 spectantibus
1649 2474 1826 2540 Christianis
1849 2477 2027 2556 praedicare
2049 2475 2141 2539 intel·

772 2573 913 2657 ligendus
936 2576 984 2642 sit.

772 2921 808 2992 3.
846 2920 891 2992 Ul
916 2921 1100 2992 mosaicas
1125 2924 1353 3016 requiescens,
1380 2928 1414 2993 et
1440 2920 1584 2993 illabens
1599 2943 1702 3014 super
1717 2925 1879 3014 mysterio
1904 2921 1991 2993 hoec
2016 2945 2139 3016 portem

1009 3037 1142 3132 quidem
1167 3044 1366 3134 trummatet
1391 3041 1428 3108 ia
1455 3036 1587 3130 Corpus
1612 3037 1683 3108 Dei
1708 3041 1828 3126 nostri,
1855 3043 1919 3109 etc.

866 3229 919 3307 De
941 3239 1161 3324 significatione
1183 3259 1301 3320 vocum,
1325 3259 1403 3323 quse
1424 3241 1456 3302 in
1477 3240 1534 3302 hac
1557 3240 1694 3304 oratione
1717 3237 1905 3320 frequentius
1928 3239 2135 3306 aChristianis

770 3343 972 3409 Orientalibus
995 3352 1178 3426 usurpantur
1199 3346 1230 3407 in
1252 3343 1513 3407 observationibus
1530 3342 1817 3425 adaliasLiturgias
1832 3344 2014 3422 dictumest,
2039 3364 2136 3427 qusn-

769 3450 830 3507 tum
852 3447 925 3508 satis
948 3453 1027 3508 erat:
1051 3451 1214 3526 notumque
1229 3443 1364 3506 diversas
1379 3443 1458 3523 illas,
1479 3445 1592 3520 veniat,
1607 3443 1762 3519 s'llohohar,
1777 3444 1956 3524 requiescat,
1971 3443 2136 3524 ohmnbret,

768 3542 875 3607 eodem
898 3561 991 3606 sensu
1012 3543 1165 3626 usurpari:
1188 3541 1348 3626 aliquando
1371 3561 1470 3622 unam,
1493 3542 1598 3624 plures
1619 3542 1753 3622 saepius,
1776 3542 1831 3604 sed
1853 3544 2002 3605 sententia
2015 3561 2136 3625 semper

768 3643 883 3708 endem.
905 3643 959 3706 llla
972 3651 1030 3722 est,
1054 3643 1200 3707 adventus
1222 3643 1350 3725 Spiritus
1372 3643 1469 3706 sancti
1491 3643 1631 3723 precibus
1647 3640 1803 3704 Ecclesiae
1824 3639 2006 3723 postulatus,
2028 3661 2135 3725 nempe

768 3741 893 3806 effectus
916 3743 1027 3826 aliquis
1044 3761 1137 3825 supra
1158 3751 1283 3806 naturae
1306 3742 1457 3822 ordinem,
1487 3743 1669 3825 insigneque
1691 3739 1880 3803 miraculum:
1908 3747 1941 3803 ut
1962 3744 2135 3823 requiescat

767 3859 861 3923 super
884 3841 962 3906 dona
983 3843 1155 3925 proposita,
1185 3843 1243 3906 hoo
1265 3850 1330 3922 est,
1353 3850 1386 3906 ut
1407 3843 1438 3904 in
1460 3840 1518 3904 illis
1542 3848 1686 3921 operetur
1708 3839 1795 3916 illud,
1824 3837 1952 3902 mhabili
1973 3839 2082 3922 illapsu
2104 3850 2135 3906 et

767 3942 993 4006 obumbratione
1022 3961 1091 4018 sua,
1121 3941 1366 4025 quemadmodum
1394 3943 1425 4004 in
1454 3947 1586 4003 sanctam
1608 3939 1763 4022 Virginem
1787 3937 2007 4019 superveniens
2029 3940 2136 4004 lncar-
2209 3985 2215 3999 ,

766 4041 894 4104 nationis
911 4040 1086 4122 mysterium
1108 4044 1138 4105 in
1155 4061 1191 4105 ea
1204 4042 1381 4105 mirabiliter
1402 4039 1529 4122 perfecit
1550 4048 1582 4101 nt
1605 4037 1715 4101 docent
1730 4054 1834 4100 omnes
1847 4036 2018 4102 Orientales
2030 4038 2135 4102 Theo-

765 4139 847 4224 logi,
871 4141 1085 4222 cujuscumque
1113 4150 1224 4206 sectae.
1269 4140 1345 4204 Cum
1366 4159 1442 4203 vero
1471 4140 1501 4202 in
1531 4137 1669 4220 sequenti
1703 4137 1848 4200 orationis
1883 4144 1970 4219 parte
2006 4137 2133 4202 effectus

765 4240 816 4303 ille
832 4241 982 4306 mirabiles
997 4241 1195 4324 significetur,
1212 4257 1308 4304 voces
1321 4241 1421 4302 varias
1432 4239 1463 4301 in
1475 4238 1618 4321 Liturgiis
1634 4237 1766 4318 syriacis
1779 4237 1986 4313 observamus,
2008 4256 2134 4320 quarum

766 4340 848 4404 nulla
870 4343 1018 4425 integram
1039 4342 1085 4404 rei
1108 4341 1301 4406 mutationem
1323 4358 1383 4404 non
1406 4338 1571 4424 significat;
1600 4339 1627 4402 si
1653 4338 1771 4401 unicam
1799 4337 1964 4416 excipimus
1987 4345 2134 4419 quaeest

766 4452 842 4508 mm
865 4439 1098 4523 respondentem
1120 4441 1255 4506 Graecae
1278 4429 1456 4517 ἀναδεῖξαι.
1500 4439 1588 4502 istam
1618 4454 1713 4519 porro
1742 4435 1821 4498 idem
1842 4435 2016 4519 signilicare
2037 4455 2074 4498 ac
2093 4425 2134 4500 cd

765 4541 872 4604 ποιεῖν
893 4543 1053 4623 probatum
1075 4549 1132 4619 est,
1156 4549 1245 4624 atque
1269 4540 1345 4604 adeo
1368 4537 1566 4620 voxSyriaca
1584 4534 1690 4600 eodem
1712 4533 1801 4598 modo
1825 4536 2050 4615 interpretanda
2073 4543 2132 4616 est,

764 4647 798 4702 ut
819 4643 991 4723 complures
1014 4643 1090 4706 alise
1113 4641 1248 4704 Graecae
1271 4639 1407 4722 originis,
1434 4655 1494 4701 non
1516 4635 1605 4700 modo
1627 4636 1658 4698 in
1680 4635 1749 4698 stilo
1771 4633 2002 4714 Ecclesiastico,
2025 4633 2080 4698 sed
2101 4636 2134 4698 in

765 4740 900 4804 omnibus
922 4760 1020 4824 prope
1042 4741 1218 4823 disciplinis,
1241 4757 1316 4821 qaas
1334 4737 1404 4820 Syri
1425 4754 1480 4799 sua
1501 4735 1605 4818 lingua
1627 4733 1865 4816 explicaverunt.
1909 4734 2011 4797 Verba
2033 4741 2133 4798 antem

765 4838 872 4918 quibus
894 4847 1017 4904 utuntur
1038 4841 1077 4904 ad
1100 4838 1324 4923 significandam
1352 4835 1646 4913 transmutationem,
1676 4832 1769 4914 vulgo
1799 4831 1985 4914 respondent
2012 4831 2132 4896 Graeco

763 4924 886 5023 ποιήσῃ
906 4939 1015 5020 societ,
1037 4939 1167 5022 alliciat:
1189 4936 1347 5020 aliquando
1369 4920 1528 5019 τελειώσῃ
1545 4934 1703 5014 perficiat:
1729 4932 1761 4994 in
1782 4932 1933 4998 nonnull’m
1956 4938 1989 4994 ut
2009 4932 2041 4994 in
2062 4931 2132 5010 ista,

764 5035 835 5116 quid
858 5055 915 5118 per
937 5056 974 5100 ea
995 5038 1089 5101 verba
1111 5037 1336 5120 intelligendum
1357 5035 1396 5099 sit
1417 5034 1589 5116 exprimunt
1610 5050 1666 5113 per
1688 5011 1785 5120 *third
1812 5049 1890 5114 quae
1912 5048 1978 5094 vox
1996 5046 2134 5113 respon-

764 5135 815 5212 det
839 5135 974 5204 Graecae
995 5126 1227 5221 neapolitae.
1269 5136 1319 5202 Ea.
1338 5135 1471 5201 occurrit
1500 5133 1531 5197 in
1552 5131 1619 5198 sola
1641 5151 1682 5195 ex
1705 5130 1842 5214 Graecis,
1869 5130 2006 5214 Litnrgia
2028 5127 2133 5210 Chry·
