4804 6026
626 575 653 652 4
1013 573 1192 652 ORDO
1245 571 1622 656 consults

623 761 691 836 lice
715 762 801 853 boc,
826 763 931 836 calice
956 759 1088 850 mbos,
1113 763 1147 832 in
1172 763 1306 834 nomine
1331 761 1440 833 Patris
1466 768 1501 831 et
1525 756 1602 831 Filii
1634 767 1670 830 ct
1698 757 1841 855 Spiritus
1875 761 1994 850 sunau,

624 879 746 954 Amen.

728 995 891 1068 laeeaaat
913 994 1021 1067 aaran
1045 995 1169 1080 mittar,
1196 995 1282 1086 tepit
1306 992 1366 1064 illa
1392 991 1552 1080 euticen,
1578 997 1647 1063 trra
1672 992 1777 1062 dicit:

728 1111 836 1186 luduit
860 1111 1021 1184 Dominus
1046 1107 1268 1181 fortitudinem
1294 1117 1329 1180 ct
1353 1105 1534 1180 roboratus
1560 1118 1631 1180 est:
1658 1116 1693 1179 et
1708 1108 1852 1180 Amavit
1874 1107 1993 1182 orbem

626 1235 753 1318 terrae,
779 1237 907 1300 utnon
933 1235 1200 1300 commoveatur:
1226 1225 1336 1312 Pater,
1362 1222 1466 1298 Filius
1492 1231 1527 1294 et
1544 1223 1687 1318 Spiritus
1702 1235 1849 1313 sauctus,
1873 1225 1994 1299 Amen

731 1343 890 1416 Iacearat
914 1341 1022 1414 odam
1045 1347 1171 1434 majos,
1198 1346 1233 1412 et
1258 1343 1343 1435 tepr't
1367 1361 1409 1412 eo
1436 1339 1781 1428 diremetcalr'cem,
1808 1342 1992 1412 madata·

729 1459 845 1556 Operti
872 1466 947 1532 sunt
971 1455 1060 1531 coeli
1084 1457 1217 1550 fulgore
1242 1455 1383 1548 gloriosi
1417 1454 1519 1544 fliius,
1555 1464 1591 1526 et
1621 1453 1720 1528 laude
1754 1457 1829 1548 cjus
1863 1455 1992 1552 repleta

627 1583 682 1648 est
707 1579 816 1650 omnis
844 1585 944 1648 tarra.

732 1690 922 1764 Conversio
947 1691 994 1760 ad
1015 1688 1177 1784 papalum
1202 1691 1338 1760 amium
1360 1691 1468 1782 petit,
1495 1687 1621 1760 diceas.
1674 1687 1777 1760 Orate
1801 1711 1865 1784 pro
1890 1711 1956 1762 rna.

736 1805 904 1880 Vertitur:
929 1811 1100 1880 lacerarem
1124 1804 1241 1876 adolet
1266 1808 1365 1876 circo
1389 1804 1502 1876 altare
1528 1809 1564 1874 et
1589 1808 1853 1876 drmomwater.
1904 1805 1994 1876 Dran

623 1921 743 1994 adolet
767 1927 947 1996 iaecnnaa.
1805 1945 1809 1950 ·

730 2037 853 2112 Venite
893 2037 1064 2112 laudemus
1104 2037 1300 2129 Dominum,
1342 2057 1499 2110 emamus
1539 2036 1617 2108 Deo
1658 2034 1820 2108 salvatori
1862 2045 1992 2128 nostro,

625 2175 913 2253 praeoccupemus
938 2152 1056 2226 faciem
1083 2156 1157 2246 ejus
1183 2157 1217 2226 iu
1243 2152 1475 2243 confessione,
1503 2163 1538 2225 et
1563 2154 1598 2224 in
1615 2153 1753 2224 canticis
1770 2148 1993 2242 glorificemus

624 2289 712 2344 enm.
765 2271 930 2358 Quoniam
954 2271 1048 2344 Deus
1079 2278 1131 2342 est
1162 2291 1303 2362 magnus
1336 2269 1520 2358 Dominus,
1554 2277 1589 2340 et
1618 2291 1684 2340 rex
1716 2287 1857 2358 magnus
1892 2290 1994 2363 super

624 2407 743 2460 omnes
768 2387 878 2461 Deos:
917 2389 952 2458 in
986 2385 1137 2458 manibus
1164 2388 1237 2478 ejus
1272 2394 1348 2460 sunt
1378 2383 1590 2457 firndamauta
1623 2395 1755 2476 amaa,
1789 2392 1823 2453 et
1856 2381 1993 2464 altiordo

624 2505 781 2576 montium
808 2505 910 2599 ipsius
938 2513 1011 2592 est;
1037 2522 1145 2589 mare,
1172 2505 1245 2597 ipse
1270 2501 1353 2574 lecit
1378 2499 1457 2574 illud
1483 2511 1518 2574 ct
1535 2500 1661 2573 aridam
1676 2499 1890 2570 firmaverunt
1913 2523 1994 2572 ma·
2094 2555 2099 2562 .

624 2637 688 2690 nas
714 2620 798 2711 ejus.
853 2617 974 2690 Venite
999 2616 1209 2715 procidamus
1237 2628 1271 2689 et
1287 2617 1465 2690 adoremus
1483 2639 1571 2709 eum,
1597 2626 1631 2688 et
1642 2613 1878 2688 benedicamus
1904 2638 1992 2709 eum,

625 2737 682 2828 qui
705 2733 786 2806 fecit
811 2754 894 2826 nos,
918 2732 1079 2823 Alleluia,
1104 2731 1267 2823 Alleluia,
1292 2732 1446 2806 Alleluia.

729 2849 860 2921 Postea
885 2871 997 2921 amaea
1023 2849 1140 2920 dicuat
1164 2847 1357 2920 Sacerdote
1378 2854 1578 2942 morenate.

726 2966 867 3038 Incensa
901 2987 1000 3060 pura,
1038 2987 1124 3060 quae
1155 2965 1213 3036 tibi
1247 2964 1435 3038 obtuleruut
1469 2963 1526 3036 filii
1558 2962 1735 3036 Ecclesiae
1769 2963 1895 3052 fidelis,
1930 2987 1992 3061 per

624 3101 740 3154 manus
768 3079 1007 3172 Sacerdotunr,
1035 3079 1077 3152 ad
1103 3079 1299 3176 placandam
1326 3080 1530 3152 divinitatem
1547 3089 1653 3170 tuam,
1680 3084 1814 3177 suscipe
1831 3104 1892 3176 per
1905 3104 1992 3174 gra-

624 3197 703 3268 tiam
728 3195 939 3289 benignitatis
967 3207 1053 3268 tuac.
1106 3195 1270 3269 Miserere
1295 3199 1548 3293 poenitentium,
1582 3206 1616 3267 et
1642 3201 1727 3269 sicut
1752 3207 1907 3293 suscepta
1933 3197 1993 3271 brit

624 3311 746 3384 oblatio
773 3311 932 3386 Abrahae
970 3315 1003 3384 in
1038 3316 1158 3385 montis
1191 3315 1340 3401 vertice,
1375 3322 1409 3384 at
1442 3315 1556 3386 sunus
1589 3309 1649 3383 tibi
1680 3312 1742 3384 fuit
1772 3313 1856 3384 odor
1889 3313 1991 3388 thuris

623 3427 742 3502 Aaron
769 3427 980 3518 Sacerdotis,
1010 3430 1055 3504 ita
1082 3438 1197 3521 granu
1224 3425 1283 3498 tibi
1309 3432 1352 3502 sit
1378 3427 1463 3501 odor
1488 3431 1701 3500 incensorum
1730 3438 1932 3521 nostrorum,
1958 3438 1993 3501 et

624 3544 682 3618 illo
709 3543 858 3640 placatus
886 3555 982 3635 asto,
1009 3524 1101 3618 beas
1127 3544 1249 3616 multae
1275 3544 1534 3618 misericordiae.

726 3660 901 3733 Sacerdos
932 3661 1040 3750 dicit,
1061 3659 1195 3753 Populo
1221 3659 1451 3754 subsequente.
1477 3659 1583 3755 llyrie
1610 3657 1757 3750 eleison,
1783 3659 1989 3757 llyrieelei-

625 3795 706 3868 son,
732 3775 873 3850 Sanctus
899 3797 938 3850 cs
964 3778 1076 3864 Deus,
1103 3775 1246 3850 Sanctus
1272 3797 1310 3848 es
1336 3775 1453 3865 fortis,
1487 3775 1630 3848 Sanctus
1664 3797 1703 3848 aa
1731 3798 1752 3848 c
1786 3775 1991 3870 immortalis,

623 3893 785 3964 miserere
810 3891 918 3966 nobis.
970 3893 1069 3964 Pater
1094 3902 1210 3965 noster
1236 3894 1292 3986 qui
1318 3913 1356 3964 es
1382 3893 1416 3962 in
1443 3891 1562 3980 coelis,
1590 3901 1652 3963 etc.

727 4007 910 4080 Sacerdos.
965 4004 1080 4080 Gloria
1106 4008 1196 4080 Patri
1223 4019 1257 4080 at
1282 4005 1367 4079 Filio
1395 4015 1430 4079 at
1454 4006 1592 4104 Spiritui
1618 4017 1754 4080 sancto:
1791 4031 1893 4105 super
1926 4029 1989 4082 nos

626 4134 734 4196 autem
760 4121 907 4197 infirmos
934 4132 968 4195 et
999 4131 1214 4220 peccatores,
1249 4122 1476 4196 misericordia
1509 4132 1544 4195 at
1574 4125 1682 4216 gratia
1717 4123 1921 4198 effundantur
1956 4127 1990 4194 in

623 4249 765 4334 uaeque
790 4235 927 4316 sacerdo
952 4261 1058 4332 nunc,
1085 4249 1147 4312 etc.
1789 4292 1793 4297 ,

727 4353 913 4432 mamea
966 4355 1032 4428 Pro
1058 4355 1289 4452 tranquillitate
1316 4365 1350 4428 et
1375 4376 1461 4452 pace
1486 4357 1587 4427 totius
1612 4354 1724 4429 mundi
1757 4357 1791 4428 in
1824 4354 1989 4429 Christum

624 4467 846 4560 credentium,
873 4492 893 4543 a
919 4469 1036 4544 linibus
1061 4494 1167 4568 usque
1193 4472 1236 4544 ad
1263 4471 1345 4546 fines
1381 4467 1494 4560 orbis,
1526 4491 1589 4565 pro
1607 4471 1757 4572 ‚infirmis
1783 4478 1817 4543 et
1851 4467 1988 4560 afflictis,

626 4595 661 4660 et
686 4583 857 4660 animabus
883 4587 916 4660 in
942 4589 1094 4681 angustia
1120 4587 1275 4680 deJecb‘s:
1301 4609 1363 4684 pro
1396 4584 1558 4683 patribus,
1597 4584 1752 4660 fratribus
1787 4595 1821 4658 et
1853 4584 1988 4658 Docto-

625 4699 716 4776 ribus
743 4703 884 4776 nostris:
910 4723 972 4800 pro
998 4705 1165 4799 peccatis,
1192 4705 1385 4800 insipientiis
1412 4710 1446 4774 et
1472 4700 1654 4776 defectibus
1669 4704 1810 4775 omnium
1828 4712 1988 4791 nocuum,

624 4823 661 4889 et
686 4839 747 4914 pro
773 4815 922 4892 fidelibus
950 4817 1111 4894 defunctis
1138 4823 1194 4916 qui
1220 4841 1241 4892 a
1264 4817 1361 4894 nobis
1389 4816 1556 4910 abierunt,
1591 4839 1666 4890 cum
1693 4815 1850 4893 odoribus
1876 4821 1989 4916 impo-

624 4933 718 5026 sitis,
743 4955 876 5012 oramus
901 4935 1055 5010 Domine.
