4712 6032
522 515 795 596 truttam
845 513 1054 592 ShllGTl
1105 512 1336 590 lllllhlll.
1580 513 1656 588 215

289 712 341 781 cia
368 707 565 780 clementiae
591 716 667 776 tuae
693 701 862 776 Domine?
895 711 951 772 aut
985 704 1057 812 quis
1090 703 1197 797 possit
1232 722 1392 773 enarrare
1424 699 1657 774 abundantiam

289 827 411 896 amoris
438 826 483 894 tui
510 843 593 914 erga
619 819 783 905 homines,
809 839 830 890 o
856 816 982 891 beato?
1014 820 1069 912 qui
1102 837 1164 888 nos
1193 839 1268 889 cum
1298 817 1501 890 multitudine
1533 822 1657 914 impie-

288 950 390 1013 tatum
418 940 648 1024 detineremur,
676 945 709 1007 et
736 937 862 1007 catenis
888 943 1106 1031 peccatorum
1132 933 1311 1029 compediti
1337 955 1509 1022 essemus,
1537 936 1657 1030 dignos

289 1055 398 1128 iecisti
430 1052 621 1148 huJ'usmodi,
646 1055 828 1124 ministerio
863 1050 1002 1117 excelso
1040 1061 1074 1116 et
1106 1072 1239 1135 magno.
1293 1049 1432 1116 Praesta
1463 1049 1582 1132 noble,
1623 1061 1659 1114 ut

292 1170 434 1242 abstersi
461 1193 481 1239 a
509 1165 663 1238 sordibus
698 1165 846 1259 peccati,
882 1171 915 1231 et
948 1163 1125 1256 purissime
1158 1181 1221 1231 nos
1257 1157 1437 1230 secundum
1468 1181 1591 1255 corpus
1625 1170 1659 1232 et

291 1289 433 1358 animam
459 1283 631 1373 habentes,
659 1278 750 1370 digni
777 1277 955 1350 efficiamur
980 1275 1182 1348 heatitudine
1202 1276 1257 1346 illa
1284 1298 1406 1369 quaea
1434 1286 1467 1346 te
1493 1279 1659 1372 promissa

292 1411 354 1490 est,
381 1400 445 1471 illis
473 1402 528 1494 qui
553 1397 676 1469 iaciunt
702 1393 905 1466 voluntatem
933 1403 1034 1481 tuam,
1062 1403 1096 1464 et
1121 1391 1356 1464 illuminatione
1382 1401 1482 1488 atque
1508 1391 1659 1464 illustra-

291 1521 381 1591 tione
407 1517 549 1612 Spiritus
577 1515 623 1585 tui
651 1513 766 1598 sancti,
793 1519 829 1583 ut
855 1513 953 1582 etiam
980 1509 1150 1581 iunctione
1176 1507 1364 1580 Sacerdotii
1391 1511 1551 1600 unigeniti
1583 1508 1659 1582 Filii
1754 1509 1756 1514 ’

292 1637 350 1721 tui,
376 1654 438 1727 per
464 1653 562 1725 quem
589 1639 723 1701 etcum
751 1641 816 1722 qno
843 1637 877 1698 te
903 1625 1001 1698 decet
1027 1624 1155 1718 gloria,
1188 1623 1295 1698 honor
1328 1633 1362 1696 et
1387 1627 1559 1721 imperium
1586 1648 1659 1698 cum

294 1749 418 1844 Spiritu
445 1759 501 1820 tuo
530 1755 656 1818 sancto.

396 1863 558 1956 Populus.
610 1859 730 1932 Amen.

397 1980 585 2051 Diaconas.
639 1977 784 2066 Stemus,
811 1984 873 2046 etc.

399 2095 559 2188 Papulae.
612 2091 874 2182 Misericordiae,
901 2099 963 2160 eto.

400 2211 584 2282 Sacerdos.
637 2207 781 2296 Caritas,
808 2216 870 2278 etc.

399 2326 560 2420 Populus.
612 2323 757 2394 Etcum
784 2325 899 2418 spiritu
926 2329 992 2391 tuo.

400 2441 584 2513 Sacerdos.
637 2439 776 2511 Sursum
803 2436 914 2510 corda.

400 2557 562 2651 Poprdue.
615 2553 784 2628 Habemus
812 2553 855 2624 ad
881 2552 1067 2624 Dominum.

400 2673 584 2746 Sacerdos.
639 2672 772 2744 Gratias
801 2690 939 2762 agamus
966 2671 1053 2740 Deo.

401 2788 562 2882 Papulae.
614 2786 760 2878 Dignum
787 2793 820 2856 et
843 2789 966 2877 justum
994 2794 1054 2856 est

401 2906 576 2978 Sacerdos
602 2903 794 2973 inclinatas.
841 2901 933 2974 Vere
960 2899 1057 2972 dccet
1083 2900 1142 2972 tibi
1169 2899 1398 2974 adorationem
1425 2926 1500 2976 cum
1525 2904 1666 2993 bonore,

300 3021 398 3095 laude
426 3032 459 3094 ct
485 3019 707 3110 exaltatione,
741 3017 892 3089 exhiheri
920 3017 961 3089 ab
986 3017 1137 3090 omnibus
1158 3021 1318 3090 creaturis
1346 3023 1409 3090 tuis
1437 3020 1666 3111 rationalibus,

301 3138 460 3234 simulque
486 3139 656 3227 unigenito
684 3133 768 3206 Filio
797 3144 863 3222 tuo,
891 3143 925 3206 et
950 3134 1086 3230 Spiritui
1111 3143 1168 3205 tuo
1196 3143 1323 3206 sancto.
1625 3129 1629 3138 ’

402 3255 552 3326 mevam
577 3275 703 3324 vocem.
757 3251 809 3323 Tu
842 3251 897 3321 ille
929 3273 966 3322 es
1001 3253 1055 3345 qui
1082 3263 1114 3319 'a
1153 3248 1344 3321 substantiis
1385 3251 1594 3340 sublimibus,
1634 3262 1668 3323 et

300 3369 581 3454 immaterialibus,
610 3367 734 3439 decore
763 3388 903 3455 summo,
931 3377 964 3438 et
989 3363 1228 3459 triumphaliter
1259 3367 1292 3434 in
1319 3366 1482 3455 excelsis,
1514 3368 1666 3442 honora-

300 3490 358 3576 ris,
384 3485 540 3574 laudaris,
568 3495 601 3556 et
636 3481 876 3576 glorificatione
910 3489 1070 3578 perpetua
1096 3479 1298 3569 celebraris,
1331 3482 1481 3558 cantibus
1512 3487 1603 3580 puris
1635 3494 1669 3556 et

302 3605 440 3690 sanctis,
467 3599 600 3672 citharis
628 3598 806 3688 suavibuS,
843 3609 876 3670 et
904 3597 1078 3693 jucundis,
1113 3597 1435 3694 exaltationibusque
1469 3601 1668 3703 ethymnis

302 3715 564 3813 triumphalibus
590 3716 684 3787 iestis
712 3713 987 3802 indesinentibus,
1017 3723 1050 3785 et
1080 3718 1219 3787 canticis
1246 3737 1313 3788 non
1347 3716 1575 3823 cessantibus,
1609 3741 1670 3814 per

302 3856 360 3906 oca
388 3837 601 3928 incorporea,
628 3855 690 3926 per
716 3831 846 3923 linguas
874 3853 940 3903 non
967 3853 1120 3920 carneas,
1147 3854 1208 3927 ρει
1234 3838 1415 3928 praeconia
1444 3836 1567 3906 eximia
1594 3838 1669 3930 spi-

302 3949 476 4038 ritualium,
503 3970 564 4045 pcr
592 3946 764 4042 aequalem
793 3957 986 4018 concentum
1014 3951 1200 4039 igneorum,
1227 3972 1289 4043 per
1302 3972 1405 4046 puras
1432 3972 1537 4023 voces
1554 3950 1670 4022 Thro-

302 4087 431 4154 nomm,
458 4087 519 4160 per
545 4087 661 4137 sonum
689 4085 849 4156 magnum,
873 4061 1069 4153 Cherubim,
1110 4072 1143 4135 et
1175 4065 1450 4139 sanctificationes
1477 4069 1671 4163 purissimas

304 4181 495 4276 Seraphim,
523 4183 578 4274 qui
611 4177 800 4251 terribiliter
834 4177 896 4250 alis
922 4179 1097 4275 plaudunt,
1123 4180 1345 4278 volantesque
1377 4194 1428 4255 ter
1455 4183 1671 4274 sanctificant,

304 4296 456 4385 clamant,
482 4295 711 4367 vociferantur
738 4305 771 4366 et
797 4294 916 4367 dicunt.

407 4411 568 4506 Populus.
622 4411 774 4499 Sanctus,
802 4410 957 4500 Sanctus,
984 4410 1136 4484 Sanctus.
1345 4491 1349 4506 ,

408 4527 583 4618 Sacerdos
615 4529 805 4598 inclinatae.
859 4527 1001 4600 Sanctus
1035 4532 1122 4600 enim
1158 4551 1214 4620 es,
1247 4528 1340 4601 Deus
1373 4530 1492 4618 Pater,
1529 4530 1671 4602 Sanctus

307 4647 404 4716 etiam
439 4647 627 4737 unigenitus
661 4643 764 4716 Filius
798 4651 892 4734 tuus,
928 4643 1070 4745 Sanctus
1105 4648 1203 4718 etiam
1236 4645 1378 4742 Spiritus
1414 4657 1486 4718 tuus
1520 4657 1671 4719 sanc-tus:

308 4765 362 4857 qui
389 4759 514 4834 similes
541 4758 741 4834 coelestibus
768 4782 830 4855 ρει
856 4781 1002 4832 ιιιοιειι
1036 4771 1123 4834 hrum
1156 4784 1238 4855 erga
1265 4761 1432 4852 homines,
1464 4784 1525 4834 nos
1543 4757 1673 4851 iecisti,

308 4885 341 4949 ot
366 4885 538 4971 tantopere
566 4877 711 4949 dilexisti
736 4897 821 4966 nos,
847 4885 882 4948 ut
909 4879 1005 4946 ctiam
1033 4880 1244 4970 unigenitum·
1261 4876 1377 4949 Filium
1396 4889 1485 4951 tuum
1511 4875 1671 4950 tibicen-⁸

308 4991 556 5067 substantialem
582 4997 730 5068 mitteres
758 4992 800 5064 ad
827 4994 962 5068 salutem
977 5005 1144 5067 nostram:
1172 4997 1228 5089 qui
1253 4997 1442 5067 incarnatus
1470 5005 1540 5083 est,
1580 4991 1671 5064 incl·
1797 5083 1799 5086 Ι
