4782 6068
534 578 544 592 .
648 476 725 550 soe
1217 473 1449 554 noran

648 660 705 724 bats
724 659 927 736 Potriarcltis,
940 659 1113 741 Episcopis,
1126 659 1317 743 Presbyteris
1338 668 1369 723 et
1386 660 1546 742 vincesis,
1569 670 1600 725 et
1615 679 1677 743 pro
1697 661 1747 724 leis
1768 662 1821 743 poi
1839 663 1905 725 cito
1923 662 2023 742 [amoti

646 781 688 823 ea
708 761 769 824 noe
789 759 947 824 Ecclesiae
968 761 1200 840 concrepatione
1221 761 1379 822 eaierrmt:
1409 760 1468 836 (Et
1484 779 1545 842 pro
1567 760 1751 825 Beatissimo
1779 760 1870 842 Papa
1895 767 2018 838 nostro)

646 875 725 940 quae
747 856 859 922 additio
881 867 930 921 est
952 857 1142 922 ebusitanis
1164 856 1259 922 lacta:
1284 877 1402 940 proque
1430 861 1536 922 mrmdi
1559 878 1641 941 pace
1669 869 1701 924 et
1719 861 1796 922 anni
1823 878 1958 935 corono,
1986 867 2020 922 ut

645 959 762 1020 scillcet
782 957 978 1020 bandicotur
999 964 1029 1019 et
1047 959 1262 1020 misericordia
1284 966 1337 1020 tua
1359 959 1577 1040 adimpleatur:
1595 979 1654 1040 pro
1676 961 1774 1022 omens
1795 962 1886 1022 etiam
1908 957 2019 1022 Eccle-

645 1059 713 1119 siae
731 1057 866 1138 9e‘rmine
887 1057 968 1137 quod
989 1058 1110 1138 eliquans
1131 1060 1299 1138 repes-itta,
1329 1057 1508 1121 einnonem
1530 1058 1610 1122 boue
1631 1079 1710 1140 poue
1731 1060 1763 1121 iu
1785 1065 1946 1138 conspectu
1967 1067 2020 1120 tuo

613 1218 616 1224 ,
646 1157 842 1236 uslausein,
865 1164 920 1219 etc.
964 1155 1145 1220 versionem
1174 1155 1253 1219 illam
1281 1173 1344 1220 non
1364 1173 1526 1236 possumus
1554 1157 1669 1240 absquo
1699 1158 1833 1238 Syriacis
1862 1157 2018 1220 codicibus

646 1253 826 1332 reformare,
848 1254 903 1318 sed
925 1255 957 1318 in
979 1273 1016 1318 ea
1038 1274 1100 1320 non
1121 1273 1217 1338 pauca
1240 1263 1319 1334 sunt,
1343 1273 1420 1337 quae
1442 1257 1556 1320 erroris
1579 1257 1753 1339 suspicione
1773 1273 1835 1320 nou
1857 1263 1973 1320 carent

856 1516 917 1588 10.
953 1517 1133 1588 Diaconos
1158 1517 1244 1588 dicit
1270 1519 1317 1588 ad
1342 1522 1615 1592 circumstantem
1636 1517 1807 1612 papatus.

705 1737 710 1748 ’
744 1709 901 1796 Petarenos,
924 1720 1125 1800 confiteamur
1153 1729 1183 1783 et
1203 1693 1395 1784 obsecremus
1416 1741 1519 1785 omnes
1547 1725 1580 1786 in
1609 1723 1702 1785 clsoro
1731 1721 1910 1783 llomirmm:
1939 1727 2018 1782 state

640 1845 720 1906 pure
741 1831 773 1887 et
792 1825 936 1886 oboedite
956 1823 1005 1885 bis
1026 1843 1104 1905 meae
1130 1832 1281 1905 opimum
1311 1827 1475 1888 tremendis
1502 1827 1654 1908 repeteriis
1681 1843 1759 1905 ossae
1788 1831 2016 1890 consecrantur.

643 1925 800 1988 Sacerdos
820 1925 952 1987 accessit
977 1931 1012 1986 al
1032 1932 1107 2000 oret,
1129 1932 1162 1986 ut
1189 1926 1254 2004 ejsss
1282 1926 1498 1988 inacessione
1522 1943 1592 2005 pac
1618 1925 1831 2004 mmnplioetur
1859 1925 1891 1986 irs
1919 1915 2015 1987 cobis.

645 2022 758 2087 Oculos
785 2031 905 2086 cestros
932 2024 1073 2086 &ornem
1102 2024 1261 2100 άαηὶαἰιε,
1294 2030 1325 2086 et
1351 2032 1478 2086 mentem
1506 2033 1640 2086 cestram
1667 2024 1825 2104 dilipenter
1852 2030 1959 2083 curate
1984 2023 2017 2084 in

645 2124 760 2188 coelum
782 2123 903 2198 more:
929 2125 1024 2204 petite
1047 2131 1082 2185 et
1103 2122 1262 2185 obsecrate
1290 2122 1348 2185 ltoc
1369 2130 1522 2204 tempore.-
1550 2141 1695 2204 nemoqae
1721 2122 1804 2202 loprsi
1829 2121 1958 2182 audeat:
1988 2131 2019 2185 et

645 2224 699 2304 qui
727 2231 800 2284 orat
821 2222 915 2284 corde
936 2228 1013 2301 oret,
1036 2223 1068 2283 in
1090 2223 1209 2284 silentio
1231 2229 1261 2283 et
1282 2229 1414 2283 nonore
1430 2229 1626 2302 permanete:
1645 2219 1891 2302 pacnobiscam.
1919 2219 1963 2282 Ita
1984 2220 2016 2284 in

643 2321 737 2384 blissa
759 2321 950 2398 Malabarica,
973 2320 1046 2383 satis
1070 2321 1210 2384 obscure.
1244 2319 1278 2382 ln
1300 2319 1358 2382 illis
1380 2319 1483 2383 verbis
1505 2319 1599 2382 latent
1621 2318 1766 2382 tonnulae
1788 2327 1911 2382 veteres
1933 2317 2016 2381 hor-

644 2422 789 2485 tationum
812 2440 829 2483 a
852 2420 993 2484 Diaconis
1017 2418 1077 2483 alta
1098 2437 1176 2483 voce
1198 2419 1392 2502 pronunciari
1419 2419 1585 2485 solitarum.
1630 2414 1763 2498 Στῶμεν
1784 2414 1901 2498 καλῶς,
1924 2403 2016 2504 πρό-

644 2537 782 2600 σχωμεν.

1047 2780 1109 2854 11.
1134 2780 1360 2876 Discooperil
1383 2787 1610 2853 sacramenta.

739 2973 832 3053 Aaou
856 2983 1026 3048 Orientales
1050 2983 1248 3064 Christianos,
1270 2993 1304 3048 ut
1325 2985 1404 3048 inter
1419 2985 1555 3049 Graecos
1577 2985 1642 3048 lieri
1664 2984 1755 3063 solet,
1776 2984 1863 3066 panis
1885 2990 1916 3047 et
1939 2983 2018 3046 calix

643 3099 768 3172 praeter
789 3087 943 3172 singulare
965 3087 1066 3152 velum
1087 3106 1148 3180 quo
1171 3093 1299 3170 uterque
1329 3089 1453 3170 tegitur,
1474 3087 1580 3171 majori
1611 3087 1693 3169 quod
1718 3088 1916 3167 Arroplsoram
1946 3087 2016 3169 Syri

644 3189 695 3252 alii
715 3197 836 3267 vocant,
859 3189 1012 3269 operitur3
1041 3187 1157 3251 tollitur
1178 3194 1277 3250 aulem
1307 3188 1401 3270 majus
1430 3187 1514 3266 illud,
1544 3207 1612 3252 oum
1639 3188 1782 3269 incipitur
1810 3205 1898 3251 sacra
1919 3189 2014 3250 actio:

645 3297 677 3352 et
698 3287 736 3353 de
759 3288 810 3351 illo
833 3287 909 3350 haec
931 3284 1060 3349 Robrica
1082 3285 1279 3368 intelligenda
1302 3294 1365 3365 est,
1394 3287 1517 3354 nonde
1540 3288 1716 3366 minoribus,
1749 3286 1933 3350 Graecorum
1957 3287 2014 3350 hac

642 3389 672 3450 in
697 3395 782 3469 parte
806 3385 1003 3468 disciplinam,
1026 3404 1104 3466 quae
1127 3403 1224 3467 propa
1247 3385 1353 3449 eadem
1375 3395 1423 3450 est
1444 3387 1511 3449 lusa
1535 3395 1565 3450 et
1587 3395 1728 3451 accurate
1743 3385 1874 3468 explicit
1885 3386 2014 3450 Goarius

644 3487 682 3549 ad
703 3477 868 3567 liturgiam
891 3482 1109 3568 chrysostomi.

878 3703 939 3818 12
979 3747 1104 3818 Gratia
1129 3748 1270 3819 Domini
1295 3751 1406 3819 nostri
1431 3747 1515 3819 lesu
1542 3745 1686 3834 Christi,
1714 3753 1776 3818 etc.

740 3939 833 4020 Hauc
863 3949 1034 4013 benedictio
1057 3957 1141 4013 extat
1166 3951 1197 4014 in
1225 3952 1361 4015 omnibus
1387 3950 1531 4034 Litargiis
1562 3949 1781 4028 Orientalibus,
1809 3949 1847 4012 ad
1876 3949 2016 4014 eumdem

642 4055 753 4134 locum,
775 4063 806 4118 et
828 4055 860 4117 iu
883 4052 1058 4135 quibusdam
1080 4053 1156 4118 aliis.

958 4314 1018 4386 13.
1045 4314 1186 4388 Sursum
1210 4318 1280 4389 sint
1305 4322 1432 4398 mentes
1457 4322 1606 4405 cestrae,
1634 4322 1698 4388 etc.

738 4504 822 4585 Hinc
844 4519 948 4600 incipit
972 4517 1120 4582 Praelatio
1152 4527 1185 4582 ut
1206 4519 1300 4601 vulgo
1324 4520 1458 4587 dicimus.
1504 4519 1592 4595 Quod
1614 4527 1714 4584 autem
1735 4521 1777 4583 ila
1807 4519 1877 4604 Syri
1899 4520 2014 4584 Orien-

643 4621 720 4685 tales
744 4623 953 4702 expresserint
974 4621 1120 4685 Graecam
1144 4620 1300 4686 lanuuium
1320 4612 1407 4686 ’Ἀνω
1428 4614 1490 4700 τὰς
1510 4618 1664 4710 καρδίας,
1695 4632 1727 4687 et
1749 4624 1807 4687 alia
1830 4623 2013 4691 addiderint:

564 4767 571 4779 ,
642 4728 676 4785 ut
699 4720 760 4800 illa,
783 4721 866 4802 apud
887 4729 916 4784 te
937 4730 1007 4785 mont
1026 4721 1110 4784 boo
1122 4721 1290 4800 Abrabam,
1312 4723 1396 4788 Date
1412 4725 1516 4799 isaac,
1537 4724 1621 4794 ilaus
1641 4723 1750 4804 israel,
1772 4724 1849 4788 levis
1872 4728 2015 4790 momenti

644 4828 702 4899 ost,
725 4837 793 4883 cum
816 4821 964 4884 sententia
987 4822 1091 4884 eadem
1113 4821 1161 4884 sil
1212 4821 1299 4896 Quod
1321 4826 1460 4905 sequitur
1484 4823 1604 4886 Oblatio
1631 4823 1697 4886 lleo
1727 4825 1857 4886 omnium
1882 4823 2015 4888 Domino

644 4919 779 5002 offertur,
802 4921 880 4982 verti
902 4928 1002 5002 potest
1025 4928 1055 4984 et
1076 4939 1151 4985 sane
1172 4922 1277 4986 melius
1300 4923 1487 5004 sacrificium
1508 4922 1574 4984 Deo
1597 4921 1739 5004 offertnr:
1761 4941 1824 4986 vox
1845 4921 1925 4986 enim
1946 4923 2015 5003 ipsa

644 5035 722 5100 quae
744 5018 869 5100 proprie
891 5027 922 5083 et
944 5021 981 5084 ad
1004 5020 1129 5084 verbum
1150 5009 1347 5109 προςφοράν,
1370 5041 1426 5087 seu
1444 5022 1625 5086 oblationem
1646 5021 1811 5104 sipnisicat,
1832 5040 1890 5104 pro
1913 5023 2015 5086 saari-
