4784 6040
704 645 779 718 aro
1214 646 1572 725 urrunnun
1677 625 1683 636 ’

807 831 984 906 Sacerdos
1010 834 1203 904 inclinatos.
1257 834 1401 924 Dignum
1429 842 1464 905 et
1488 831 1588 915 ,valde
1609 834 1735 927 justum
1762 845 1832 923 est,
1868 844 1905 906 ut
1929 835 2078 908 benedi·-

702 952 804 1037 caris,
830 949 1041 1042 glorificeris,
1066 948 1243 1021 honoreris
1270 957 1303 1019 et
1330 947 1502 1038 exalteris,
1528 948 1621 1019 neus
1648 957 1780 1038 noster,
1806 972 1916 1044 neque
1943 947 2076 1022 solum-

702 1064 803 1138 modo
831 1089 851 1135 a
877 1064 986 1152 nobis,
1015 1065 1201 1138 sedetiam
1230 1063 1271 1136 ab
1301 1062 1453 1136 omnibus
1480 1062 1656 1137 virtutibus
1685 1067 1830 1158 quaein
1858 1065 1956 1139 coelo
1984 1076 2076 1140 sunt:

703 1183 779 1276 quia
806 1186 930 1252 creasti
956 1201 1019 1252 nos
1046 1203 1093 1252 ex
1117 1180 1216 1252 nihilo
1244 1201 1306 1275 per
1333 1201 1483 1252 amorem
1509 1187 1600 1250 tuum
1625 1198 1708 1270 erga
1734 1177 1903 1267 homines,
1940 1188 1974 1250 et
2008 1179 2077 1252 do-

701 1298 797 1378 cuisti
824 1317 888 1367 nos
914 1294 1165 1388 glorificationis
1191 1307 1225 1367 et
1252 1299 1432 1388 gratiarum
1461 1296 1601 1366 actioms
1628 1315 1747 1384 voces,
1774 1317 1858 1390 quas
1881 1296 2077 1369 offerremus

701 1411 770 1485 tibi.
823 1412 892 1484 Sed
918 1435 1004 1484 nunc
1031 1416 1198 1504 conjunge
1231 1434 1292 1483 nos
1319 1434 1380 1507 per
1414 1409 1570 1506 Spiritum
1597 1419 1687 1482 tuum
1722 1421 1873 1483 sanetum
1908 1413 1946 1482 iu'
1977 1433 2077 1483 unam

703 1527 909 1621 spiritualem
937 1528 1159 1601 concordiam.

805 1643 956 1714 Elcoons
988 1667 1113 1715 ccccm.
1166 1643 1200 1715 A
1241 1651 1291 1721 te,
1308 1643 1393 1712 euim
1426 1642 1686 1714 contremiseunt
1722 1638 1841 1710 millies
1884 1639 2004 1726 millia,
2042 1648 2076 1711 et

702 1759 817 1830 decem
844 1759 934 1831 mille
959 1759 1128 1854 myriades
1156 1762 1320 1830 mentium
1339 1756 1546 1843 coelestium,
1574 1766 1607 1826 et
1632 1751 1853 1826 multitudines
1871 1752 2076 1827 sublimium:

701 1874 907 1947 substantiae
933 1873 1101 1969 simplices
1128 1895 1192 1946 nec
1223 1862 1445 1968 compositae,
1480 1870 1657 1942 allamma
1689 1869 1744 1942 illa
1777 1867 1974 1959 intelligibili
2008 1867 2075 1938 de-

701 1993 807 2080 cisae,
834 2013 921 2084 quae
947 1989 1005 2062 tibi
1032 1989 1240 2061 benedicunt.
1295 1967 1438 2060 Ordines
1472 1984 1641 2058 mirabiles
1674 1997 1708 2057 et
1741 1983 1877 2057 timendi
1910 2005 1956 2054 ex
1991 2005 2075 2054 cur-

701 2105 845 2178 bonibus
871 2110 960 2198 ignis
985 2106 1147 2178 levissimi
1173 2111 1377 2191 constantes,
1404 2106 1462 2197 qui
1488 2112 1521 2173 te
1548 2100 1697 2173 laudant:
1733 2103 1901 2172 exercitus
1928 2103 2075 2172 maxime

700 2221 925 2304 admirabiles,
953 2243 1092 2315 quorum
1119 2224 1204 2291 inter
1229 2219 1324 2292 labra
1351 2217 1518 2290 carbones
1546 2216 1712 2290 terribiles
1739 2214 1904 2302 defluunt,
1932 2225 1965 2285 te
1993 2215 2075 2307 glo-

699 2335 850 2425 rideant,
877 2347 1039 2408 catervae
1064 2335 1220 2430 prolixae
1247 2344 1281 2405 et
1307 2333 1430 2421 fortes,
1466 2356 1540 2405 cum
1571 2342 1663 2404 motu
1696 2330 1875 2404 Cherubim
1907 2328 2074 2402 carbones

699 2451 887 2540 ferentium,
914 2461 947 2522 te
975 2449 1140 2523 exaltant:
1168 2448 1303 2522 ordines
1329 2447 1504 2545 praeclare
1533 2448 1683 2543 dispositi
1710 2444 1896 2540 Seraphim,
1923 2469 1989 2519 sex
2002 2446 2074 2518 alas

699 2564 875 2654 babentes,
903 2568 988 2636 trina
1016 2575 1049 2635 te
1077 2563 1338 2636 sanctificatione
1365 2562 1580 2650 sanctificent,
1608 2566 1663 2656 qui
1690 2559 1797 2634 iacies
1824 2583 1924 2650 suas,
1951 2585 2074 2656 quarm

700 2684 755 2751 vis
781 2684 913 2772 igneas,
940 2680 982 2753 ab
1011 2681 1132 2752 ardore
1158 2691 1215 2752 tuo
1243 2687 1476 2775 protegentes,
1503 2681 1639 2751 canticis
1667 2680 1893 2768 suavissimis,
1927 2687 1962 2748 et
1988 2701 2075 2772 quae

699 2796 841 2868 bumana
874 2795 963 2868 labia
996 2795 1116 2868 efferre
1142 2817 1208 2866 non
1235 2805 1393 2890 possunt,
1426 2797 1542 2865 trinam
1564 2792 1864 2866 'sanctificationem
1892 2813 1957 2866 uno
1985 2814 2074 2865 con-

700 2919 798 2982 centu
825 2913 1027 3000 intonantes,
1055 2934 1129 2982 cum
1152 2911 1258 3002 jubilo
1289 2910 1442 2997 clamant,
1469 2907 1699 2982 vociferantur
1725 2919 1760 2979 et
1786 2908 1904 2980 dieunt.

806 3026 967 3119 Populea.
1020 3026 1177 3114 Sanctus,
1205 3038 1268 3097 etc.

806 3140 981 3214 Sacerdos
1007 3143 1199 3213 inclinatos.
1254 3141 1398 3213 Sanctus
1425 3161 1484 3228 es,
1509 3139 1674 3224 Domine,
1700 3139 1777 3210 lons
1792 3141 1993 3228 sanctitatis3
2020 3143 2076 3234 qui

698 3279 774 3328 curn
799 3259 1024 3352 praevaricati
1050 3255 1227 3328 fuissemus
1256 3267 1290 3328 et
1315 3261 1348 3328 in
1375 3255 1548 3352 pulverem
1576 3253 1824 3343 recidissemus,
1850 3257 1884 3326 in
1901 3277 1977 3327 eam
2000 3258 2074 3328 sei-

698 3372 778 3443 licet
803 3382 952 3443 naturum
979 3394 1026 3442 ex
1053 3393 1117 3466 qua
1145 3376 1250 3443 creati
1276 3371 1462 3464 fueramus,
1498 3392 1560 3464 per
1594 3369 1775 3441 bonitatem
1812 3369 1967 3442 exaltasti
2000 3393 2073 3459 nos,

699 3497 734 3559 et
760 3483 945 3582 Prophetas
972 3489 1088 3558 misisti
1116 3486 1158 3558 ad
1186 3486 1399 3558 directionem
1426 3497 1591 3558 nostram:
1620 3507 1760 3578 cumque
1787 3508 1853 3558 uon
1881 3498 2075 3583 suppeteret

699 3601 764 3674 illis
791 3605 899 3675 virtus
927 3601 969 3673 ad
996 3600 1135 3675 salutem
1162 3601 1414 3696 praestandam,
1440 3601 1589 3674 Verbum
1616 3601 1722 3673 Deum
1746 3601 1862 3673 Filium
1890 3613 1979 3674 tuum
2005 3606 2074 3675 mi-

699 3720 772 3790 sisti
799 3717 842 3788 ad
869 3716 1025 3789 auxilium
1053 3727 1210 3788 nostrum.
1263 3717 1340 3812 lpse
1367 3726 1476 3788 autem
1505 3737 1628 3811 corpus
1656 3721 1835 3813 assumpsit
1854 3740 1901 3789 ex
1915 3719 2073 3810 figmento

698 3844 838 3919 nostro,
864 3843 900 3904 ut
927 3831 1005 3904 illud
1033 3835 1150 3904 itemm
1176 3832 1369 3925 refingeret:
1397 3842 1432 3904 et
1457 3854 1685 3927 quaecumque
1717 3831 1838 3904 bomini
1873 3838 2075 3923 conveniunt

701 3949 868 4043 (excepto
895 3948 1056 4043 peceato)
1084 3951 1231 4044 suscepit
1255 3972 1318 4045 pro
1345 3949 1460 4038 nobis,
1487 3960 1521 4021 et
1546 3949 1601 4020 ille
1628 3969 1714 4043 quae
1738 3948 1813 4020 Deo
1840 3947 1940 4040 digna
1967 3959 2074 4038 erunt,

699 4073 858 4159 operatus
886 4063 1004 4135 estad
1032 4062 1172 4135 salutem
1199 4071 1359 4137 nostram.

803 4177 954 4248 Elcoane
979 4201 1106 4250 ooccm.
1159 4177 1244 4251 Cum
1269 4183 1370 4272 igitur
1403 4202 1526 4272 agnum
1558 4179 1702 4271 legalem
1735 4178 1842 4264 illum,
1882 4182 1938 4272 qui
1973 4188 2075 4275 typus

699 4302 774 4365 erat
800 4295 878 4384 agni
905 4293 1062 4366 coelestis
1089 4316 1163 4365 curn
1192 4294 1361 4390 discipulis
1388 4298 1457 4368 suis
1485 4299 1609 4368 sanetis
1635 4294 1869 4383 manducaret,
1904 4294 2074 4389 velletque

698 4428 762 4480 nos
790 4430 810 4477 a
837 4407 1006 4482 sacrificiis
1033 4412 1224 4503 corporeis,
1258 4432 1440 4502 agnomm,
1475 4421 1666 4500 taurorum,
1699 4420 1733 4481 et
1766 4409 1949 4481 haedomm
1981 4409 2075 4482 libe-

698 4545 796 4612 rare,
824 4533 858 4595 et
883 4544 946 4597 nos
973 4524 1125 4597 attollere
1152 4524 1195 4596 ad
1221 4526 1372 4618 digniora
1399 4526 1574 4615 sacrificia,
1601 4525 1761 4600 coelestia
1789 4525 1968 4620 diviuaque
1991 4547 2074 4620 my-

700 4639 821 4721 steria,
849 4661 892 4710 eo
916 4661 1063 4735 vespere
1090 4662 1156 4733 quo
1184 4641 1360 4714 traditurus
1392 4653 1465 4714 erat
1498 4663 1536 4714 se
1569 4645 1673 4737 ipsum
1709 4645 1742 4712 in
1779 4640 1975 4713 sacrificium
2010 4663 2074 4735 pro

699 4750 817 4840 nobis,
860 4775 979 4849 panem
1018 4758 1148 4852 accepit
1178 4759 1214 4830 in
1248 4779 1364 4830 manus
1396 4780 1475 4830 suas
1510 4767 1664 4844 sanctas,
1706 4767 1739 4829 et
1771 4766 1931 4853 expertes
1964 4761 2075 4831 omnis

698 4865 850 4939 macellae
878 4877 912 4938 et
938 4867 1077 4941 elevans
1105 4869 1221 4944 oeulos
1249 4876 1282 4943 in
1309 4873 1440 4946 eoelum
1467 4873 1510 4946 ad
1527 4875 1673 4961 Patrem,
1701 4877 1827 4965 gratias
1842 4876 1912 4965 egit
1925 4879 1946 4954 †
1961 4872 2077 4945 bene-

699 4981 783 5054 dixit
810 4989 831 5064 †
857 4981 959 5077 fregit
983 4991 1004 5066 τ
1035 4976 1050 5019 ³
1077 4984 1144 5058 edit
1171 4986 1326 5084 deditque
1354 4989 1522 5086 discipulis
1549 4992 1618 5063 suis
1646 4989 1781 5078 dicens,
1818 4993 1959 5086 accipite
1986 4989 2078 5062 edite
