4712 6032
659 495 733 569 190
1173 497 1538 574 blittolo

646 682 755 756 salute
781 691 908 772 nostra,
936 704 1249 757 commemoramus:
1266 687 1528 776 generationem
1554 695 1643 756 tuam
1671 705 1717 756 ex
1742 682 1843 755 Patre
1867 681 2019 757 abscon-

646 797 732 870 dito:
759 801 966 870 nativitatem
992 808 1080 870 nram
1110 820 1156 869 ex
1181 797 1322 890 Virgine
1353 797 1639 895 inexplicabilem:
1673 811 1778 874 ortum
1813 809 1902 871 tuum
1934 803 2016 871 exi-

644 917 746 986 mium
773 924 807 986 et
831 913 1059 1011 praeclarum:
1087 913 1311 986 elevationem
1337 924 1425 987 tuam
1451 917 1483 986 in
1510 938 1612 987 cruce
1639 915 1817 989 salutarem
1844 926 1878 987 et
1905 915 2016 987 admi-

644 1029 800 1101 randam:
828 1031 1005 1102 adventum
1031 1041 1121 1102 tuum
1147 1029 1268 1102 mundo
1292 1033 1394 1102 vitam
1410 1040 1645 1127 praestantem,
1673 1034 1908 1104 excitationem
1926 1041 2016 1104 tuam
2085 1059 2099 1080 ·

645 1145 778 1242 plenam
814 1147 991 1218 miraculo:
1025 1149 1303 1218 resurrectionem
1336 1157 1426 1218 tuam
1458 1147 1660 1240 gloriosam,
1692 1146 1891 1243 plenamque
1926 1149 2015 1219 omni

647 1261 789 1354 gaudio:
817 1261 1041 1335 elevationem
1067 1273 1157 1334 tuam
1183 1263 1217 1333 in
1243 1261 1414 1334 sublimia:
1441 1261 1741 1358 excellentiamque
1761 1265 1923 1337 sessionis
1938 1269 2015 1333 tuae

648 1377 691 1449 ad
726 1377 897 1450 dexteram
931 1381 1093 1470 genitoris
1126 1381 1189 1466 tui;
1215 1376 1398 1473 'praeterea
1434 1383 1535 1451 etiam
1566 1379 1809 1453 revelationem
1841 1379 1937 1471 regni
1969 1380 2015 1448 tui

647 1493 807 1587 gloriosi,
841 1518 927 1590 quae
952 1494 1062 1566 lutura
1095 1505 1146 1567 est
1180 1499 1214 1566 in
1247 1493 1391 1567 adventu
1425 1505 1481 1566 tuo
1514 1494 1677 1568 secundo:
1710 1493 1842 1590 quando
1874 1505 1909 1566 tu
1939 1517 2015 1565 cum

648 1609 756 1702 gloria
784 1609 938 1684 inellabili
966 1615 1144 1700 exoriens,
1180 1619 1213 1682 et
1244 1613 1276 1682 iu
1311 1607 1414 1683 turbis
1440 1613 1549 1702 igneis
1574 1609 1829 1705 legionibusque
1855 1609 2015 1682 flammeis

648 1730 942 1820 circumgestotus,
985 1736 1138 1821 tanquam
1172 1724 1283 1818 bulgar
1319 1724 1494 1798 timandmn
1529 1734 1563 1797 et
1595 1726 1760 1816 validum,
1803 1749 1850 1798 ex
1885 1725 2015 1798 sublimi

648 1843 778 1936 gloriae
805 1855 882 1916 tuoe
908 1842 1072 1938 prodibis:
1100 1841 1230 1938 mando
1258 1851 1418 1915 sumetur
1444 1841 1562 1915 solium
1588 1840 1736 1914 terribile
1759 1842 1955 1933 majestatis,
1982 1849 2016 1913 et

648 1960 749 2033 sedes
777 1959 892 2032 electis
918 1963 983 2032 tuis
1010 1957 1275 2032 collocabuntur:
1303 1957 1433 2052 quando
1459 1957 1572 2054 populi
1594 1968 1628 2029 et
1646 1959 1796 2030 nationes
1819 1978 2015 2049 congrega-

648 2073 781 2162 buntur,
809 2085 844 2146 et
869 2075 911 2145 ad
937 2073 1049 2147 locum
1071 2074 1186 2167 judicii
1213 2078 1382 2162 sistentur,
1409 2083 1444 2144 ut
1470 2076 1629 2170 suscipiat
1644 2075 1868 2167 unusquisque
1888 2093 2014 2144 secun-

649 2191 726 2262 dum
753 2211 838 2286 opus
865 2211 976 2262 suum:
1005 2201 1105 2284 atque
1131 2189 1333 2260 retribuetur
1357 2192 1532 2283 unicuique
1554 2189 1736 2261 secundum
1754 2189 1902 2260 actiones
1924 2207 2015 2276 suas,

649 2305 783 2402 quando
809 2305 884 2379 libri
918 2308 1126 2402 aperientur,
1157 2313 1191 2377 et
1224 2327 1345 2400 opera,
1380 2302 1504 2393 verba,
1539 2314 1572 2376 et
1603 2309 1754 2378 actiones
1786 2303 2015 2374 discutientur:

648 2422 780 2518 quando
808 2420 1034 2494 recitabuntur
1060 2424 1216 2510 crimina,
1245 2432 1279 2493 et
1305 2432 1459 2515 tauquam
1487 2420 1539 2493 sol
1566 2419 1776 2516 splendidus,
1802 2419 1912 2515 palam
1938 2418 2017 2490 fient

648 2536 855 2625 abscondita,
889 2535 1092 2610 clarissime:
1132 2535 1263 2632 quando
1298 2558 1391 2609 mare
1426 2539 1512 2629 ignis
1548 2535 1748 2622 exundobit,
1788 2531 2017 2630 aestuabitque

647 2653 757 2726 fumus
774 2652 992 2742 flammarum,
1018 2651 1265 2748 descendetque
1282 2653 1401 2727 lluvius
1418 2655 1506 2746 ignis
1529 2651 1687 2744 ardentis,
1714 2651 1757 2725 ad
1774 2649 2016 2747 probationem,

649 2781 685 2841 et
710 2791 854 2841 examen
881 2773 988 2842 omnis
1022 2773 1152 2858 carnis:
1185 2769 1317 2864 quando
1350 2771 1524 2861 angustiae
1558 2773 1787 2842 amarissimae
1821 2777 1916 2839 amnt
1946 2769 2017 2839 ini-

650 2889 740 2980 quis:
769 2894 803 2956 et
829 2873 1028 2981 praeparata
1056 2897 1152 2957 erunt
1176 2883 1266 2956 bona
1293 2896 1328 2957 et
1353 2885 1493 2958 deliciae
1515 2888 1630 2979 justis:
1664 2884 1794 2981 quando
1822 2887 2019 2956 misericor-

650 3000 705 3073 dia
731 2999 922 3084 auleretur,
955 3010 989 3072 et
1014 3003 1106 3097 immi
1132 3000 1300 3073 tradentur
1326 3001 1516 3094 gebennas,
1552 3012 1651 3097 atque
1683 3004 1728 3097 pii
1762 3002 1863 3073 vitam
1895 3021 2018 3072 novam

651 3121 686 3188 in
712 3128 883 3189 aeternum
910 3115 1168 3189 haereditabunt
1223 3117 1363 3204 Quando
1390 3139 1463 3189 vox
1489 3117 1601 3190 valida
1633 3116 1783 3190 audietur
1816 3138 1901 3210 quae
1932 3139 2018 3212 par-

650 3245 719 3306 tem
745 3257 844 3306 unam
871 3233 913 3307 ab
942 3233 1045 3304 altera
1074 3233 1260 3328 separabit,
1295 3233 1536 3329 transieratque
1563 3255 1669 3326 agnos
1698 3231 1740 3305 ad
1767 3233 1959 3320 dexteram,
1985 3241 2020 3303 et

650 3348 777 3423 haedos
805 3348 847 3420 ad
872 3352 1049 3422 sinistram.
1102 3349 1153 3421 'le
1180 3349 1396 3445 deprecamur
1421 3349 1553 3446 plenum
1586 3349 1830 3437 misericordia,
1865 3350 2018 3436 Domine,

651 3470 685 3538 in
711 3465 793 3539 bora
822 3465 875 3537 illa
903 3466 1110 3554 decretoria,
1142 3463 1321 3562 multiplica
1348 3466 1555 3537 clementiam
1582 3478 1670 3538 tuam
1706 3487 1788 3557 erga
1823 3465 2019 3538 adoratores

651 3593 737 3670 tuos,
764 3585 797 3653 in
824 3592 975 3677 tempore
1001 3581 1058 3654 illo
1086 3580 1236 3671 terribili,
1263 3591 1297 3653 et
1323 3585 1474 3653 tristitiae
1500 3580 1610 3677 pleno.
1651 3583 1818 3677 Propitius
1840 3591 1914 3652 esto
1938 3600 2020 3670 erga

652 3703 779 3771 animas
808 3719 983 3771 servorum
1012 3708 1159 3785 tuorum:
1186 3701 1218 3768 in
1245 3697 1327 3769 bora
1354 3697 1409 3770 illa
1435 3702 1585 3786 terroris,
1614 3697 1744 3770 ellunde
1760 3694 2021 3770 misericordiam

532 3861 541 3886 t
651 3825 740 3885 tuam
768 3837 870 3910 super
897 3836 970 3899 eos,
998 3815 1053 3908 qui
1080 3835 1142 3908 per
1167 3835 1301 3885 crucem
1327 3823 1415 3886 tuam
1443 3813 1564 3886 salvati
1591 3823 1675 3885 sunt.
1725 3815 1761 3886 ln
1789 3823 1937 3909 tempore
1963 3809 2019 3884 illo

650 3933 797 4018 timoris,
831 3932 994 4001 miserere
1028 3929 1157 4001 illorum
1190 3933 1245 4023 qui
1278 3927 1473 4002 confitentur
1504 3933 1679 4025 passiones
1713 3941 1802 4002 tuas:
1842 3938 1957 4021 tangat
1988 3937 2021 3999 te

653 4066 734 4115 cura
760 4045 900 4133 illorum,
928 4048 982 4140 qui
1008 4043 1163 4116 fiduciam
1188 4043 1310 4116 babent
1336 4068 1437 4141 super
1464 4068 1611 4118 amorem
1638 4055 1727 4116 tuum
1754 4067 1837 4138 erga
1858 4044 2019 4132 homines,

653 4169 686 4231 at
712 4183 813 4254 parce
840 4163 987 4257 peccatis
1014 4183 1148 4249 eorum3
1175 4173 1426 4235 commoveatur
1452 4160 1641 4254 benignitas
1667 4170 1735 4252 tua,
1762 4183 1846 4254 erga
1868 4161 1943 4233 illos
1966 4163 2019 4254 qui

652 4279 812 4349 invocant
838 4299 959 4350 nomen
986 4287 1076 4349 tuum
1103 4289 1252 4350 sanetum
1280 4289 1313 4350 et
1338 4281 1468 4350 remitte
1495 4278 1616 4351 delicta
1641 4278 1783 4350 illorum.
1836 4275 1888 4348 Ne
1920 4274 2019 4348 aule-

652 4401 768 4465 raatur
793 4397 1025 4468 miserationes
1052 4404 1129 4466 tuae
1155 4417 1217 4490 per
1242 4398 1326 4467 iram
1352 4406 1458 4481 tuam,
1494 4416 1602 4488 neque
1633 4393 1763 4465 deficiat
1788 4389 1886 4464 nobis
1912 4393 2019 4484 gratia

652 4516 721 4594 tua,
747 4519 885 4605 propter
910 4510 1147 4582 multitudinem
1174 4510 1319 4583 malitiae
1344 4520 1492 4584 nostrae.
1544 4509 1597 4582 Ne
1623 4508 1784 4581 excludas
1813 4507 2018 4579 clementiam

653 4633 763 4713 tuam,
798 4636 935 4721 propter
961 4629 1164 4720 iniquitatem
1190 4638 1356 4701 nostram:
1393 4649 1436 4698 na
1468 4635 1610 4699 mutetur
1635 4637 1752 4698 natura
1778 4635 1850 4710 tua,
1883 4633 2020 4720 propter

655 4739 914 4831 magnitudinem
940 4743 1197 4837 insipientiamm
1223 4751 1421 4818 nostrarum.
1474 4741 1550 4814 Non
1582 4733 1707 4834 eligant
1731 4764 1795 4816 nos
1825 4740 1949 4833 Angeli
1975 4742 2021 4811 tui

656 4859 782 4944 sancti,
817 4867 850 4928 et
885 4867 1039 4951 tanquam
1074 4857 1253 4933 fasciculos
1287 4862 1506 4948 zizaniorum,
1539 4861 1573 4929 in
1607 4861 1718 4952 iguem
1746 4879 1809 4930 nos
1835 4859 2020 4954 projiciant.

657 4969 733 5044 Non
761 4975 913 5068 increpes
939 4975 1107 5048 ministros
1133 4980 1231 5070 regni
1256 4979 1315 5068 tui,
1341 4985 1477 5072 propter
1499 4973 1622 5076 sordes
1642 4977 1927 5067 vestimentorum,
1952 4996 2020 5044 ne-
