4814 6060
772 539 848 613 544
1276 538 1637 616 LITURGIA

876 729 1065 800 Diaconos.
1119 727 1245 797 Demus
1279 747 1397 820 pacem
1431 723 1515 798 alter
1549 725 1662 816 alteri,
1699 748 1773 799 oum
1811 725 1928 800 osculo
1963 734 2082 802 sancto
2116 735 2146 798 et

771 843 903 934 divino,
931 866 971 914 oc
997 845 1137 914 caritate
1164 841 1297 912 Domini
1324 844 1431 914 nostri
1455 841 1539 913 lesu
1566 840 1698 914 Christi.

874 959 1037 1052 Populos.
1090 959 1242 1051 Dignare
1268 978 1332 1030 nos
1358 957 1502 1030 Domine
1529 957 1622 1050 Deus
1650 937 1795 1033 noscen'

874 1075 1063 1147 Diaconos.
1117 1075 1207 1146 Ante
1235 1076 1430 1146 sumtionem
1462 1077 1698 1169 mysteriorum
1730 1097 1903 1148 sacrorum
1938 1098 2025 1170 quae
2059 1073 2147 1147 olle-

772 1200 898 1281 runtur,
925 1193 1034 1287 capito
1061 1199 1176 1263 nostra
1205 1211 1319 1261 coram
1345 1190 1490 1263 Domino
1518 1191 1736 1262 misericorde
1761 1187 1968 1264 inclinemus.

876 1307 1040 1401 Populus.
1095 1305 1217 1379 Coram
1246 1315 1278 1376 te
1305 1304 1449 1376 Domine
1475 1304 1569 1377 Deus
1595 1316 1720 1379 noster.

875 1423 1060 1496 Sacerdos.
1103 1423 1246 1495 Domine
1270 1420 1366 1493 Deus
1392 1429 1508 1522 noster
1535 1423 1590 1515 qui
1618 1421 1660 1492 de
1687 1419 1888 1494 abundantia
1913 1423 2045 1513 gratim
2071 1431 2146 1493 tuae

769 1544 803 1612 in
837 1543 948 1614 omnia
983 1538 1182 1627 extendisti,
1216 1535 1315 1608 nobis
1349 1537 1522 1630 plusquam
1557 1540 1698 1630 petimus
1732 1535 1867 1627 trihuiS,
1904 1547 1937 1610 et
1971 1537 2146 1629 benignius

771 1680 869 1753 quam
896 1653 1121 1747 intelligimus,
1147 1651 1320 1746 nobiscum
1349 1655 1436 1743 agis,
1464 1651 1611 1724 extende
1637 1652 1790 1745 Domine,
1817 1673 1949 1723 manum
1970 1661 2060 1724 tuam
2081 1674 2147 1724 non

771 1769 1030 1880 aspectabilem,
1065 1778 1100 1841 et
1131 1767 1273 1841 benedic
1307 1771 1417 1840 servis
1451 1777 1485 1838 et
1518 1767 1646 1842 ancillis
1680 1771 1763 1858 tuis,
1796 1767 2019 1863 mundatoque
2053 1771 2146 1864 ipsos

772 1888 815 1961 ab
843 1891 933 1960 omni
959 1886 1089 1958 macula
1116 1887 1227 1958 carnis
1255 1891 1289 1954 et
1315 1885 1458 1978 spiritus,
1489 1894 1587 1978 atque
1615 1884 1754 1976 dignare
1780 1903 1844 1956 nos
1870 1882 1942 1955 lieri
1968 1885 2146 1979 participes
2178 1926 2182 1932 -

770 2007 925 2100 corporis
952 2004 1113 2094 unigeniti
1139 1998 1214 2072 Filii
1241 2002 1305 2088 tui,
1337 2022 1402 2094 quo
1438 2022 1512 2070 cum
1540 2003 1683 2096 puritate
1710 2008 1744 2071 et
1770 2001 1987 2072 sanctimonio
2015 1998 2146 2094 suppli-

770 2143 842 2209 ces,
868 2139 991 2216 preces
1018 2116 1076 2189 tihi
1103 2115 1280 2191 olleramus
1309 2125 1343 2186 et
1369 2117 1541 2207 unigenito
1568 2115 1654 2188 Filio
1681 2123 1738 2188 tuo
1757 2114 1902 2188 Domino
1929 2124 2046 2188 nostro
2065 2114 2146 2186 lesu

771 2233 904 2308 Christo
933 2244 1032 2333 atque
1059 2232 1197 2328 Spiritui
1225 2241 1279 2304 tuo
1305 2232 1538 2334 sanctissimo,
1570 2231 1680 2318 bono,
1704 2230 1904 2322 adorando,
1937 2234 2038 2302 vitam
2072 2229 2145 2303 lar-

769 2353 892 2443 gienti,
927 2350 1053 2444 tibique
1078 2351 1111 2419 in
1139 2346 1322 2420 substantia
1350 2346 1495 2441 aequali,
1529 2369 1617 2419 nunc
1644 2357 1677 2418 et
1703 2367 1856 2442 semper,
1890 2357 1925 2418 et
1950 2351 1985 2420 in
2011 2347 2145 2421 saecula

770 2464 988 2537 soeculorum.

872 2579 1036 2673 Populus.
1089 2579 1210 2652 Amen.

1206 2939 1374 3010 Precatio
1400 2960 1504 3032 super
1529 2936 1705 3008 uelamine.

872 3157 1058 3230 Sacerdos.
1110 3157 1255 3229 Domine
1282 3157 1337 3251 qui
1364 3156 1407 3229 ab
1432 3154 1576 3248 Angelis
1604 3166 1638 3229 et
1663 3155 1886 3248 Archangelis
1911 3157 2098 3247 extolleris,
2125 3182 2145 3232 o

768 3274 942 3372 Seraphim
971 3265 1106 3347 sanctus
1131 3275 1382 3369 pronuncieris,
1408 3293 1510 3368 super
1536 3271 1717 3344 cherubim
1744 3272 1864 3366 sedes,
1900 3283 1999 3367 atque
2025 3269 2069 3344 ab
2095 3273 2145 3346 his

748 3374 865 3466 'simd
892 3390 1045 3464 omnibus
1072 3386 1162 3462 nullo
1189 3391 1387 3485 interposito
1416 3388 1565 3476 silentio,
1592 3386 1735 3460 vocibus
1763 3388 1876 3462 divino
1903 3409 2061 3462 sermone
2087 3393 2146 3462 in-

767 3507 920 3580 formatis
947 3505 1095 3599 gloriose
1121 3504 1285 3579 laudaris:
1312 3514 1346 3576 et
1372 3527 1392 3576 a
1418 3501 1516 3576 nobis
1545 3506 1644 3576 etiam
1670 3515 1782 3576 terrac
1806 3502 1924 3577 incolis
1944 3504 2145 3578 sacerdotali

769 3619 940 3695 irmctione
968 3621 1033 3694 coli
1059 3623 1133 3710 vis,
1159 3642 1228 3693 non
1254 3619 1343 3716 quod
1369 3631 1488 3694 nostro
1515 3618 1604 3691 cultu
1631 3642 1717 3715 opus
1744 3617 1891 3710 habeus,
1919 3619 1979 3692 sed
2011 3628 2049 3692 ut
2081 3641 2143 3694 nos

768 3739 954 3810 sanctitatis
981 3747 1059 3808 tuae
1085 3735 1208 3808 reddas
1234 3739 1432 3832 participes:
1460 3737 1585 3810 sustine
1611 3757 1675 3809 nos
1701 3735 1847 3808 Domine
1874 3733 1917 3807 ad
1934 3735 2040 3808 altore
2057 3745 2146 3808 tuum

767 3862 918 3924 sanctum
947 3850 1166 3940 accedentem
1193 3873 1302 3947 neque
1337 3861 1477 3948 propter
1507 3850 1618 3923 labem
1643 3845 1789 3945 peceati,
1824 3873 1889 3946 qua
1920 3873 1988 3942 ego
2021 3854 2144 3925 noxius

767 3965 867 4039 homo
894 3967 1156 4040 commaculatus
1183 3988 1274 4056 sum,
1301 3967 1469 4065 despicias
1497 3988 1619 4040 servos
1646 3975 1741 4056 tuos,
1769 3971 1825 4061 qui
1851 3989 1966 4040 coram
1992 3977 2027 4040 te
2055 3989 2143 4040 con-

768 4085 898 4156 sistunt
951 4083 1004 4156 Tu
1037 4086 1140 4172 enim,
1176 4094 1212 4155 ut
1247 4086 1302 4178 qui
1337 4085 1411 4179 ipse
1442 4079 1539 4156 li'ctor
1574 4104 1630 4176 es,
1663 4085 1831 4175 cognitum
1868 4081 2146 4179 exploratumque

768 4198 874 4273 habes
902 4199 1093 4292 figmentum
1120 4200 1244 4288 nostri,
1271 4199 1360 4295 quod
1386 4221 1454 4272 non
1477 4198 1675 4290 iustificetur
1701 4221 1817 4271 coram
1844 4209 1878 4270 te
1893 4198 2040 4274 ullusex
2066 4221 2146 4270 mu-

766 4315 851 4387 liere
876 4317 988 4388 natus:
1015 4314 1076 4388 sed
1103 4323 1137 4387 tu
1164 4314 1284 4406 dignos
1312 4314 1431 4388 efficito
1458 4335 1537 4403 nos,
1565 4318 1621 4410 qui
1647 4336 1731 4410 puro
1759 4315 1863 4389 corde
1884 4323 2009 4388 stemus
2029 4335 2144 4388 coram

767 4438 818 4520 te,
846 4429 970 4523 tibique
996 4431 1218 4502 ministremus
1251 4439 1350 4523 atque
1384 4429 1563 4502 offeramus
1596 4430 1790 4504 sacrificinm
1821 4429 1888 4503 hoc
1920 4428 2146 4502 reverendum

768 4553 803 4616 et
828 4545 1053 4632 incruentum,
1081 4543 1124 4616 od
1151 4541 1317 4618 abolenda
1343 4531 1463 4617 delicto
1489 4557 1625 4634 nostra,
1653 4557 1687 4617 et
1712 4569 1774 4642 pro
1801 4547 1934 4641 piocrdo
1953 4543 2070 4640 populi
2089 4546 2145 4632 toi,

770 4680 953 4754 eorumque
979 4669 1212 4755 peccatorum,
1241 4683 1327 4756 quae
1352 4659 1409 4734 ille
1434 4684 1497 4758 per
1521 4663 1684 4734 inscitiam
1712 4661 1860 4735 admisit:
1888 4684 1928 4734 ac
1957 4681 2020 4756 pro
2046 4671 2146 4732 uan-

769 4773 869 4868 quilla
896 4779 1013 4869 requie
1039 4798 1155 4848 eorum
1182 4779 1238 4871 qui
1265 4775 1404 4848 antehac
1430 4777 1673 4850 occubuerunt:
1702 4801 1775 4850 cum
1803 4799 1897 4874 spem
1922 4775 2088 4850 haberent
2112 4779 2145 4848 iu

768 4891 939 4980 unigenito
966 4890 1051 4962 Filio
1079 4901 1152 4964 tuo:
1180 4915 1255 4965 cum
1282 4915 1348 4988 quo
1376 4890 1433 4963 uhi
1461 4890 1601 4964 debetur
1627 4892 1755 4985 glorio,
1780 4893 1888 4966 honor
1921 4902 1954 4964 et
1980 4899 2145 4986 potestas,

769 5024 809 5073 ao
836 5002 932 5076 simul
958 5006 1168 5079 sanctissimo
1201 5017 1258 5080 tuo
1292 5007 1448 5103 Spiritui,
1475 5004 1578 5096 bono,
1614 5007 1803 5100 odorando,
1836 5011 1940 5080 vitam
1974 5005 2145 5098 largienti,
