4730 6038
743 601 909 679 SEVERI
940 602 1242 683 liutbertum.
1609 608 1686 681 327

307 807 385 858 num
411 791 547 879 generis
575 789 689 882 quiin
717 783 849 859 Christo
877 787 1030 860 obierunt
1056 801 1176 886 etpro
1204 791 1323 885 quibus
1348 791 1433 864 baec
1454 791 1567 866 oblata
1592 804 1680 886 suut,

307 913 484 976 memento.

395 1018 564 1102 ,Elaeam
588 1038 716 1088 vocem.
771 1015 924 1086 Omnium
951 1015 1080 1089 illorum
1108 1019 1162 1111 qui
1189 1041 1235 1088 ex
1261 1041 1364 1092 carne
1391 1031 1425 1092 et
1450 1027 1614 1115 sanguine
1640 1023 1684 1097 ad

305 1141 339 1203 te
365 1132 509 1205 Domine
536 1134 715 1205 universae
741 1134 871 1219 carnis,
899 1130 1042 1224 proiecti
1067 1145 1311 1227 pervenerrmt,
1338 1135 1523 1226 animabus,
1550 1160 1686 1233 corpo--¹

306 1244 399 1320 ribus
427 1259 461 1318 et
487 1244 657 1342 spiritibus
683 1257 819 1341 praesta
848 1249 992 1339 quietem
1018 1249 1052 1317 in
1079 1251 1152 1319 sinu
1177 1246 1346 1339 Abraam,
1381 1253 1477 1324 Isaac
1503 1263 1538 1323 et
1563 1250 1684 1341 Jacob,

306 1363 340 1432 in
365 1361 523 1456 paradiso
557 1361 759 1456 voluptatis,
793 1363 826 1432 in
859 1361 937 1433 loco
972 1363 1107 1455 quietim
1150 1372 1183 1432 et
1217 1363 1443 1437 tabernaculis
1479 1377 1683 1457 sanctorum,

305 1475 363 1556 ubi
389 1485 442 1546 est
467 1475 636 1548 multitudo
664 1497 779 1548 eorum
807 1478 861 1569 qui
887 1475 1007 1547 festum
1035 1487 1137 1567 agunt
1153 1476 1421 1552 celeberrimum:
1449 1480 1505 1553 ubi
1528 1490 1580 1554 est
1594 1505 1682 1578 per-

304 1587 406 1662 fectio
442 1594 534 1663 vitae
575 1585 647 1664 sine
674 1589 855 1679 molestiis,
892 1601 925 1662 et
957 1594 1122 1686 primitiae
1157 1596 1416 1687 promissionum
1449 1593 1682 1668 ineffabilium:

306 1727 445 1798 quarum
472 1709 759 1778 consummatione
785 1706 906 1796 dignos
942 1705 1018 1778 illos
1046 1705 1156 1796 ellice,
1191 1728 1258 1778 non
1285 1721 1445 1803 reputans
1472 1710 1536 1784 illis
1570 1714 1681 1784 omnia

304 1820 423 1894 delicta
451 1844 586 1911 eorum,
613 1845 722 1917 neque
748 1825 874 1894 intrans
901 1826 935 1893 in
957 1823 1115 1916 judicium
1143 1845 1218 1894 cum
1245 1827 1355 1896 servis
1382 1829 1465 1916 tuis,
1502 1831 1579 1920 quia
1611 1849 1679 1899 nou

298 1938 496 2030 justificatur
523 1961 637 2013 coram
663 1949 697 2010 te
725 1941 831 2011 omnis
860 1959 951 2010 caro.
1005 1935 1097 2009 Unus
1125 1939 1214 2008 enim
1241 1949 1274 2009 et
1301 1939 1394 2012 solus
1421 1961 1523 2036 super
1554 1952 1678 2014 terram

303 2055 431 2150 absque
456 2066 598 2150 peccato
626 2055 884 2126 communicavit
909 2055 1014 2141 carni,
1042 2062 1077 2123 et
1094 2055 1250 2147 impetum
1277 2054 1518 2128 desideriomm
1535 2060 1677 2152 peccati,

302 2171 358 2261 qui
384 2191 430 2240 ex
457 2191 559 2240 carne
586 2174 700 2255 oritur,
728 2168 829 2265 plane
856 2167 1055 2255 eradicavit,
1088 2169 1133 2238 ita
1160 2178 1195 2238 ut
1221 2167 1328 2241 nullus
1350 2173 1384 2240 in
1400 2191 1442 2240 eo
1460 2169 1524 2242 illis
1541 2174 1677 2244 omnino

299 2283 396 2356 locus
424 2294 525 2371 esset,
553 2284 715 2356 Dominus
742 2307 782 2354 ac
809 2283 902 2354 Deus
928 2292 1044 2354 noster
1070 2282 1171 2353 lesus
1199 2281 1350 2356 Christus
1376 2287 1565 2376 unigenitus
1591 2285 1677 2358 lilius

298 2406 392 2489 tuus,
419 2419 480 2494 per
507 2421 604 2492 quem
632 2410 666 2471 et
692 2420 755 2470 nos
783 2418 967 2493 speramus.
996 2407 1060 2468 etc.

403 2511 578 2586 Sacerdos
611 2499 802 2586 inclinatus.
855 2511 899 2582 Et
937 2514 1040 2584 vitam
1076 2521 1225 2584 nostram
1264 2513 1479 2609 temporalem
1521 2513 1676 2601 Domine,

299 2625 450 2718 guberna
477 2639 510 2702 et
535 2651 702 2725 praepara
728 2632 762 2699 in
790 2647 964 2699 occursum
991 2628 1151 2718 unigeniti
1178 2625 1253 2697 Filii
1279 2630 1345 2718 tui,
1378 2638 1413 2700 ut
1440 2627 1571 2722 quando
1605 2650 1675 2699 ve-

297 2747 384 2814 nerit
409 2767 485 2816 oum
510 2742 652 2836 Angelis
679 2742 810 2815 Sanctis
837 2741 1005 2833 ingloria
1034 2752 1105 2829 tua,
1133 2764 1154 2813 o
1181 2739 1303 2832 Pater,
1338 2742 1381 2813 ad
1413 2742 1674 2835 congregandos

298 2868 435 2932 sanctos
462 2881 561 2948 suos,
589 2881 656 2932 non
683 2858 876 2931 deficiamus
904 2856 946 2927 ad
974 2877 1150 2929 occursum
1185 2857 1397 2951 passionibus
1430 2859 1534 2945 affixi,
1570 2881 1675 2932 onere

296 2986 511 3068 peccatomm
545 2997 631 3069 quae
666 2976 890 3047 commisimus
923 2972 1232 3067 praeponderante,
1266 2995 1342 3045 cum
1374 2974 1473 3046 electi
1504 2977 1675 3069 rapientur

297 3089 433 3162 obviam
460 3095 492 3162 ei
519 3113 580 3186 per
608 3098 698 3161 aera.
751 3089 893 3161 Praesta
919 3097 955 3159 ut
981 3090 1080 3158 etiam
1106 3109 1170 3159 nos
1197 3087 1293 3160 simul
1325 3109 1400 3160 cnm
1432 3087 1497 3160 illis
1529 3089 1673 3184 hymnos

292 3204 511 3300 triumphales
539 3226 716 3291 canamus,
744 3213 876 3274 etcum
905 3201 1012 3295 gloria
1040 3213 1074 3274 et
1090 3201 1190 3274 laude
1204 3203 1364 3290 dicamus,
1390 3201 1593 3276 Benedictus
1615 3209 1671 3299 qui

296 3324 447 3412 venit-in
475 3323 608 3392 nomine
634 3322 785 3392 Domini:
813 3328 848 3390 ut
874 3322 906 3389 in
933 3317 998 3390 boc
1031 3322 1117 3390 sicut
1149 3328 1187 3389 et
1214 3321 1247 3390 in
1280 3315 1434 3390 omnibus
1466 3317 1672 3408 glorificetur

297 3445 331 3504 et
357 3433 509 3506 laudetur
534 3457 657 3506 nomen
684 3447 782 3506 tuum.
810 3443 873 3505 etc.

399 3548 577 3621 Sacerdos
599 3553 733 3642 [rcapti
760 3555 794 3620 et
820 3551 943 3642 sipont.

398 3663 588 3735 Diaconos.
642 3665 764 3736 Iterum
792 3675 890 3756 atque
917 3665 1044 3733 iterum.

398 3778 582 3850 Sacerdos.
636 3778 779 3850 Domine
806 3779 1033 3872 omnipotens,
1060 3779 1154 3868 cujus
1180 3797 1338 3868 magnum
1355 3795 1477 3846 nomen
1494 3785 1561 3849 est:
1589 3777 1669 3848 Do-

293 3898 381 3964 mine
409 3896 473 3987 qui,
490 3893 598 3966 fecisti
626 3915 723 3965 omne
750 3893 839 3986 quod
866 3902 935 3979 est,
969 3903 1002 3963 et
1035 3893 1285 3984 cogitationem:
1321 3892 1376 3984 qui
1411 3912 1485 3961 eum
1517 3911 1669 3963 essemus

292 4011 462 4102 peregrini
489 4032 508 4079 a
536 4011 741 4080 testamentis
769 4010 1045 4101 promissionum,
1077 4017 1111 4078 et
1145 4005 1244 4076 alieni
1278 4029 1298 4075 a
1324 4003 1493 4099 republica
1521 4006 1668 4093 Israelis

293 4123 461 4197 adduxisti
487 4145 550 4196 nos
578 4123 620 4194 ad
646 4121 731 4194 bano
767 4125 1007 4213 coguitionem:
1041 4132 1075 4192 et
1110 4123 1164 4215 qui
1200 4120 1336 4216 pulsare
1372 4119 1415 4191 ad
1449 4122 1567 4192 ostium
1601 4141 1669 4191 non

292 4249 506 4333 poteramus,
531 4261 593 4311 uos
622 4238 664 4309 ad
691 4235 874 4331 penetralia
902 4239 1082 4310 sanctuarii
1108 4235 1319 4308 introduxisti
1346 4239 1379 4308 in
1407 4258 1446 4306 ea
1483 4257 1569 4328 quae
1602 4235 1669 4306 de-

292 4353 441 4425 siderant
466 4354 590 4446 Angeli
616 4356 831 4449 prospicere;
857 4352 1013 4447 purifica,
1040 4361 1074 4423 et
1101 4351 1270 4423 sanctifica
1298 4359 1427 4422 mentes
1454 4359 1607 4438 nostras,
1634 4363 1669 4424 et

290 4479 428 4563 praesta
461 4481 496 4540 ut
535 4466 739 4563 depellentes
777 4488 909 4538 omnem
948 4465 1153 4538 materialem
1189 4468 1450 4557 cogitationem,
1486 4475 1521 4538 et
1554 4489 1668 4538 curam

288 4579 385 4675 bans
413 4583 555 4670 saeculi,
583 4603 782 4675 quaeramus
809 4582 1037 4655 tantummodo
1064 4603 1204 4673 regnum
1232 4592 1321 4652 tuum
1341 4591 1375 4652 et
1387 4577 1548 4673 justitiam
1568 4591 1668 4669 tuam,

290 4707 324 4768 ot
350 4701 434 4769 sicut
457 4701 543 4789 jussi
571 4719 701 4782 sumus,
729 4701 915 4769 orationem
942 4697 1027 4769 banc
1054 4698 1157 4770 corde
1183 4718 1268 4792 puro
1295 4699 1473 4768 recitemus
1508 4697 1542 4766 ei
1569 4695 1669 4766 dica-

291 4833 375 4884 mus.
429 4812 540 4882 Pater
570 4819 697 4883 noster.
760 4811 790 4882 0
823 4812 967 4884 Domine
1001 4816 1056 4907 qui
1091 4817 1158 4883 non
1203 4814 1365 4906 permittis
1405 4811 1506 4882 ullum
1548 4814 1668 4882 tentari

291 4947 393 5021 snpra
421 4927 455 4998 id
482 4927 570 5021 quod
597 4937 725 5022 potest,
753 4927 813 4998 sed
840 4926 956 5000 tribuis
983 4931 1083 5000 etiam
1117 4927 1162 4997 illi
1192 4948 1265 4998 cum
1299 4929 1480 4998 tentatione
1513 4946 1669 5020 proven-

291 5051 380 5132 tum,
407 5052 442 5113 ut
468 5045 576 5137 possit
604 5045 788 5132 sustinere,
814 5041 920 5115 libera
946 5065 1009 5116 nos
1038 5044 1079 5114 ab
1107 5045 1197 5114 omni
1225 5043 1422 5132 tentatione,
1458 5043 1551 5132 cujus
1586 5039 1668 5131 iuga
