4712 6032
658 560 688 636 s.
714 559 881 638 uroursu
906 561 1142 640 irmnmuu
1167 523 1356 642 nausson.¹
1616 565 1695 644 203

420 744 583 838 Populus.
636 744 889 819 Misericordiae
916 746 991 818 Dei.

424 857 608 932 Sacerdos.
664 857 806 933 Caritas.

420 974 582 1068 Populus.
636 974 781 1047 Etcum
808 979 925 1071 spiritu
952 987 1019 1048 tuo.

420 1089 605 1161 Sacerdos.
660 1089 798 1162 Sursum
826 1090 939 1162 corda.

418 1205 580 1298 Populus.
632 1203 805 1276 Habemus
833 1205 876 1277 ad
901 1205 1089 1276 Dominum.

420 1318 604 1391 Sacerdos.
658 1316 792 1392 Gratias
819 1340 958 1410 agamus
986 1319 1143 1392 Domino.

419 1432 580 1526 Populos.
633 1433 779 1526 Dignum
806 1445 839 1505 et
861 1437 985 1527 justum
1012 1444 1074 1506 est.
1174 1519 1177 1530 .

418 1547 594 1620 Sacerdos
618 1548 809 1620 irretiuntur.
862 1549 955 1622 Vere
986 1552 1074 1622 enim
1100 1552 1237 1639 mentis,
1271 1553 1434 1624 sermonis
1441 1602 1452 1638 ,
1486 1559 1520 1622 et
1552 1555 1689 1645 cogita-

315 1666 414 1736 tionis
441 1666 535 1735 vires
563 1663 698 1735 excedit
725 1662 907 1738 celebratio
941 1662 1176 1737 beneficiorum
1210 1675 1360 1751 tuorum,
1387 1665 1550 1753 Domine,
1580 1689 1691 1761 neque

289 1780 477 1852 sufficiunt
503 1783 613 1852 omnia
641 1801 713 1868 ora,
740 1790 869 1851 mentes
898 1801 1034 1867 omnes,
1070 1790 1104 1850 et
1136 1777 1290 1872 linguae,
1324 1780 1367 1851 ud
1400 1790 1451 1870 te,
1486 1791 1521 1851 ut
1553 1779 1689 1872 dignum

316 1904 380 1980 est,
406 1892 666 1986 glorificandum.
719 1893 835 1967 Verbo
863 1897 949 1965 enim
977 1903 1033 1967 tuo
1060 1892 1141 1966 iacti
1167 1903 1242 1966 sunt
1268 1895 1371 1983 coeli,
1406 1904 1439 1965 et
1465 1893 1590 1989 Spiritu
1618 1896 1687 1965 oris

315 2012 361 2079 tui
395 2031 511 2080 omues
542 2012 683 2080 virtutes
716 2031 898 2104 supernae:
931 2008 1104 2082 luminaria
1138 2013 1249 2082 omnia
1288 2032 1374 2106 quae
1413 2013 1447 2080 in
1480 2009 1686 2081 firmamento

315 2131 402 2210 suut,
429 2122 482 2194 sol
508 2131 542 2193 et
567 2122 656 2212 luna,
684 2143 777 2192 mare
802 2132 836 2193 et
863 2123 956 2194 arida
983 2131 1017 2193 et
1044 2145 1270 2218 quaecumque
1303 2127 1338 2195 in
1369 2128 1420 2195 eis
1454 2133 1537 2197 sunt.
1592 2125 1687 2209 Quae

315 2259 437 2311 vocem
462 2259 530 2309 non
557 2234 688 2322 habent,
715 2235 854 2308 silentiis
882 2239 968 2310 suis:
996 2259 1082 2331 quae
1109 2259 1267 2311 sermone
1300 2238 1451 2334 praedita
1487 2248 1580 2328 sunt,
1615 2258 1686 2308 vo-

318 2352 431 2443 cibus,
477 2351 686 2426 sermonibus
723 2361 757 2422 et
789 2351 921 2447 hymnis
957 2363 1120 2448 perpetuo
1153 2351 1212 2424 tibi
1245 2351 1446 2425 benedicunt
1455 2359 1470 2441 ς’
1499 2356 1554 2446 qui
1584 2363 1619 2424 tu
1652 2371 1690 2424 es

315 2479 432 2540 natura
458 2468 579 2559 bonuS,
613 2477 647 2538 et
673 2489 774 2563 supra
801 2489 919 2541 omnes
944 2467 1081 2557 laudes,
1108 2471 1142 2539 iu
1169 2471 1316 2541 essentia
1343 2480 1399 2541 tue
1425 2465 1686 2563 incompreheu-

315 2582 456 2655 sibiliter
481 2587 641 2656 existens.

415 2683 566 2770 Elecoas
596 2720 721 2770 nocem.
775 2697 805 2769 T
806 2721 826 2770 e
866 2697 977 2771 laudat
1012 2709 1165 2772 creatura
1206 2697 1290 2771 haec
1331 2697 1474 2771 visibihs
1516 2708 1550 2769 et
1585 2719 1687 2772 sensu

311 2814 475 2908 praedita,
501 2813 656 2900 Domine,
683 2823 718 2884 ut
745 2817 844 2885 etiam
871 2813 927 2886 illa
953 2813 1194 2900 intellectualis,
1223 2825 1257 2886 et
1282 2836 1383 2910 supra
1409 2835 1566 2886 sensuum
1593 2835 1683 2885 cou-

312 2927 467 3001 ditiouem
503 2932 622 3024 posita.
678 2926 819 3000 Coelum
853 2940 887 3001 et
918 2938 1010 3000 terra
1043 2940 1078 3001 te
1115 2929 1322 3021 glorificant,
1354 2951 1448 3001 mare
1483 2937 1516 2999 et
1551 2937 1610 2998 uer
1651 2938 1685 3000 te

311 3043 517 3137 praedicant3
545 3043 596 3116 sol
622 3047 656 3115 in
683 3065 784 3116 cursu
811 3065 872 3116 suo
898 3053 932 3114 te
958 3042 1083 3116 laudat:
1119 3043 1196 3116 luna
1229 3047 1263 3115 in
1290 3041 1523 3116 mutationibus
1551 3047 1620 3114 suis
1649 3053 1683 3114 te

309 3166 507 3230 veneratur:
541 3167 667 3230 turmae
697 3157 1009 3250 Archangelum,
1042 3167 1077 3230 et
1110 3161 1243 3252 agmina
1275 3157 1500 3250 Angelorum,
1534 3156 1683 3230 Virtutes

309 3271 386 3344 illas
414 3274 533 3345 mundo
561 3285 595 3345 et
619 3274 740 3346 mentis
765 3272 924 3345 facultate
951 3270 1179 3363 sublimiores,
1213 3272 1462 3346 benedictiones
1491 3271 1533 3342 ad
1559 3275 1682 3364 regio-

309 3409 384 3459 nem
413 3401 500 3461 tuam
527 3391 662 3460 mittunt.
715 3386 814 3460 Radii
841 3388 924 3460 lucis
951 3386 1149 3460 excellentis
1175 3398 1210 3459 et
1230 3386 1460 3475 absconditae,
1488 3385 1682 3458 sanctitica-

309 3506 417 3576 tiones
445 3503 576 3596 gloriae
608 3514 686 3576 tuae
717 3506 884 3591 emittunt;
919 3503 1127 3598 Principatus
1162 3511 1196 3574 et
1229 3501 1370 3576 Ordines
1404 3511 1437 3572 tc
1470 3524 1545 3573 cum
1574 3498 1681 3593 jubilo

309 3616 457 3708 laudaut;
484 3620 674 3693 Potestates
702 3629 736 3691 et
762 3619 1012 3690 Dominatioues
1039 3627 1074 3689 te
1108 3627 1329 3705 venerantum
1354 3615 1523 3707 Virtutes,
1555 3613 1682 3686 Throui

309 3745 342 3806 et
367 3735 468 3808 sedes
494 3734 745 3808 inaccessibiles
771 3743 806 3804 te
833 3733 993 3820 exaltant,
1020 3732 1217 3828 splendores
1236 3732 1320 3805 lucis
1347 3741 1517 3821 aeternae,
1543 3731 1681 3826 specula

308 3853 380 3922 sine
412 3850 557 3936 macula,
600 3848 804 3922 substantiae
839 3857 995 3937 sanctae,
1036 3850 1259 3944 susceptrices
1302 3849 1486 3942 sapientiae
1520 3845 1679 3931 subhmis,

307 3987 390 4060 prae
417 3962 569 4036 omnibus
596 3969 809 4036 scrutatrices
837 3963 1017 4048 voluntatis
1044 3961 1085 4034 ab
1112 3961 1266 4034 omnibus
1280 3960 1509 4049 absconditae,
1535 3959 1679 4032 motibus

306 4080 489 4174 praeclaris
517 4091 670 4152 tonorum
696 4077 944 4168 inimitabilium,
970 4080 1179 4172 vocibusque
1192 4077 1301 4170 dignis
1329 4085 1482 4148 creatura
1507 4074 1679 4148 rationali:

309 4193 486 4267 Cherubim
512 4195 705 4284 multioculi,
732 4217 873 4290 quorum
898 4205 1007 4266 motus
1034 4193 1259 4281 subtilissimi,
1294 4200 1328 4263 te
1360 4190 1575 4265 benedicunt:
1607 4191 1678 4262 Se-

305 4307 431 4404 raphim
458 4314 606 4382 instructi
640 4333 705 4383 sex
738 4310 798 4382 alis
831 4309 1006 4407 implexis,
1039 4308 1194 4405 plenique
1229 4307 1365 4404 plumiS,
1397 4318 1430 4379 tc
1458 4306 1675 4394 sanctificant,

305 4422 352 4494 illi
378 4428 458 4520 ipsi,
486 4429 541 4520 qui
568 4425 629 4497 alis
656 4429 726 4499 suis
752 4425 858 4498 iacies
885 4447 964 4498 suas
992 4434 1128 4516 tegunt,
1155 4425 1340 4519 pennisque
1365 4422 1471 4516 pedes
1499 4443 1579 4496 suos
1606 4443 1677 4493 ve-

304 4535 385 4629 lant,
412 4550 446 4612 et
471 4539 692 4636 undequaque
716 4539 872 4612 volantes
900 4549 933 4611 et
967 4538 1162 4632 plaudentes
1189 4535 1251 4613 alis
1278 4536 1431 4608 altered
1459 4535 1615 4622 alterum,
1641 4546 1678 4606 ut

306 4675 372 4726 non
409 4657 588 4728 adurantur
622 4654 664 4728 ab
697 4659 778 4748 igne
809 4663 866 4727 tuo
901 4654 1105 4742 devorante,
1139 4661 1254 4725 cautus
1281 4674 1423 4740 suaves,
1457 4664 1491 4723 et
1517 4651 1559 4723 ab
1587 4652 1678 4720 omni

305 4775 444 4841 mamria
469 4793 585 4866 puros,
612 4771 742 4866 aequali
769 4772 913 4842 omnium
941 4771 1159 4842 consonantia
1193 4776 1331 4857 canunt,
1358 4767 1416 4839 tibi
1442 4767 1584 4859 gloriam
1610 4786 1677 4836 ae-

305 4892 432 4956 ternam
458 4886 657 4975 relerentes,
684 4906 750 4957 uno
776 4884 900 4982 hymno
928 4883 1003 4956 Deo
1032 4884 1133 4976 digno
1160 4869 1341 4955 clamantes
1368 4893 1402 4954 ct
1428 4883 1588 4954 dicentes.

406 5000 569 5094 Populus.
622 5001 777 5093 Sanctus,
803 5000 959 5090 Sanctus,
985 5001 1137 5075 Sanctus.

342 5137 466 5182 romasu
1422 5113 1473 5186 29
