4728 6028
699 572 753 648 lh*
785 569 1089 648 LITURGlllS
1125 568 1405 648 sibilans
1689 573 1739 648 73

361 752 438 816 iorte
461 755 593 818 omnium
615 771 693 836 qnae
721 762 841 832 extant,
872 755 973 818 versio
1002 754 1082 818 illius
1113 755 1238 835 Syriaca
1269 756 1402 818 occurrit
1432 755 1463 818 in
1490 758 1602 837 optimo
1626 757 1740 823 Codice

361 853 593 918 membranaceo
615 853 766 932 hlediceo,
789 873 807 916 a
829 873 888 940 qua
910 852 1028 932 reliqua
1051 853 1237 934 exemplaria
1260 853 1313 916 vix
1337 854 1520 935 discrepant.

449 953 535 1026 Ouae
558 970 634 1016 aero
656 961 825 1034 sequuntur
855 955 884 1016 in
918 952 1021 1016 Ollicio
1052 951 1193 1016 Generali
1231 951 1352 1018 Codicis
1386 953 1570 1031 colbertini,
1604 973 1672 1020 cum
1701 956 1739 1018 ad

362 1053 451 1114 iurem
461 1051 618 1134 biturgiac
640 1056 827 1134 pertineant,
849 1070 889 1116 ne
911 1051 1017 1116 eadem
1039 1059 1182 1133 repetere
1203 1069 1333 1117 necesse
1355 1054 1413 1130 sit,
1436 1053 1474 1116 ad
1495 1054 1662 1136 Liturgiaru
1683 1055 1740 1118 la-

362 1151 431 1214 cobi
454 1159 485 1214 et
507 1152 597 1233 Xysti
619 1152 835 1233 explicabimus
858 1151 966 1232 quibus
988 1152 1020 1213 in
1041 1151 1134 1214 variis
1157 1150 1321 1215 codicibus
1344 1151 1467 1235 adiungi
1489 1153 1600 1218 soleat.

656 1745 817 1841 Litarpia
842 1749 916 1816 siae
942 1746 1274 1838 Artaphernem
1300 1745 1436 1818 Jacobi.
1783 1752 1815 1805 Ρ.
1834 1755 1878 1807 29.

449 1955 523 2032 Hoc
546 1965 614 2027 loeo
638 1965 802 2026 secundum
833 1965 1006 2028 Orientalcs
1037 1983 1142 2030 omnes
1173 1967 1278 2048 incipit
1305 1965 1474 2046 Araaphora
1503 1967 1569 2028 siae
1599 1965 1737 2050 biturgia
1789 1973 1930 2042 anaphora
1958 1982 2062 2047 proprie

359 2070 483 2149 proprie
507 2065 605 2140 dicta,
636 2071 669 2125 ut
695 2064 734 2126 de
756 2063 861 2126 Latina
888 2063 979 2126 blissa
1008 2066 1045 2126 ab
1076 2067 1206 2146 antiquis
1237 2067 1303 2148 ejus
1332 2065 1558 2146 expositoribus
1591 2060 1882 2147 scriptuml⁰l¹¹t¹¹do
1901 2065 1963 2131 qma
1981 2067 2021 2119 aa.

360 2176 424 2247 est,
447 2167 528 2230 illarn
552 2184 569 2227 a
591 2163 781 2226 irroratione
804 2164 955 2244 incipere:
978 2183 1037 2245 qua
1060 2165 1098 2227 de
1121 2166 1288 2228 redictum
1316 2171 1364 2228 est
1390 2166 1421 2226 in
1447 2166 1546 2244 primo
1573 2162 1737 2228 Commen-

358 2269 445 2332 tario.
491 2265 551 2330 Sed
576 2281 641 2326 cum
666 2263 818 2346 Liturgiae
843 2263 1013 2326 Orientalcs
1043 2264 1185 2328 Osculum
1209 2266 1294 2346 pacis
1318 2262 1620 2327 antePraelationem
1642 2281 1738 2344 prae-
1782 2249 1814 2302 Ρ·
1832 2253 1895 2304 ²⁰⁸·

359 2367 510 2440 scribant,
533 2363 680 2444 incipiunt
702 2363 795 2443 vulgo
818 2362 856 2424 ab
879 2362 1024 2425 Oratione
1053 2383 1131 2444 quae
1162 2365 1259 2426 eidem
1289 2363 1508 2445 praemittitur,
1539 2361 1737 2443 sequiturque

361 2464 536 2529 Sacerdotis
560 2461 731 2525 benedictio
756 2479 850 2544 super·
871 2463 1030 2543 populum,
1052 2447 1176 2525 tandem'
1195 2462 1354 2526 Praelatio.
1400 2461 1495 2544 igitur
1521 2462 1551 2522 in
1574 2459 1647 2526 hlss.
1671 2459 1737 2525 Oo-

360 2564 476 2626 dicibus
499 2561 653 2642 Copticis,
678 2560 827 2642 Syriacis,
851 2567 881 2622 ει
904 2563 1119 2643 cujuscumque
1142 2563 1281 2646 linguae,
1309 2579 1407 2625 novus
1430 2560 1532 2624 titulus
1563 2563 1737 2642 apponitur,

358 2663 417 2725 hoc
440 2662 507 2743 ipso
539 2661 625 2738 loco,
662 2659 713 2739 qui
740 2658 933 2739 Anopboram
956 2661 1092 2742 incipere
1115 2661 1279 2744 significat:
1308 2678 1435 2743 curaque
1467 2677 1571 2721 omnes
1601 2658 1736 2723 Oliicium

360 2762 440 2842 quod
463 2759 620 2842 praecedit
642 2777 800 2822 commune
822 2757 967 2838 habeant,
992 2760 1063 2822 illud
1087 2761 1169 2840 quod
1192 2761 1346 2842 sequitur,
1369 2767 1401 2822 et
1421 2759 1589 2840 Arrcphora
1609 2759 1736 2839 proprie

359 2868 505 2937 vocatur,
528 2858 694 2920 secundum
717 2857 854 2920 diversas
877 2858 1027 2944 Litargias
1049 2862 1165 2922 varium
1196 2867 1244 2922 εει
1272 2868 1302 2922 ει
1331 2859 1505 2940 multiplex,
1541 2857 1676 2941 quamvis
1704 2859 1737 2919 in

360 2961 466 3024 ordine
489 2966 519 3021 ει
542 2958 700 3020 sententiis
723 2956 803 3018 nulla
827 2958 866 3020 sit
889 2958 1058 3022 diversitas.

446 3058 505 3118 lsta
528 3074 608 3137 quac
637 3054 743 3118 Jacobi
774 3073 882 3117 nomen
912 3057 1063 3138 pmeiert,
1092 3059 1255 3121 communis
1284 3067 1332 3121 est
1365 3057 1450 3139 Syris
1480 3056 1647 3138 bleichitis,
1678 3075 1735 3122 seu
1800 3072 1889 3126 Jacobi
1923 3075 2062 3144 Anaphora

362 3157 564 3234 Orthodoxis,
589 3161 620 3217 et
641 3155 803 3246 docebitis3
827 3155 905 3218 unde
928 3158 1089 3237 antiquitas
1112 3159 1177 3239 ejus
1199 3158 1277 3221 altra
1301 3157 1492 3220 schismatum
1507 3159 1590 3219 initia
1607 3176 1735 3238 promo·
1747 3159 1815 3210 inter
1828 3162 1947 3228 Syriacas
1958 3166 2061 3230 praeci-

359 3265 462 3320 veturz
485 3255 636 3335 habetque
658 3253 749 3316 molta
773 3255 979 3318 cumGraeca
1003 3256 1139 3338 ejusdem
1168 3259 1296 3320 nominis
1326 3257 1508 3319 communia:
1544 3275 1601 3337 qua
1630 3259 1669 3322 de
1700 3277 1735 3322 rc
1749 3261 1808 3314 ΡΜ·

359 3355 469 3416 dictum
498 3363 546 3417 est
582 3355 613 3416 ln
643 3353 864 3416 Dissertatione
895 3356 1028 3434 praevia.
1088 3355 1234 3419 Jacobum
1272 3357 1407 3417 Fratrem
1445 3355 1564 3418 Domini
1600 3363 1736 3420 autorem

356 3453 437 3516 illios
467 3471 554 3531 esse,
584 3453 653 3534 Syri
681 3453 865 3531 existimant,
900 3473 940 3516 ex
963 3455 1084 3535 antiqua
1119 3473 1173 3518 sua
1204 3455 1396 3530 Traditione‚
1437 3457 1524 3535 cujus
1553 3452 1734 3516 laudamen-

359 3559 436 3630 tum,
460 3563 493 3615 at
515 3553 649 3632 videtur,
673 3553 751 3616 aliud
776 3569 836 3614 non
859 3552 930 3629 fuit,
954 3571 1042 3634 quam
1064 3571 1137 3617 usus
1160 3553 1238 3615 illios
1260 3553 1415 3634 Liturgiae
1429 3553 1459 3614 in
1471 3552 1609 3614 Ecclesia
1625 3551 1737 3615 Hiero-
1826 3619 1829 3625 ,

359 3643 538 3734 solymitana
551 3654 588 3715 ab
601 3651 751 3734 Apostolo
774 3652 905 3715 lundata.
949 3652 1024 3715 Nam
1046 3653 1126 3735 apud
1142 3652 1228 3728 alios,
1252 3671 1292 3714 ex
1303 3651 1381 3714 libro
1394 3650 1470 3716 Vlll.
1484 3651 1736 3713 constitutionum

358 3752 617 3833 Apostolicorum,
641 3753 667 3814 si
689 3770 750 3815 non
773 3754 873 3832 nasci,
896 3753 1006 3815 firmari
1030 3753 1136 3816 saltem
1157 3753 1255 3833 potuit
1276 3751 1352 3812 haec
1373 3750 1509 3833 vulgaris
1538 3751 1650 3831 opinio.
1694 3750 1737 3811 At

360 3851 428 3933 Syri
452 3853 588 3932 quamvis
611 3851 677 3913 illas
700 3851 847 3930 habeant,
872 3869 932 3915 non
955 3852 1062 3915 eodem
1084 3857 1183 3913 tamen
1211 3849 1334 3925 ordine,
1366 3867 1402 3910 ac
1429 3849 1461 3910 in
1491 3847 1614 3911 Graecis
1641 3845 1737 3910 Codi-

302 3948 305 3954 '
360 3951 444 4012 cibus
474 3951 555 4031 apud
584 3950 653 4013 illos
677 3956 796 4029 extant,
820 3958 927 4031 estque
957 3953 1084 4013 maxima
1114 3951 1239 4012 istorum
1273 3957 1303 4011 et
1333 3947 1529 4012 Orientalium
1564 3947 1736 4010 diversitas.

359 4049 526 4130 Praecipua
548 4057 613 4125 est,
636 4048 717 4131 quod
740 4047 819 4112 liber
847 4059 989 4128 octavus,
1020 4051 1049 4112 in
1077 4069 1138 4130 quo
1161 4051 1355 4112 continentur
1384 4065 1481 4129 prope
1510 4047 1625 4125 omnia,
1657 4064 1736 4126 quae

360 4147 397 4208 ad
420 4147 627 4210 Eucharistiae
650 4147 838 4230 disciplinam
860 4157 1012 4228 spectant,
1046 4157 1077 4210 et
1099 4167 1177 4230 quae
1199 4158 1340 4230 tanquam
1361 4147 1496 4228 Liturgia
1517 4147 1546 4208 S.
1570 4145 1735 4208 Clementis

360 4265 377 4308 a
399 4246 552 4309 nonnullis
575 4246 741 4330 Theologis
763 4246 863 4309 habita
879 4255 965 4326 sunt,
989 4247 1098 4310 dosunt
1121 4251 1150 4309 in
1173 4234 1302 4329 antiquis
1315 4245 1507 4310 versionibus
1523 4244 1734 4307 Orientalibus.

361 4345 498 4408 Omnium
520 4347 721 4408 vetustissima
745 4348 865 4408 censeri
889 4346 979 4408 debet
1003 4345 1143 4426 Syriaca,
1175 4346 1254 4409 lacta
1277 4365 1318 4408 ex
1340 4343 1465 4407 Graecis
1496 4342 1733 4426 exemplaribus,

361 4463 428 4506 com
451 4445 586 4526 vulgaris
610 4445 710 4508 adbuc
732 4444 812 4507 soret
839 4445 963 4529 linguae
991 4443 1127 4508 Graecae
1157 4463 1246 4525 usus,
1278 4464 1295 4506 a
1324 4446 1398 4507 viris
1427 4443 1507 4506 illius
1534 4445 1735 4524 peritissimis,

360 4551 393 4604 at
413 4543 551 4624 pluribus
574 4544 722 4625 exemplis
745 4544 983 4608 demonstratur:
1007 4553 1037 4607 et
1059 4547 1090 4607 in
1114 4563 1149 4606 ea
1172 4551 1253 4606 totus
1276 4543 1327 4605 ille
1350 4543 1428 4606 liber
1450 4543 1559 4605 delicit.
1599 4542 1687 4618 Quod
1709 4543 1736 4604 si

359 4641 527 4724 Litargiam
549 4645 618 4726 Syri
641 4651 765 4708 servant
788 4645 866 4706 inter
888 4644 961 4707 alias
984 4644 1163 4725 multiplices
1179 4660 1261 4718 suas,
1285 4660 1362 4722 quae
1378 4640 1595 4722 Apostolorum
1614 4641 1736 4704 nomine

361 4741 569 4821 appellantur,
593 4743 660 4806 talis
684 4743 762 4805 enim
786 4743 938 4824 reperitur
960 4745 990 4806 in
1012 4743 1127 4806 hlissali
1151 4740 1311 4804 Chaldaico
1334 4749 1365 4802 et
1391 4743 1422 4802 in
1451 4741 1524 4804 hlss.
1549 4741 1735 4820 exemplari-

359 4837 432 4918 bus,
457 4859 524 4902 cum
548 4841 733 4904 Clementiae
756 4841 806 4903 illa
829 4858 985 4906 commune
1014 4843 1087 4904 nihil
1116 4841 1224 4918 habet,
1254 4847 1376 4920 praeter
1405 4839 1529 4902 sormam
1561 4841 1735 4922 generalem

361 4939 509 5002 ollerendi
532 4941 672 5004 sacrificii
698 4941 914 5018 Eucharistici,
948 4961 1026 5022 quae
1056 4945 1086 5004 in
1116 4939 1240 5019 reliquis
1269 4937 1383 5018 pariter
1411 4939 1602 5002 observatur.
1653 4937 1735 5001 ldem

359 5038 550 5102 statuendum
580 5039 619 5102 de
641 5057 699 5103 una
723 5041 864 5122 Syriaca,
889 5059 967 5121 qaae
990 5040 1137 5104 Clementi
1159 5039 1309 5104 tribuitur.
