4728 6028
665 571 739 646 100
1052 575 1667 654 OBSERVATIONES

661 755 736 820 diois
758 756 919 840 biturgici,
942 777 1002 840 quo
1024 759 1092 823 solo
1114 761 1156 823 uti
1174 759 1329 840 jubentur.
1370 759 1497 824 Fallitur
1516 761 1679 844 Naironus,
1702 759 1772 824 dum
1791 779 1859 824 eum
1877 761 1929 843 qni
1949 761 2033 826 lerro

660 855 782 921 indutus
804 867 932 922 vocatos
954 867 1018 940 est,
1041 879 1109 924 eum
1131 879 1202 924 esse
1224 859 1406 924 existimavit
1420 861 1471 942 qni
1484 862 1514 924 in
1532 859 1658 925 canone
1671 861 1840 925 Jacobitico
1852 863 2034 926 nominatur.

1257 1139 1436 1212 Merueuto.

750 1347 928 1436 Durrrcnn,
951 1359 1076 1441 proprie
1099 1359 1137 1422 ad
1160 1359 1306 1442 Syrorum
1327 1367 1458 1422 mentem
1479 1358 1650 1441 loquendo,
1679 1367 1749 1424 sunt
1771 1359 1932 1424 Orationes
1954 1380 2032 1443 quae

659 1480 717 1544 pro
740 1462 817 1524 vivis
840 1467 871 1522 et
893 1457 1041 1522 defunctis
1064 1459 1138 1522 liunt
1167 1478 1205 1523 eo
1235 1458 1322 1539 loco,
1350 1479 1411 1541 quo
1439 1461 1558 1522 tertiam
1580 1457 1736 1543 liturgiae
1759 1469 1875 1541 purtem
1897 1461 2033 1543 incipere

659 1561 765 1623 scribit
794 1557 951 1623 Barsalibi.
995 1559 1038 1620 lta
1069 1566 1168 1622 autem
1190 1559 1344 1622 orationes
1367 1559 1437 1621 illae
1466 1557 1525 1620 dici
1553 1558 1679 1637 debent,
1713 1566 1747 1621 ut
1774 1567 1889 1639 partem
1915 1560 2031 1624 illarum

659 1669 781 1723 secreto
804 1657 956 1723 Sacerdos
978 1657 1073 1738 dicat,
1096 1659 1177 1736 sive,
1208 1657 1290 1739 quod
1311 1657 1390 1721 idem
1420 1667 1486 1737 est,
1514 1657 1692 1737 inclinatus,
1718 1658 1806 1720 aliam
1835 1657 1913 1721 elata
1942 1655 2030 1736 voce,

658 1767 771 1822 uttam
794 1764 930 1834 secreto,
954 1775 1043 1837 quam
1066 1756 1227 1820 altavoce
1254 1764 1337 1834 oret,
1369 1764 1400 1819 et
1428 1757 1470 1820 ita
1499 1757 1614 1839 populo
1642 1756 1804 1820 denunciet
1835 1777 1893 1839 pro
1922 1759 2030 1839 quibus

659 1861 727 1941 ipso
749 1867 832 1936 orat,
855 1866 887 1920 et
908 1857 947 1919 ab
970 1857 1107 1920 omnibus
1130 1855 1276 1919 orandum
1297 1857 1352 1918 sit:
1375 1873 1472 1937 eaque
1494 1858 1610 1920 ratione
1631 1856 1762 1938 populus
1789 1875 1857 1919 cum
1878 1858 2031 1922 Sacerdo-

659 1962 699 2022 tis
722 1957 863 2041 precibus
885 1975 956 2019 snas
980 1957 1144 2039 conjungit.
1188 1955 1338 2038 Diptycba
1360 1973 1482 2038 quoque
1505 1957 1645 2019 Canones
1666 1956 1788 2034 vocari,
1817 1957 1922 2020 scribit
1943 1967 2031 2022 autor

657 2059 754 2136 idem,
778 2076 910 2138 esseque
931 2076 1005 2134 sex,
1036 2075 1146 2138 nempe
1174 2063 1238 2120 tres
1265 2074 1321 2136 pro
1351 2056 1445 2118 vivis:
1479 2055 1602 2119 totidem
1631 2073 1688 2137 pro
1717 2057 1853 2119 mortuis.
1897 2055 2031 2122 Accusat

555 2145 559 2154 ’
656 2159 809 2221 Armenes
831 2155 912 2237 quod
935 2174 991 2237 pro
1013 2157 1091 2219 vivis
1114 2157 1144 2218 in
1166 2155 1302 2239 Liturgia
1323 2154 1420 2218 nullas
1442 2157 1595 2218 orationes
1618 2155 1743 2218 iaciant:
1767 2173 1850 2236 nam,
1873 2159 1980 2238 inquit,
2003 2159 2029 2222 si

657 2258 725 2340 quis
747 2265 892 2338 peccator
914 2263 961 2317 est
983 2256 1013 2318 in
1035 2255 1188 2337 impietate
1209 2273 1413 2337 perseverans
1436 2263 1486 2334 et,
1514 2265 1549 2317 nt
1570 2257 1611 2319 ait
1634 2254 1818 2337 Apostolus,
1849 2257 1879 2318 in
1900 2265 2029 2338 peccato

658 2355 695 2418 ad
718 2363 855 2432 mortem,
877 2371 938 2416 non
953 2354 1100 2417 orandum
1123 2372 1179 2434 pro
1201 2372 1240 2416 eo
1262 2353 1419 2418 vobiscum
1442 2355 1578 2418 latemur.
1625 2355 1664 2418 At
1686 2356 1712 2418 si
1734 2357 1946 2436 poenitentiam
1959 2365 2029 2440 ngat

657 2455 696 2518 de
720 2455 854 2535 peccatis
876 2455 957 2530 suis,
980 2461 1011 2516 et
1033 2453 1070 2516 ad
1093 2453 1159 2534 ejus
1181 2452 1314 2517 remedia
1336 2464 1491 2533 recurrat,
1513 2462 1655 2536 tanquam
1677 2454 1755 2518 lilius
1777 2455 1940 2538 prodigus,
1972 2474 2028 2538 pro

657 2572 696 2618 eo
718 2552 896 2616 sacrificium
918 2553 1022 2616 ollerri
1044 2559 1174 2634 oportet.
1216 2553 1262 2616 De
1289 2553 1348 2616 boc
1378 2563 1557 2636 argumento
1581 2553 1676 2617 lusius
1705 2573 1740 2616 se
1770 2557 1872 2637 egisse
1901 2563 2029 2620 testatur

657 2656 688 2717 in
712 2670 806 2734 opero
827 2652 975 2734 singulari
997 2651 1144 2715 adversus
1166 2651 1328 2716 Aruenos.
1374 2653 1473 2737 Negat
1497 2655 1586 2718 ctiam
1609 2673 1649 2716 ex
1674 2661 1758 2716 recta
1781 2654 1937 2737 disciplina
1959 2675 2030 2720 esse

658 2760 691 2814 ut
723 2751 762 2814 ad
792 2751 928 2832 singulas
958 2751 1131 2834 Sacerdotis
1161 2754 1315 2815 orationes
1344 2754 1473 2834 populus
1503 2753 1704 2835 respondeat,
1733 2753 1828 2816 Ansere
1857 2763 1908 2818 aut
1936 2755 2030 2837 Hyrie

658 2855 788 2930 eleison,
811 2851 868 2914 sed
889 2859 1002 2914 tantum
1026 2850 1132 2914 eadem
1154 2852 1248 2915 verba
1269 2852 1372 2914 dicero
1394 2852 1503 2932 debet,
1527 2871 1595 2915 cum
1616 2854 1769 2916 Diaconus
1791 2857 1959 2918 orationem
1979 2855 2029 2918 in-

658 2951 749 3030 dicit,
772 2951 900 3017 dicendo
920 2972 980 3033 pro
1002 2953 1058 3014 toli
1077 2953 1126 3014 oet
1146 2953 1203 3014 toli
1221 2953 1381 3016 Dominum
1403 2955 1614 3034 deprecemur:
1637 2960 1709 3015 tnnc
1730 2952 1834 3016 dicunt
1848 2953 2028 3037 Ryn'eelei-

657 3071 732 3129 sou,
754 3060 806 3114 aut
828 3051 970 3134 Syrisce,
993 3052 1121 3114 Domine
1141 3053 1296 3114 munere.

1097 3332 1286 3404 Diaconos:
1319 3331 1393 3401 Pro
1419 3327 1580 3424 Regibus.

747 3540 800 3617 De
823 3553 960 3614 oratione
977 3571 1034 3633 pro
1057 3551 1235 3616 Christianis
1258 3551 1441 3633 principibus
1468 3550 1578 3614 dictum
1607 3556 1655 3613 est
1677 3549 1714 3612 ad
1743 3549 1897 3630 Copticam
1925 3551 2027 3614 Basilii

656 3655 835 3737 biturgum,
859 3659 890 3713 et
912 3651 1030 3713 dicetur
1051 3651 1148 3714 adbuc
1170 3653 1201 3713 in
1223 3650 1484 3715 observationibus
1506 3648 1544 3712 ad
1560 3649 1674 3730 aliquot
1688 3656 1861 3731 sequentes.
1905 3651 2027 3732 Duplex

657 3755 736 3818 enim
760 3755 792 3816 in
813 3751 947 3833 Syriacis
969 3751 1102 3814 occurrit
1123 3751 1240 3814 illarum
1262 3752 1431 3814 orationum
1454 3751 1554 3814 lectio.
1600 3749 1696 3811 Prima
1711 3756 1758 3811 est
1771 3749 1800 3811 ei
1823 3750 1925 3812 similis
1937 3768 2026 3831 quam

656 3853 733 3916 baec
755 3851 890 3934 liturgia
912 3857 1137 3932 repraesentat,
1161 3858 1191 3914 et
1213 3869 1291 3932 quae
1313 3849 1437 3914 Graecis
1461 3868 1558 3930 prope
1580 3848 1716 3910 omnibus
1733 3849 1897 3911 communis
1913 3858 1970 3928 est,
1994 3858 2027 3913 ut

657 3952 773 4015 scilicet
794 3960 899 4014 oretur
920 3969 977 4031 pro
1007 3947 1241 4031 imperatoribus
1263 3959 1314 4014 aut
1335 3950 1486 4032 Regibus,
1511 3947 1711 4023 Christianis,
1730 3950 1794 4028 piis
1815 3956 1847 4009 et
1865 3948 1961 4010 Deum
1983 3951 2026 4012 ti-

656 4052 820 4113 meutibus:
842 4051 902 4112 boc
925 4057 989 4128 est,
1010 4057 1044 4113 ut
1067 4048 1174 4113 Graeci
1196 4049 1344 4128 ellerunt,
1369 4039 1453 4135 ὑπὲρ
1475 4035 1621 4127 εὐσεβῶν
1642 4043 1697 4108 καὶ
1719 4041 1939 4134 φιλοχρίστων
1959 4049 2025 4128 βα-

658 4143 784 4213 σιλέων.
829 4149 904 4212 lllud
927 4157 1027 4212 autem
1048 4167 1158 4211 nomen
1180 4150 1250 4230 syri
1263 4148 1392 4212 reddere
1405 4148 1506 4212 solent
1527 4166 1584 4230 per
1605 4147 1700 4209 Deum
1714 4149 1858 4224 timenus,
1881 4156 1912 4209 ut
1929 4135 2025 4210 εὗσέ-

657 4248 750 4328 βειαν
776 4254 806 4311 et
827 4247 1005 4332 religionem
1027 4267 1084 4330 per
1104 4249 1165 4310 Dei
1184 4250 1330 4312 timorem.
1374 4248 1480 4312 Altera
1502 4254 1604 4311 estut
1626 4247 1802 4328 simpliciter
1831 4255 1937 4310 oretur
1965 4264 2023 4327 pro

657 4346 791 4428 Regibus
814 4356 845 4410 et
871 4347 1071 4428 principibus,
1104 4347 1338 4430 qualescumque
1367 4350 1444 4411 sint:
1478 4347 1558 4428 quod
1588 4348 1618 4409 in
1646 4347 1801 4428 plerisque
1831 4347 2023 4424 observatur,

656 4445 943 4509 blobamedanorum
969 4453 1060 4510 metu.
1104 4447 1236 4528 Utraque
1264 4449 1315 4512 illa
1340 4447 1468 4511 lormula
1494 4465 1591 4529 aeque
1618 4448 1782 4509 communis
1812 4453 1860 4508 est
1888 4446 2025 4508 omnibus

657 4545 802 4628 Liturgiis
825 4545 976 4628 Syriacis,
1004 4555 1129 4629 praeter
1150 4547 1215 4610 illas
1246 4566 1323 4630 quae
1358 4557 1428 4612 sunt
1455 4549 1628 4612 Nestorinni
1657 4549 1743 4610 ritus.
1788 4536 1938 4609 Ollservat
1966 4544 2026 4608 boc

657 4645 729 4708 loco
751 4643 914 4723 Bmsnlibi,
936 4645 1081 4728 quosdam
1112 4645 1293 4711 Sacerdotes
1321 4650 1488 4713 orationem
1515 4665 1571 4731 pro
1601 4646 1735 4732 Regibus
1763 4648 1916 4724 omittere,
1945 4645 2027 4726 quod

658 4743 770 4827 ubique
793 4763 889 4828 prope
913 4745 1048 4810 infideles
1070 4748 1146 4826 sint,
1169 4755 1201 4810 et
1220 4747 1324 4811 hostes
1348 4747 1509 4812 Christiani
1530 4747 1674 4812 nominis:
1696 4754 1748 4808 ant
1762 4745 2026 4810 Calcbedoucnses

658 4846 724 4908 sivo
746 4843 932 4924 Ortbodoxi,
956 4847 1007 4927 qui
1028 4846 1184 4910 Ecclesiae
1206 4844 1392 4911 Jacobitioae
1413 4865 1475 4912 uon
1504 4847 1600 4932 magis
1629 4845 1765 4925 faveant,
1800 4863 1888 4926 qnam
1917 4845 2027 4908 nuna-

657 4942 787 5008 medani.
831 4944 931 5028 Negat
954 4953 1053 5007 tamen
1075 4944 1105 5008 id
1128 4953 1213 5010 recte
1235 4945 1319 5021 lieri,
1342 4963 1410 5009 curn
1432 4946 1541 5010 Paulus
1561 4945 1727 5028 Apostolus
1747 4944 1858 5008 doceat
1879 4943 2025 5008 orandum
2066 4938 2068 4948 '

606 5051 610 5058 '
658 5061 729 5106 esse
751 5063 808 5126 pro
830 5041 965 5126 Regibus
988 5046 1039 5126 qui
1068 5063 1122 5108 sua
1153 5053 1251 5109 aetate
1277 5043 1414 5110 buddeles
1444 5053 1547 5121 erant,
1577 5052 1608 5109 ct
1637 5043 1825 5110 Christianos
1859 5043 2024 5107 durissimis
