4782 6068
590 524 636 601 m
666 519 908 598 irrorans
940 487 1343 597 unsroamnonuu.
1570 445 1648 590 soa

281 727 359 792 quae
379 708 417 772 de
440 708 499 772 isto
520 707 663 790 leguntur
685 707 765 787 apud
780 703 915 768 Graecos
938 711 969 768 et
983 703 1107 766 Latinos
1129 702 1160 766 id
1182 701 1372 765 confirmant:
1394 717 1463 764 nam
1477 699 1649 764 'thadaeum

281 809 320 872 ad
341 808 497 890 Abgarum
520 806 656 870 Edessae
679 805 866 886 Toparobam
892 811 962 884 post
989 803 1199 866 ascensionem
1222 800 1334 865 Christi
1354 799 1522 882 profectum
1544 799 1649 877 tuisse,

281 907 433 972 Eusebius
456 905 559 971 etalii
586 925 683 988 prope
708 922 812 982 omnes
842 903 990 966 scribunt:
1011 901 1159 983 'idemque
1182 899 1355 974 orientales
1379 899 1417 963 de
1440 899 1547 963 Adaao
1576 916 1649 962 suo:

281 1009 476 1078 annuntiasse
506 1024 628 1088 quoque
649 1004 848 1088 Evangelium
870 1005 901 1065 in
921 1002 1153 1082 Mesopotamia,
1184 1019 1245 1064 non
1275 1000 1364 1062 modo
1387 999 1648 1074 Nestorianorum,

281 1107 337 1173 sed
358 1106 567 1170 Melcbitarum
596 1113 626 1167 et
656 1103 861 1166 Jacobitarum
887 1103 1048 1165 traditione
1071 1107 1207 1179 constat,
1237 1100 1483 1181 Graecorumque
1513 1104 1649 1159 autorum

280 1205 468 1270 testimoniis.
514 1205 574 1268 Sed
604 1203 778 1280 Tbadaeus,
808 1204 859 1285 qui
883 1209 913 1264 et
935 1201 1112 1280 bebbaeus,
1143 1221 1160 1264 a
1188 1199 1327 1263 Mathaeo
1353 1197 1550 1281 Evangelista
1572 1197 1651 1258 inter

281 1305 448 1387 Apostolos
460 1303 618 1368 duodecim
631 1310 813 1366 numeratur.
836 1301 1220 1372 Nestorianisuumdicunt
1233 1317 1324 1362 unum
1347 1297 1440 1360 luisse
1462 1318 1503 1360 ex
1525 1305 1651 1378 septua-

282 1405 365 1488 ginta
388 1403 554 1485 discipulis,
577 1409 608 1465 et
630 1421 647 1465 a
670 1401 783 1465 Thomu
805 1400 956 1481 Apostolo
978 1401 1102 1462 missum
1124 1401 1155 1462 in
1177 1398 1304 1481 Syriam.
1347 1397 1444 1461 Marin
1466 1398 1532 1479 ejus
1554 1395 1650 1459 luisse

282 1503 469 1585 discipulum,
492 1509 555 1564 tum
577 1501 703 1564 alterum
725 1521 813 1582 quem
835 1501 896 1583 Agi
920 1500 1083 1580 appellant.
1128 1498 1206 1572 Quia
1227 1499 1321 1581 igitur
1342 1497 1411 1562 illos
1433 1505 1573 1578 tanquam
1588 1496 1652 1559 Ec·

282 1604 442 1668 clesiarum
463 1601 697 1682 Mesopotamiae
720 1599 895 1664 fundatores
918 1605 1105 1684 agnoscunt,
1129 1598 1272 1662 Ordinem
1293 1597 1404 1662 Missae
1426 1597 1486 1659 illis
1508 1597 1652 1674 tribuunt,

282 1708 315 1763 ut
336 1699 451 1765 Jacobo
473 1699 746 1782 Hierosolymitaua
759 1699 896 1762 Ecclesia
909 1699 1072 1781 Liturgiam
1094 1717 1189 1778 suam,
1213 1697 1316 1760 Marco
1339 1695 1546 1759 Alexandrina
1567 1714 1652 1758 suam

285 1799 430 1862 attribuit.
454 1799 539 1874 Quae
560 1817 637 1862 vero
660 1799 698 1861 de
721 1797 853 1862 'thadaei
875 1817 892 1860 a
912 1797 1027 1862 Jacoho
1047 1799 1190 1861 missione
1213 1794 1563 1860 hahetNestorianorum
1585 1802 1653 1856 tra·

283 1898 367 1979 ditio,
391 1907 532 1962 nontam
556 1898 593 1959 ad
617 1917 671 1961 eos
684 1905 717 1961 ut
731 1916 828 1961 novae
851 1905 953 1963 sectae
975 1898 1109 1961 homines
1131 1895 1292 1959 referenda
1315 1902 1372 1974 ost,
1394 1912 1481 1976 quam
1504 1894 1542 1956 ad
1565 1913 1653 1957 com-

282 2016 402 2061 munem
431 1996 637 2060 Ecclesiarum
666 1997 901 2078 Mesopotamiae
932 1996 1130 2060 traditionem.
1175 1995 1286 2068 Eadem
1310 1995 1422 2076 quippe
1444 1995 1476 2060 in
1496 1993 1651 2058 historiam

283 2115 367 2162 suam
389 2098 490 2162 retulit
512 2097 678 2173 Eusebius,
701 2103 732 2160 et
753 2099 784 2160 iu
805 2096 1028 2175 Melchitarum,
1051 2093 1314 2176 Jacobitarumque
1336 2094 1420 2158 libris
1443 2094 1598 2176 leguntur,
1621 2093 1652 2156 in
1716 2092 1746 2143 Ia·
1770 2091 1795 2144 ¹·
1814 2109 1836 2146 ο·
1856 2092 1899 2146 ¹3·
1918 2093 1974 2148 Not·

283 2197 342 2258 illis
365 2197 544 2278 praesertim
565 2194 782 2277 Apostolorum
803 2195 1086 2277 Discipulorumque
1109 2192 1218 2256 Christi
1240 2194 1394 2274 indiculis,
1424 2195 1475 2277 qui
1497 2201 1601 2257 extant
1620 2193 1652 2258 iu
1687 2177 1768 2231 Μ’·
1784 2196 1811 2249 P·
1830 2178 1873 2233 ¹⁸·

282 2296 375 2359 variis
399 2295 564 2374 codicibus,
588 2301 618 2357 et
640 2295 733 2378 vulgo
756 2293 928 2362 Canonihus
951 2293 1167 2375 Apostolorum
1189 2301 1220 2355 et
1243 2293 1437 2358 clementinis
1451 2293 1653 2357 Constitutio-

283 2395 372 2458 nibus
396 2397 637 2476 praemittuntur,
659 2393 709 2456 vel
731 2394 937 2477 subjiciuntur.
960 2393 1122 2476 Reperitur
1136 2411 1209 2456 sanc
1232 2395 1262 2456 in
1284 2394 1394 2476 optimo
1409 2394 1653 2456 etvetustlssimo

283 2493 398 2558 Codice
420 2492 559 2556 Mediceo
583 2491 777 2558 CoMectionis
790 2494 945 2558 Canonum
961 2493 1116 2576 Syriacae,
1139 2492 1286 2574 Synopsis
1308 2492 1474 2575 aliquarum
1496 2478 1654 2556 Constitu-

283 2593 409 2668 tionum,
433 2610 512 2674 quae
534 2591 659 2669 Adaeo,
682 2592 759 2656 Mari
782 2600 813 2656 et
834 2591 895 2676 Agl
918 2593 1139 2672 adscribuntur,
1164 2599 1195 2656 et
1217 2611 1342 2674 quarum
1364 2592 1488 2676 vigebat
1509 2594 1654 2655 autoritas

283 2691 315 2753 in
337 2691 477 2756 Ecclesia
498 2691 679 2754 Jacobitica:
709 2693 788 2755 unde
811 2700 895 2755 certo
919 2692 1057 2773 efficitur,
1087 2692 1284 2757 Nestorianos
1306 2710 1366 2756 non
1390 2709 1498 2756 novam
1522 2699 1552 2756 et
1574 2693 1655 2775 apud

284 2809 319 2854 se
341 2799 441 2855 natam
464 2791 637 2872 opinionem
650 2790 688 2853 de
701 2792 884 2854 institutione
895 2791 1101 2854 Ecclesiarum
1122 2793 1153 2856 in
1175 2793 1403 2874 Mesopotamia,
1427 2811 1486 2875 quo
1509 2811 1560 2856 res
1584 2811 1655 2855 suas
1742 2787 1745 2796 ’

285 2890 549 2970 commendarent,
578 2889 808 2973 promulgasse,
830 2890 886 2953 sed
908 2892 939 2954 in
962 2891 1157 2955 Orthodoxae
1179 2909 1257 2972 quae
1278 2891 1338 2953 illic
1360 2890 1475 2971 luerat,
1498 2891 1656 2955 Ecclesiae

281 2992 350 3073 jura
373 2991 538 3066 involasse,
562 2998 594 3054 ut
617 2989 696 3070 quod
720 2989 762 3052 illi
784 2991 940 3070 proprium
963 2999 1038 3068 erat,
1061 2991 1119 3054 sibi
1141 2991 1349 3054 attribuerent.
1393 2990 1468 3054 llino
1490 2991 1655 3054 verisimile

285 3091 406 3152 omnino
429 3098 476 3154 est
497 3089 597 3152 Ritum
618 3088 715 3163 illum,
747 3089 798 3170 qui
825 3088 904 3169 apud
925 3089 1125 3154 Nestoriauos
1148 3097 1364 3165 conservatur,
1392 3091 1543 3171 antiquum
1573 3088 1655 3153 illum

286 3208 355 3252 esse
379 3190 429 3270 qui
451 3190 530 3252 inter
550 3189 816 3270 Mesopotamenos
840 3187 1024 3254 Christianos
1048 3190 1265 3270 usurpabatur,
1298 3195 1456 3269 antequam
1479 3188 1521 3252 illi
1543 3188 1655 3251 haero-

285 3289 347 3363 tici,
368 3290 459 3369 paulo
483 3297 553 3351 ante
574 3287 791 3351 Muhamedana
813 3296 960 3369 tempora,
984 3307 1088 3353 omnes
1110 3289 1264 3352 Ecclesias
1288 3297 1498 3370 occupassent.
1529 3285 1655 3372 Reliqua

287 3388 325 3451 de
347 3387 454 3452 Aulaeo
477 3395 508 3452 et
530 3389 596 3471 ejus
619 3389 710 3450 rebus
733 3388 829 3472 gestis
852 3388 1028 3472 collegImus
1051 3389 1082 3449 in
1101 3389 1238 3469 Epitome
1255 3387 1405 3451 Historiae
1423 3385 1655 3453 catholicorum.

287 3486 417 3550 Codices
439 3488 643 3564 recentiores,
665 3488 845 3566 praesertim
867 3487 918 3569 qui
940 3488 970 3550 in
992 3487 1115 3569 Europa
1137 3487 1242 3568 scripti
1264 3495 1343 3566 stunt,
1366 3489 1485 3551 nomina
1506 3486 1603 3552 Adaei
1625 3499 1656 3554 et

286 3586 378 3650 Maris
400 3603 463 3647 non
484 3584 671 3666 praeierunt,
697 3595 731 3649 ut
753 3605 852 3668 neque
876 3589 978 3650 versio
1002 3585 1191 3650 ebusitanis
1214 3586 1303 3650 iacta.
1332 3587 1474 3670 Ejusdem
1496 3589 1656 3666 versionis,

287 3685 513 3766 qualiscumque
543 3686 598 3765 sit,
629 3685 764 3748 subsidio
791 3686 883 3748 multa
913 3704 991 3768 quac
1022 3688 1053 3748 in
1083 3685 1244 3750 Codicibus
1266 3687 1476 3768 manuscriptis
1499 3687 1655 3752 brevitatis

287 3802 379 3847 causa
407 3784 582 3848 omittuntur
609 3786 802 3867 agnovimus:
832 3793 863 3847 et
892 3786 923 3848 in
953 3803 989 3847 ea
1019 3785 1172 3848 orationes
1200 3786 1310 3850 multae
1332 3785 1470 3870 integrae
1493 3790 1657 3869 reperiun-

287 3891 352 3962 tur,
383 3901 509 3965 quarum
537 3884 567 3945 in
598 3884 731 3966 Syriacis
760 3885 872 3948 nostris
904 3884 1127 3965 exemplaribus
1157 3885 1270 3968 primae
1305 3893 1418 3948 tantum
1453 3904 1545 3950 voces
1575 3887 1656 3950 assi-

287 3992 426 4066 gnantur.
496 4021 499 4030 ·

694 4243 729 4317 2.
773 4244 895 4317 Gloria
921 4249 957 4316 ic
983 4243 1130 4318 escelsis
1155 4247 1244 4318 Deo.

378 4435 601 4530 Helymus,
626 4447 746 4531 aliique,
769 4457 800 4512 et
822 4451 1016 4531 responsoria
1039 4468 1118 4531 quae
1141 4458 1307 4532 sequuntur
1323 4451 1517 4532 reperiuntur
1537 4454 1656 4538 integra

290 4553 476 4614 inversione
493 4551 713 4632 Lusitanorum,
736 4553 816 4616 unde
840 4555 903 4635 peti
924 4563 1061 4635 possunt.
1094 4554 1122 4616 h
1140 4553 1264 4620 Psalmis
1287 4555 1398 4636 aliquot
1420 4557 1657 4622 Eucharisticum

291 4649 425 4713 Otllcium
447 4649 592 4727 inchoari,
614 4651 817 4733 antiquissima
832 4653 961 4716 omnium
974 4653 1177 4717 Ecclesiarum
1200 4655 1386 4717 consuetudo
1411 4661 1474 4718 est:
1497 4673 1586 4736 quam
1607 4656 1657 4720 hic

291 4768 467 4831 expressam
488 4750 635 4814 videmus.
679 4748 898 4818 Observabitur
924 4770 1016 4834 saepe
1047 4752 1208 4816 discrimen
1229 4754 1309 4817 inter
1330 4753 1410 4815 illam
1431 4755 1605 4818 versionem
1626 4765 1657 4819 et

291 4857 438 4912 nostram:
462 4867 518 4913 nos
542 4849 723 4930 exemplaria
748 4870 825 4930 quae
847 4851 1013 4929 habuimus,
1034 4851 1163 4914 fideliter
1184 4853 1400 4934 expressimus,
1423 4871 1489 4916 cum
1506 4855 1658 4935 paucissi-

291 4950 347 5011 mis
370 4950 400 5011 in
422 4949 498 5011 locis
522 4957 603 5012 esset
626 4947 779 5012 dubitandi
802 4949 945 5015 derecta
967 4952 1215 5034 interpretatione
1237 4951 1332 5016 locus.
1377 4953 1491 5017 Primus
1506 4954 1657 5034 interpres

293 5047 379 5111 aliter
401 5047 433 5110 in
455 5049 518 5110 suis
541 5048 695 5113 codicibus
722 5050 836 5132 legisse
864 5050 1025 5136 aliquando
1047 5050 1181 5116 videtur:
1211 5067 1305 5135 saepe
1332 5059 1432 5117 tamen
1459 5051 1659 5118 hallucinatus
