4784 6040
562 533 675 610 Blblll
700 531 835 610 Jloour
861 533 1100 610 minuamus
1126 530 1296 611 musculi
1320 535 1510 612 mussant.
1638 534 1713 610 373

343 743 475 793 exeo:
503 720 577 792 Hoc
604 729 657 791 est
683 718 815 814 Corpus
842 741 971 808 meum,
1000 719 1087 814 quod
1115 741 1177 816 pro
1201 723 1269 792 vita
1288 731 1515 794 creaturarum
1541 721 1719 814 frangitur,

343 847 377 907 et
404 835 577 924 dividitur,
604 833 647 905 ad
672 837 903 907 remissionem
930 846 1145 929 peccatorum
1173 845 1208 907 et
1232 837 1334 907 vitam
1362 848 1541 909 aeternam.

447 951 609 1043 Populus.
662 951 782 1024 Amen.

418 1096 421 1102 ·
447 1065 633 1138 Sacerdos.
687 1063 846 1138 Similiter
872 1069 969 1137 etiam
997 1068 1128 1139 miscuit
1155 1065 1291 1138 calicem
1311 1077 1495 1161 temperate
1513 1089 1559 1138 ex
1578 1070 1659 1138 vino
1685 1078 1720 1139 et

344 1205 441 1276 aqua,
469 1187 596 1274 gratias
624 1183 694 1273 egit
721 1203 823 1275 super
849 1203 937 1270 eum,
963 1191 1139 1276 postquam
1167 1184 1323 1254 coenavit
1350 1205 1423 1253 cum
1452 1182 1622 1277 discipulis
1650 1187 1721 1255 suis

342 1302 374 1369 in
410 1319 526 1370 mensa
557 1301 720 1392 mystica,
753 1303 774 1378 †
806 1294 997 1385 benedixit,
1024 1303 1049 1402 ⁸i
1078 1297 1296 1370 sanctificavit
1321 1302 1342 1377 †
1370 1307 1403 1367 et
1428 1300 1581 1393 porrexit
1612 1297 1717 1392 Apo·

345 1413 440 1486 stolis
468 1416 610 1501 sanctis,
651 1424 685 1484 et
720 1413 811 1483 dixit
865 1412 927 1483 Hic
962 1421 1014 1484 est
1048 1411 1194 1504 Sanguis
1227 1434 1321 1483 meus
1357 1434 1456 1506 mem
1491 1412 1623 1485 effirndo
1657 1433 1720 1508 pro

342 1529 453 1601 mundi
483 1530 570 1616 vita,
598 1539 632 1599 et
658 1532 707 1600 eis
735 1533 791 1623 qui
817 1528 957 1600 credunt
982 1531 1015 1599 in
1041 1550 1096 1599 me
1122 1511 1302 1623 praeparat
1328 1530 1429 1599 vitam
1458 1537 1637 1600 aeteruum.

447 1643 610 1736 Populus.
663 1645 783 1716 Amen.

446 1759 631 1830 Sacerdos.
685 1759 737 1830 lta
760 1759 910 1854 perficite
937 1761 1210 1853 quotiescumque
1236 1756 1476 1830 manducabitis
1495 1778 1618 1852 corpus
1640 1755 1717 1848 hoc,

344 1884 378 1946 et
402 1874 523 1948 bibetis
550 1873 636 1944 hunc
663 1873 818 1962 calicem,
845 1876 1038 1947 memoriam
1066 1877 1155 1964 agite
1182 1875 1297 1944 mortis
1314 1894 1422 1961 meae,
1451 1871 1558 1944 donec
1573 1876 1717 1944 veniam.

448 1989 609 2082 Populus.
660 1988 778 2062 Mortis
806 1999 900 2080 tuae,
928 1998 990 2059 etc.

447 2105 631 2177 Sacerdos.
684 2105 979 2200 Dispensationem
1006 2114 1094 2174 tuam
1118 2101 1403 2196 supernaturalem
1418 2101 1593 2174 scribimus
1613 2125 1715 2199 super

344 2222 472 2294 tabulas
507 2219 620 2292 cordis
653 2223 775 2308 nostri3
810 2230 843 2291 et
876 2222 1035 2315 mysteria
1069 2219 1242 2314 praeclara
1282 2213 1478 2288 mirabilium
1515 2229 1660 2308 tuorum,
1696 2245 1717 2294 o

343 2336 492 2410 Verbum
518 2336 629 2424 Deus,
659 2335 763 2408 oculis
787 2338 943 2408 mentium
969 2345 1156 2406 nostrarum
1172 2337 1344 2404 intuemur.
1398 2331 1594 2406 Memoriam
1617 2340 1719 2409 etiam

342 2453 480 2543 iacimus
514 2460 653 2523 exortus
689 2452 735 2520 tui
769 2450 931 2522 tremendi
963 2460 997 2522 et
1031 2448 1165 2521 timendi
1204 2451 1237 2519 in
1278 2447 1424 2519 adventu
1459 2459 1516 2522 tuo
1552 2451 1715 2524 secundo:

343 2568 473 2664 quando
500 2571 586 2640 sicut
610 2563 722 2656 fulgur
747 2564 947 2652 vehemens,
974 2564 1016 2637 ub
1045 2567 1173 2638 oriente
1200 2565 1383 2649 exorieris,
1412 2574 1446 2635 et
1472 2564 1564 2638 orbis
1590 2564 1717 2637 lunda-

341 2693 452 2754 menta
481 2684 601 2754 virtute
628 2684 857 2777 potentissima
884 2689 940 2752 tua
966 2682 1152 2752 concuties:
1181 2679 1312 2774 quando
1349 2699 1452 2775 super
1486 2677 1592 2752 nubes
1626 2681 1713 2753 coeli

344 2820 416 2870 cum
444 2819 565 2892 pompa
592 2799 719 2887 ingenti
745 2798 885 2885 venies,
922 2794 1053 2891 quaudo
1081 2815 1182 2890 super
1214 2793 1368 2866 thronum
1401 2795 1574 2868 sublimem
1601 2799 1716 2887 maje-

345 2916 438 2986 statis
465 2922 544 2984 tuae
577 2934 652 2984 cum
686 2910 793 3003 gloria
827 2908 1040 2982 inenarrabili
1066 2909 1219 2982 sedebis:
1247 2910 1379 3005 quando
1415 2923 1504 2982 terra
1532 2915 1618 2984 sicut
1653 2933 1718 2984 vas

343 3029 510 3120 ligulinum
538 3038 674 3100 evomet
700 3049 845 3122 corpora
871 3030 904 3098 in
938 3049 980 3098 ea
1007 3025 1176 3121 deposita,
1213 3032 1246 3094 et
1279 3024 1426 3119 abyssus
1459 3026 1620 3099 excitabit
1651 3027 1717 3098 de-

344 3143 476 3217 functos
516 3147 550 3214 in
589 3166 631 3216 ea
666 3144 896 3237 quiescentes,
930 3151 1084 3236 tanquam
1117 3162 1163 3210 ex
1198 3161 1333 3212 somno:
1366 3140 1498 3235 quando
1533 3140 1622 3213 nulla
1655 3145 1720 3212 erit

346 3257 532 3331 consolatio
572 3258 672 3329 luctui
704 3261 897 3355 impiorum,
932 3280 1042 3352 neque
1078 3257 1144 3329 ulla
1181 3259 1309 3328 tristitia
1345 3261 1562 3352 superveniet
1593 3258 1717 3350 gaudio

341 3379 515 3468 justorum.
568 3373 606 3446 ln
632 3373 695 3446 hac
721 3374 803 3460 bora
830 3374 967 3446 terribili
994 3372 1125 3444 effirnde
1162 3375 1484 3446 commiserationem
1517 3383 1606 3444 tuam
1637 3373 1717 3446 llo-

344 3491 449 3575 mine,
477 3511 579 3585 super
604 3489 762 3584 populum
789 3501 899 3579 tuum,
926 3498 960 3559 et
991 3487 1227 3576 haereditatem
1260 3497 1365 3558 tuam:
1398 3509 1442 3558 ne
1475 3485 1606 3559 deficiat
1638 3509 1717 3582 spes

344 3615 458 3678 nostra
487 3629 507 3676 a
533 3607 642 3696 gratia
669 3616 743 3694 tua,
769 3627 879 3700 neque
905 3607 1056 3701 privetur
1089 3602 1288 3674 confidentia
1321 3606 1354 3672 in
1387 3612 1421 3674 tc
1453 3613 1569 3675 nostra
1607 3608 1717 3676 mise-

344 3721 527 3794 rationibus
561 3720 773 3820 benignitatis
806 3732 891 3793 tuae.
945 3721 1022 3793 Non
1055 3730 1169 3811 tegant
1203 3727 1344 3814 peccata
1378 3727 1492 3792 nostra
1527 3718 1669 3810 sigillum
1702 3721 1717 3755 ⁴

346 3838 540 3912 Chrismatis
567 3839 613 3908 tui
639 3840 762 3925 sancti3
789 3858 899 3932 neque
927 3835 1107 3932 spoliemur
1133 3855 1195 3930 per
1220 3835 1425 3930 insipientias
1460 3844 1614 3920 nostras,
1648 3832 1717 3905 ba-

343 3959 464 4050 ptismo
492 3962 548 4024 tuo
568 3951 692 4023 divino.
745 3951 799 4024 Ne
817 3954 1054 4024 immisericors
1082 3956 1128 4021 sis
1156 3971 1240 4040 erga
1266 3950 1511 4036 nosocomo,
1543 3972 1586 4020 ne
1608 3968 1716 4018 aver-

343 4082 394 4142 tas
421 4068 540 4141 iaciem
568 4077 655 4138 tuam
684 4091 702 4137 a
729 4064 827 4139 nobis
855 4089 876 4138 o
903 4067 1067 4153 clemens,
1099 4086 1151 4136 ne·
1171 4086 1366 4159 quaeramus
1393 4063 1655 4136 misericordiam
1683 4070 1717 4132 et

344 4209 411 4259 non
438 4187 481 4258 sit
507 4186 561 4278 qui
588 4186 803 4272 misereatur,
836 4205 946 4276 neque
972 4181 1111 4254 fleamus
1142 4185 1176 4252 iu
1208 4181 1376 4275 passionis
1410 4178 1546 4263 dolore,
1580 4187 1614 4248 et
1647 4197 1716 4247 uon

344 4305 386 4374 sit
413 4304 467 4397 qui
494 4298 695 4372 consoletur.
748 4297 825 4371 Non
852 4309 1065 4392 torqueamur
1090 4299 1124 4366 in
1139 4294 1309 4387 gehenna,
1336 4304 1370 4365 et
1393 4317 1461 4368 nou
1478 4299 1521 4366 sit
1537 4297 1592 4388 qui
1610 4296 1716 4384 igno-

345 4429 434 4506 scat3
460 4439 504 4488 ne
530 4415 682 4487 ellectum
707 4436 774 4487 non
801 4410 945 4487 habeant
970 4415 1211 4507 promissiones
1238 4431 1321 4502 erga
1354 4433 1418 4484 nos
1452 4421 1529 4483 tuae
1560 4429 1717 4494 veraces,

344 4543 481 4630 propter
507 4539 665 4628 peccata,
700 4532 1027 4625 praevaricationes,
1061 4537 1096 4598 et
1130 4529 1318 4620 iniquitates
1350 4538 1502 4600 nostras:
1537 4546 1605 4598 non
1641 4545 1718 4595 cum

343 4650 406 4723 illis
434 4652 488 4744 qui
515 4656 761 4719 contemsemnt
788 4647 966 4740 passiones
992 4655 1067 4716 tuas
1093 4635 1349 4730 recenseantur,
1376 4645 1432 4736 qui
1463 4663 1531 4713 non
1559 4640 1717 4730 abnega-

343 4777 464 4838 vemnt
490 4785 625 4836 crucem
650 4772 758 4833 mam:
784 4782 893 4853 neque
920 4781 992 4831 cum
1019 4758 1084 4830 illis
1111 4761 1167 4852 qui
1194 4767 1227 4828 te
1253 4779 1319 4830 uon
1347 4755 1495 4829 confessi
1523 4766 1613 4843 sunt,
1648 4775 1717 4824 nu-

343 4891 512 4955 merentur
537 4879 584 4952 illi
610 4881 665 4974 qui
692 4873 901 4948 crediderunt
927 4876 961 4945 in
988 4885 1031 4946 te.
1084 4875 1157 4947 Nos
1184 4877 1207 4944 ii
1234 4894 1347 4945 sumus
1366 4873 1510 4944 Domine
1528 4874 1583 4966 qui
1610 4871 1718 4942 susti-

341 5003 472 5071 nuimus
500 4995 731 5069 contumeliam
766 5000 801 5062 et
833 4989 1047 5087 opprobrium
1074 4991 1297 5087 pronomine
1324 4995 1380 5061 tuo
1408 4996 1544 5077 sancto,
1572 4988 1626 5080 qni
1656 4986 1717 5075 ja-

1078 5112 1080 5118 ’
1436 5103 1511 5178 50*
