4782 6068
614 567 655 644 lll
680 566 888 644 ttionemn
913 566 1102 666 intonant
1127 567 1380 644 llll'llllPRdTlS.
1610 570 1686 643 617

306 759 431 814 nostro:
459 759 561 814 monet
591 749 741 814 Sacerdos
773 750 956 814 oblationem
978 768 1034 813 seu
1056 750 1233 814 sacrificium
1256 751 1322 814 Deo
1345 750 1468 816 olierri:
1497 752 1579 833 quod
1609 752 1687 818 aliae

306 849 463 934 liturgiae
485 850 667 914 sufficienter
689 851 861 930 exprimunt
882 867 940 930 per
962 849 1163 913 allocutiones
1185 851 1404 930 Diacouorum,
1428 853 1479 933 qui
1501 849 1592 933 paulo
1617 857 1686 913 ante

307 956 359 1010 aut
380 957 490 1029 postea
513 949 625 1028 dicunt,
648 948 847 1012 Attendamus
868 949 933 1011 lieo
957 953 1165 1027 cranmere,
1189 957 1221 1011 et
1243 950 1301 1011 alia
1324 950 1441 1015 similia.

392 1047 426 1110 ln
454 1066 490 1112 ea
520 1057 620 1112 tamen
649 1057 774 1130 praeter
802 1050 892 1111 ritum
919 1048 1107 1131 singularem
1128 1047 1202 1109 nihil
1225 1049 1283 1111 uisi
1305 1050 1397 1129 pium.
1442 1049 1564 1112 Oblatia
1587 1055 1687 1111 autem

305 1154 339 1209 ut
361 1147 420 1210 hoo
443 1147 512 1211 loco
535 1149 679 1210 vertimus
702 1147 775 1210 satis
800 1146 837 1208 ad
860 1147 1005 1226 litteram,
1030 1165 1070 1210 ne
1093 1146 1167 1208 duas
1189 1164 1284 1210 voces
1307 1146 1448 1228 Syriacas
1471 1147 1559 1209 unica
1581 1145 1687 1209 Latina

306 1244 517 1327 exprimendo,
540 1264 628 1308 error
651 1245 758 1326 aliquis
773 1245 888 1309 oboriri
901 1253 1017 1327 posset,
1040 1245 1208 1327 respondet
1219 1245 1291 1308 voci
1313 1257 1431 1342 multip
1455 1263 1533 1327 quae
1549 1245 1686 1326 pluribus

305 1360 412 1407 sacrae
443 1345 613 1425 scripturae
644 1343 719 1407 locis
749 1343 940 1424 Sacrificium
969 1343 1118 1428 signlficat
1145 1338 1273 1406 ocatur
1294 1344 1411 1406 scilicet
1434 1353 1465 1408 et
1486 1332 1685 1429 προςφοραὶν,

306 1443 415 1523 quibus
437 1444 564 1506 vocibus
588 1461 662 1524 quas
687 1461 704 1504 a
727 1441 851 1505 Graecis
876 1443 1015 1524 Coptitae
1038 1451 1241 1524 acceperunt,
1271 1443 1301 1503 in
1333 1442 1443 1506 Olllciis
1473 1444 1536 1505 suis
1564 1443 1687 1506 indide-

304 1548 413 1604 renter
434 1550 566 1607 utuntur.
611 1542 733 1604 Oblatio
755 1544 828 1603 oica
849 1549 880 1604 et
900 1543 1093 1606 rationabilis
1112 1543 1317 1621 primitiarum
1338 1548 1522 1604 morborum.
1569 1541 1686 1606 Graeco

304 1641 345 1702 ita
374 1639 554 1704 redderetur
584 1630 766 1725 Προςφορᾶ
796 1635 889 1716 ζῶσα
917 1636 974 1703 καὶ
1001 1627 1116 1724 loyaut}
1144 1638 1290 1720 Corporis
1321 1638 1431 1703 Christi
1462 1640 1578 1703 scilieet
1607 1641 1685 1716 vivi;

303 1740 492 1803 rationabilis
515 1749 562 1803 est
584 1725 713 1823 λαγική,
744 1758 781 1802 eo
808 1759 901 1803 senso
929 1757 989 1821 quo
1018 1729 1131 1824 loyaut}
1160 1733 1296 1823 λατρεία
1326 1741 1356 1802 in
1386 1739 1510 1820 vulgata
1541 1742 1685 1804 versione

304 1837 452 1915 redditur,
473 1838 655 1902 rationabile
677 1837 860 1919 obsequitur,
883 1826 1010 1923 λογικὸν
1030 1825 1134 1922 paida:
1156 1838 1340 1901 rationabile
1362 1839 1420 1913 iac,
1443 1839 1598 1919 spirituale
1621 1841 1686 1902 sci-

304 1935 393 2000 licet:
424 1955 512 2019 quam
542 1927 648 2000 vocem
670 1945 703 2000 ut
726 1936 833 2000 multas
856 1937 929 2000 alias
954 1937 1023 2018 Syri
1046 1945 1283 2019 expresserunt,
1312 1956 1374 2000 non
1402 1937 1523 1999 omnino
1547 1937 1685 2001 feliciter.

310 2037 439 2102 l'ictima
459 2055 520 2100 mou
542 2037 707 2112 immolata,
731 2035 880 2118 significat
902 2037 1052 2099 uictimam
1074 2036 1270 2117 spiritualiter
1294 2037 1484 2116 immolatam,
1507 2037 1547 2098 ita
1571 2046 1602 2099 ut
1624 2038 1685 2098 im-

305 2135 468 2199 molatione
499 2152 559 2199 nou
590 2145 798 2199 consumatur:
828 2134 908 2198 idem
937 2136 1055 2199 scilicet
1085 2135 1168 2216 quod
1195 2136 1298 2198 dicunt
1328 2139 1359 2199 in
1382 2137 1520 2199 oratione
1542 2137 1683 2217 superius

179 2259 182 2270 ¹
305 2235 447 2316 allegata,
469 2232 586 2314 Amnum
597 2233 657 2296 Dei
669 2235 722 2315 pai
742 2236 874 2316 prrotidie
895 2235 1091 2314 sacrificatur
1112 2235 1386 2309 sacramentaliter,
1409 2241 1439 2296 et
1460 2235 1536 2295 uicit
1556 2235 1588 2295 iu
1611 2254 1685 2296 sae-

305 2335 396 2407 cula;
418 2332 620 2410 distribuitur,
644 2341 674 2396 et
694 2353 756 2395 aon
777 2334 878 2412 deficit
899 2342 953 2395 aut
973 2336 1166 2396 imminuitur.
1198 2331 1271 2394 lta'
1262 2352 1293 2395 m
1317 2330 1526 2448 chrysostomi
1548 2331 1685 2448 Litprgia

305 2425 503 2508 Μελὶζαιαι,
526 2427 580 2492 καὶ
603 2422 874 2518 druprept'garoa‘
856 2452 875 2495 o
903 2421 1005 2510 uaros·
1032 2429 1095 2494 τοῦ
1125 2420 1276 2510 Θεοῦ,ι
1256 2453 1275 2494 o
1305 2418 1377 2504 υἱός
1404 2427 1466 2494 τοῦ
1494 2423 1637 2517 πατρός,
1667 2423 1687 2495 ὃ

304 2518 521 2613 μελιζόμενος
554 2526 609 2592 καὶ
647 2519 694 2616 μή
730 2518 967 2618 διαιρούμενος·
1002 2521 1020 2593 ὁ
1049 2517 1189 2594 πάντοτε
1226 2515 1440 2609 ἐσθιόμενος,
1485 2525 1541 2591 καὶ
1580 2527 1685 2615 μιιδέ-

305 2650 387 2693 ποτε
421 2615 662 2708 δαπανώμενος.
722 2631 878 2694 Dividitur
913 2633 946 2692 m
972 2639 1079 2710 partes
1116 2649 1215 2711 opnus
1245 2629 1319 2705 rtet,
1353 2628 1441 2707 silius
1478 2628 1600 2707 Patris,
1634 2633 1688 2713 qai

305 2734 338 2793 r'u
357 2738 464 2810 partes
491 2737 629 2806 secatur,
664 2739 694 2792 et
719 2750 780 2792 uon
810 2731 958 2792 dividimur
985 2729 1094 2810 ubique
1114 2727 1305 2808 comeditur,
1337 2734 1368 2788 ei
1398 2747 1460 2789 non
1483 2731 1679 2794 consumitur

304 2827 409 2913 ltaque
433 2829 569 2908 quamvis
592 2845 654 2890 non
675 2830 866 2906 necessario,
889 2846 989 2909 neque
1013 2847 1055 2889 ex
1078 2827 1261 2908 reliquarum
1284 2825 1490 2890 Ecclesiarum
1513 2827 1682 2914 disciplina,

304 2929 355 3009 pie
386 2934 484 2990 tamen
507 2933 539 2988 et
560 2925 752 2990 laudabiliter
780 2927 939 2990 inchoatur
967 2925 1047 3006 apud
1070 2925 1269 2989 Nestorianos
1292 2942 1379 2988 sacra
1410 2927 1489 2988 actio
1520 2946 1577 3007 per
1605 2946 1684 2990 con-

305 3027 470 3090 sessionem
493 3027 633 3088 sacrificii
655 3024 864 3088 Eucharistici.
910 3023 1083 3086 llliusenim
1096 3027 1209 3087 mentio
1232 3031 1279 3086 est
1302 3031 1442 3104 tanquam
1465 3042 1547 3087 novo
1566 3025 1684 3089 foederi

305 3125 433 3208 proprii,
456 3125 486 3186 in
503 3125 795 3206 omnibusLiturgiis
819 3125 1035 3206 cujuscumque
1056 3126 1132 3186 ritus
1156 3133 1207 3187 aut
1229 3124 1370 3207 linguae,
1405 3124 1567 3205 inquibus
1591 3133 1623 3187 ut
1654 3125 1685 3187 in

305 3227 373 3303 ista,
401 3231 527 3286 vocatur
550 3223 730 3287 sacrificium
753 3223 911 3304 spirituale
934 3231 965 3286 ot
995 3226 1191 3286 incruentum.
1240 3221 1325 3284 Hanc
1353 3222 1522 3285 orationem
1555 3223 1684 3286 illustrat

305 3324 335 3386 id
358 3323 439 3404 quod
461 3323 575 3406 legitur
596 3324 626 3387 in
645 3323 760 3386 blissali
777 3322 913 3386 Gothico.
958 3323 1016 3386 llic
1038 3325 1116 3384 enim
1138 3329 1184 3384 est
1205 3341 1302 3402 aprus
1318 3321 1386 3398 Dei,
1409 3323 1580 3402 unipenitua
1598 3319 1685 3398 fitium
1780 3331 1786 3344 ·

306 3431 375 3484 tuus
396 3423 448 3501 qai
469 3423 545 3484 tollit
562 3431 722 3503 peccatum
744 3425 866 3485 muudi:
889 3425 942 3504 qui
963 3421 1172 3502 reprobabis
1193 3419 1348 3501 offerendo
1371 3441 1431 3482 non
1454 3423 1583 3495 desinit,·
1607 3440 1684 3482 uos·
1730 3449 1736 3463 ·
1810 3454 1818 3469 ·

306 3539 363 3600 que
389 3521 473 3599 opud
501 3528 529 3582 te
553 3527 701 3602 perpetua
729 3523 932 3584 aduocatione
953 3520 1095 3599 defendit.
1140 3519 1220 3595 Ouia
1241 3539 1392 3600 ιιιιιιᾳιιαιιι
1421 3524 1550 3583 moritum
1572 3522 1684 3581 immo-

306 3620 395 3694 latur,
418 3619 475 3681 aad
496 3639 614 3700 seraper
635 3621 711 3683 cinit
732 3621 861 3683 accium.

695 3881 730 3952 3.
773 3879 922 3972 Dipuum
948 3884 1000 3948 est
1026 3879 1189 3972 quotidie,
1232 3885 1296 3950 etc.

403 4073 498 4150 Hauc
520 4083 616 4147 oratio
639 4091 673 4145 ut
694 4101 799 4146 ornnes
822 4081 910 4162 hujus
933 4081 992 4146 loci
1016 4088 1046 4144 et
1067 4083 1192 4164 generis
1216 4082 1292 4145 aliae
1315 4099 1393 4163 quae
1415 4082 1596 4146 Praelationi
1618 4082 1681 4145 La-

306 4168 437 4250 tinorum
459 4187 662 4268 respondent,
693 4185 827 4248 eamdem
849 4185 961 4248 hahent
983 4185 1176 4258 senteutiam;
1207 4186 1371 4267 gratiarum
1394 4185 1510 4248 scilicet
1532 4188 1682 4249 actionem

307 4286 345 4350 ad
367 4287 479 4364 Deum,
509 4304 565 4368 pro
594 4284 748 4349 heneirciis
778 4283 814 4346 ab
846 4301 884 4347 eo
913 4284 943 4346 in
973 4283 1131 4346 humanum
1161 4301 1259 4364 genus
1283 4284 1399 4346 collatis
1423 4302 1440 4345 a
1462 4285 1556 4364 prima
1579 4303 1682 4348 rerum

308 4387 481 4465 creatione,
517 4384 555 4447 ad
592 4385 830 4448 lncamationem
861 4390 892 4446 et
925 4382 1179 4463 dispensationem
1215 4383 1281 4446 sive
1315 4375 1471 4468 truamur
1502 4376 1682 4462 cinerarius

307 4484 382 4548 lesu
404 4485 514 4549 Christi
536 4484 654 4546 Domini
676 4485 781 4563 nostri,
805 4501 893 4564 quam
916 4483 1052 4564 sequitur
1075 4484 1318 4545 commemoratio
1341 4483 1536 4545 institutionis
1558 4482 1682 4546 Eucha-

308 4585 422 4648 ristiae.

651 4759 685 4828 d.
730 4757 931 4851 Unipenitua
956 4756 1053 4828 Deua
1085 4753 1245 4842 Verbum,
1273 4760 1336 4824 etc.

400 4951 490 5044 Quae
512 4960 559 5023 hic
581 4961 726 5041 leguntur
749 4958 787 5021 de
809 4959 1026 5022 lucarnationis
1048 4957 1204 5038 mysterio,
1229 4973 1296 5018 cum
1319 4974 1359 5018 ex
1380 4973 1488 5020 sacrae
1511 4959 1682 5040 scripturae

308 5066 410 5130 verbis
434 5070 575 5129 contexta
603 5063 679 5142 sint,
708 5079 748 5125 ne
778 5062 877 5126 levem
908 5061 1028 5143 quidem
1056 5066 1289 5140 repraesentant
1323 5061 1457 5124 umbram
1483 5061 1684 5125 Nestorianae
