4814 6060
753 489 830 562 488
1065 485 1068 492 ’
1324 483 1557 562 NOTAE

754 673 836 751 cbia,
866 689 942 754 quos
965 669 1135 735 Orientales
1163 686 1268 732 omues
1290 685 1405 732 summe
1429 668 1460 730 in
1482 667 1581 747 pretio
1604 667 1733 744 babent,
1761 665 1918 730 Jacobitae
1940 668 2130 748 praesertim,

754 773 814 853 qui
830 771 945 853 aliquot
967 769 1143 834 testimoniis
1166 767 1237 830 inde
1258 767 1359 849 petitis
1382 766 1419 829 ad
1442 767 1601 847 opiniones
1624 784 1695 830 suas
1718 765 1939 830 confirmandas
1957 765 2131 832 abutuntur.

1218 1045 1253 1118 3.
1294 1046 1410 1136 ἤθρει
1438 1041 1667 1114 Ortbodocce.

851 1239 944 1332 Quas
973 1249 1010 1312 ad
1040 1249 1174 1330 reliquas
1204 1247 1355 1327 Liturgias
1387 1247 1468 1308 circa
1495 1245 1573 1308 banc
1603 1244 1759 1308 formulam
1788 1247 1952 1310 observata
1974 1254 2063 1326 sunt,
2092 1248 2128 1310 ad

753 1355 841 1416 istam
870 1370 991 1434 quoque
1024 1353 1185 1432 pertinent.
1230 1349 1442 1412 Vetustissima
1472 1348 1548 1411 haee
1578 1325 1660 1426 erat,
1688 1357 1835 1432 usurpata
1864 1351 1921 1413 sub
1952 1349 2129 1414 Christianis

753 1450 1005 1534 Imperatoribus;
1029 1450 1109 1512 unde
1132 1449 1163 1510 in
1186 1448 1285 1512 multis
1309 1446 1463 1510 codicibus
1485 1455 1604 1510 retenta
1628 1456 1691 1525 est,
1722 1466 1799 1529 quos
1830 1451 1929 1512 secuti
1951 1459 2039 1528 sunt,
2069 1467 2129 1512 non

752 1551 866 1614 librarii
887 1547 977 1612 modo
1000 1551 1051 1629 qui
1072 1548 1166 1611 libros
1190 1546 1411 1624 describebant,
1435 1545 1489 1609 sed
1513 1548 1564 1626 qui
1586 1565 1682 1609 noras
1695 1547 1847 1629 Liturgias
1864 1566 2076 1629 composuere,
2097 1555 2129 1611 ut

751 1649 908 1713 blathaeus
930 1649 1048 1726 Pastor,
1071 1646 1205 1731 ignatius
1228 1646 1401 1709 Patriareba
1423 1644 1500 1708 lilius
1523 1645 1645 1724 Wabib,
1668 1654 1700 1710 et
1721 1647 1841 1728 quidam
1863 1648 1921 1710 alii.

1014 1927 1050 1995 ll.
1092 1923 1157 2009 (lui
1184 1948 1207 1994 o
1232 1923 1341 1994 Petro
1369 1929 1406 1992 ct
1431 1879 1567 1994 docebo
1594 1923 1773 2016 Apostolis
1799 1930 1863 1994 etc.

849 2118 972 2197 Dieron
995 2136 1042 2191 est
1065 2127 1102 2190 ad
1123 2125 1290 2209 biturgiam
1311 2124 1417 2188 Jacobi
1441 2126 1613 2208 Syriacam,
1645 2124 1817 2190 memoriam
1840 2127 2025 2207 singularem
2048 2124 2127 2189 illius

750 2232 891 2312 Apostoli
913 2233 943 2293 in
966 2249 1003 2294 ea
1026 2229 1105 2307 lieri,
1136 2228 1217 2310 quod
1247 2236 1367 2292 extaret
1389 2230 1419 2291 in
1443 2229 1559 2291 Graeca
1582 2229 1688 2292 eodem
1713 2229 1799 2290 titulo
1822 2229 2015 2312 consignata,
2039 2246 2126 2308 quam

750 2332 783 2392 in
804 2328 1074 2411 Hierusolymitana
1098 2328 1237 2392 Ecclesia
1260 2335 1433 2408 usurpatum
1456 2328 1549 2410 vulgo
1572 2327 1683 2406 luisse,
1714 2335 1830 2390 certam
1852 2333 1909 2390 est.
1955 2325 1988 2388 ln
2011 2326 2127 2388 Graeca

749 2447 826 2494 veru
860 2429 940 2493 illius
971 2429 1115 2504 memoria
1144 2427 1250 2508 fiebat,
1281 2435 1421 2508 tanquam
1443 2428 1532 2509 primi
1553 2428 1714 2508 Episcopi,
1745 2425 1941 2508 ejusdemque
1970 2425 2126 2488 Ecclesiae

753 2527 930 2592 fundatoris.
974 2527 1044 2609 Syri
1065 2525 1226 2590 Palaestini
1249 2526 1330 2590 illam
1353 2525 1508 2590 formulam
1538 2546 1554 2590 a
1578 2525 1703 2588 Graecis
1726 2532 1926 2606 acceperant,
1956 2532 1989 2586 ut
2018 2543 2125 2588 serra-

753 2636 878 2691 verunt:
903 2635 1023 2690 etcum
1046 2626 1129 2688 multi
1151 2625 1202 2688 alii
1224 2625 1261 2688 ad
1284 2627 1387 2690 sedern
1409 2626 1710 2707 Hierosolymitenam
1732 2626 1938 2706 pertinerent,
1968 2623 2059 2687 laede
2088 2622 2125 2685 ad

753 2744 858 2794 omncs
881 2728 977 2808 Syros
1000 2727 1089 2790 etiam
1111 2723 1317 2788 Antiochenos
1341 2725 1512 2802 dimanavit,
1535 2744 1605 2788 eum
1627 2731 1712 2788 esset
1733 2724 1880 2786 maximus
1898 2723 2043 2804 Syriacae
2065 2721 2125 2784 lin-

752 2842 832 2906 guae
854 2825 884 2887 in
907 2826 965 2890 illis
988 2823 1152 2906 provinciis
1174 2841 1256 2886 usus.
1301 2823 1405 2905 ltaque
1429 2831 1551 2887 servata
1573 2830 1620 2886 est
1642 2825 1708 2886 sine
1730 2822 1793 2884 ullo
1816 2823 1944 2902 partium
1966 2821 2123 2902 praejudi-

754 2924 819 3000 cio,
849 2924 947 2986 donec
975 2923 1132 2988 Jacobitae
1155 2923 1215 2986 alio
1237 2923 1366 2986 consilio
1390 2941 1456 2986 eam
1479 2923 1515 2985 ad
1539 2941 1574 2985 se
1597 2921 1828 3002 transtulerunt,
1851 2929 1885 2984 ut
1906 2919 2015 2984 Jacobi
2037 2919 2125 3001 Apo-

753 3021 823 3085 stoli
852 3021 940 3084 iidem
972 3027 1079 3084 tenere
1109 3040 1143 3084 se
1173 3029 1204 3084 et
1231 3021 1342 3086 abillo
1369 3022 1552 3084 denominari
1579 3021 1724 3102 imperitis
1747 3019 1977 3102 persuaderent.
2022 3017 2125 3099 ltaque

751 3120 885 3201 Ignatius
909 3119 985 3182 filius
1008 3120 1129 3209 Wabib,
1153 3121 1324 3184 Patriarcba
1346 3120 1554 3184 Antiochenus
1576 3121 1726 3199 Jacobita,
1749 3139 1818 3184 earn
1830 3118 2006 3201 particulam
2020 3117 2124 3179 bitur-

750 3220 820 3300 giae
843 3238 917 3282 suae
933 3218 1073 3281 inseruit:
1096 3220 1197 3282 Aulur
1218 3221 1315 3297 istius,
1338 3220 1456 3282 Petrum
1479 3217 1595 3282 Jacobo
1619 3219 1764 3300 adjunxit,
1787 3227 1896 3282 tumul
1914 3216 2122 3279 Antiochenae

750 3319 907 3383 Ecclesiae
929 3319 1117 3382 fundatorem
1140 3328 1171 3383 et
1183 3320 1383 3400 Episcopum;
1408 3326 1468 3380 turn
1481 3325 1513 3380 ut
1532 3317 1683 3398 duplicata
1701 3319 1864 3380 autoritate
1877 3314 2123 3398 Apostolicorum

751 3419 912 3498 nominum,
935 3434 996 3480 nen
1017 3419 1125 3482 Jacobi
1147 3419 1255 3494 modo,
1286 3418 1340 3481 sed
1370 3419 1460 3481 ctiam
1489 3418 1635 3498 Principis
1659 3417 1875 3498 Apostolorum
1898 3415 2067 3495 discipulos
2089 3433 2125 3476 se

667 3593 674 3616 ἢ
751 3535 821 3580 esse
842 3517 999 3581 Jacobitae
1018 3519 1178 3599 jactarent.

1117 3795 1152 3865 5.
1192 3794 1389 3887 Praecipue
1415 3817 1499 3865 caro
1526 3795 1665 3887 Ipnetii,
1693 3801 1757 3865 etc.

849 3985 924 4064 Non
945 4015 1004 4058 una
1028 4004 1075 4060 cst
1095 3996 1312 4078 Diptycbprum
1335 3999 1365 4058 in
1388 3996 1495 4077 quibus
1518 3998 1697 4061 Sanctorum
1719 3997 1838 4059 nomina
1853 4006 2123 4060 commemorantur

748 4099 856 4177 forma,
879 4119 945 4163 cum
968 4100 997 4163 in
1021 4100 1181 4181 aliquibus,
1203 4100 1318 4180 plures,
1340 4101 1501 4182 pauciores
1525 4102 1555 4163 in
1578 4101 1643 4162 aliis
1667 4107 1894 4163 recenseantur.
1937 4098 2027 4162 Nulla
2048 4119 2123 4182 pro-

747 4200 850 4278 lixior,
874 4217 910 4262 ea
933 4215 1021 4280 quam
1043 4199 1138 4264 refert
1160 4199 1366 4263 Ordinationls
1386 4199 1622 4282 OllieiumSyris
1645 4198 1792 4262 Jacobitis
1814 4199 1980 4279 proprium,
2004 4199 2042 4262 de
2065 4219 2122 4282 qua

748 4299 859 4361 dictum
881 4305 928 4360 est
950 4298 987 4360 ad
1011 4299 1174 4382 Liturgiam
1196 4299 1301 4362 Jacobi
1325 4299 1488 4379 Syriacam.
1521 4299 1553 4362 ln
1574 4300 1632 4361 ista
1654 4299 1780 4380 primurn
1803 4299 1912 4362 merito
1925 4297 2025 4361 locum
2041 4305 2122 4360 tenet

746 4396 897 4480 ignatius,
926 4406 959 4460 ut
981 4396 1188 4460 Antiochenus
1212 4397 1360 4478 quondam
1382 4398 1570 4479 Episcopus,
1601 4399 1687 4480 cujus
1716 4398 1805 4460 etiam
1830 4399 2006 4460 testimoniis
2030 4385 2120 4472 albuli,

749 4495 786 4557 ad
810 4495 923 4558 erroris
946 4497 992 4558 sui
1014 4499 1213 4578 patrocinium
1236 4496 1352 4576 solent,
1383 4505 1415 4559 ut
1437 4517 1478 4560 ex
1501 4497 1592 4560 variis
1616 4496 1835 4575 collectaneis,
1866 4504 1896 4559 et
1919 4496 2061 4558 'lractatu
2084 4495 2121 4557 de

747 4593 822 4656 Fide
844 4594 960 4656 Patrum
985 4595 1171 4678 intelligitur.
1216 4597 1378 4660 Praeterea
1401 4605 1513 4660 tantum
1535 4596 1681 4660 bonorem
1703 4595 1747 4658 illi
1769 4597 1911 4668 tribuunt,
1934 4603 1967 4657 ut
1988 4595 2020 4655 in
2041 4596 2121 4657 anti-

749 4691 891 4771 quissima
915 4693 1069 4756 Canonurn
1093 4694 1280 4758 Culleclione
1305 4695 1444 4777 Syriaca,
1476 4717 1515 4760 ex
1539 4697 1604 4778 ejus
1627 4685 1771 4776 Epistolis
1793 4697 1890 4775 capita
1913 4693 2060 4775 quaedam
2081 4694 2119 4756 ad

747 4789 990 4854 Ecclesiasticam
1013 4793 1201 4876 disciplinam
1223 4797 1391 4876 spectantia
1414 4794 1602 4872 reserantur,
1625 4796 1694 4876 quia
1716 4793 1855 4876 inquiunt
1876 4797 2057 4874 interpretes
2080 4790 2119 4854 ob

748 4906 892 4951 summam
914 4890 1021 4973 ignatii
1043 4895 1239 4971 sanctitatem,
1263 4913 1390 4976 aequam
1412 4914 1478 4958 curn
1503 4895 1674 4958 Canonibus
1698 4873 1873 4977 dignitalern
1893 4893 2014 4956 babent.
2041 4890 2120 4955 Dio-

671 5079 679 5092 !
748 4988 883 5070 nysium,
906 4989 1124 5076 Areopagitam
1146 4994 1325 5078 inlebigunt.
1371 4994 1552 5076 Gregorium
1583 4993 1702 5077 qualem
1724 4992 1834 5074 velint,
1856 5009 1918 5056 uon
1940 4990 2120 5074 significant,
