4730 6038
574 710 622 787 Ill
652 706 903 786 ttionemn
928 703 1097 783 tnooat
1122 705 1368 782 sanabant.
1580 701 1656 778 ets

286 1001 322 1072 7.
358 999 406 1070 Et
430 1002 606 1092 persecuti
631 1003 708 1068 sunt
735 1017 889 1069 ararem
914 996 1116 1084 banoscum,
1142 1017 1231 1089 qaue
1248 994 1529 1088 blasphemabant
1554 997 1657 1090 impie

624 1115 788 1186 Manena
813 1111 1092 1184 incarnationem
1123 1109 1240 1199 Verbi,
1267 1117 1331 1181 etc.

385 1307 500 1387 Noram
523 1318 571 1382 hio
594 1317 785 1403 agnoscimus
805 1327 835 1382 et
850 1317 969 1399 quidem
983 1313 1174 1378 indubitatam
1186 1314 1466 1396 Monophysitarum
1488 1314 1658 1394 doctrinae,¹

286 1441 348 1486 non
369 1422 459 1487 modo
482 1422 628 1486 adversus
650 1419 864 1499 Nestorianos,
893 1419 948 1483 sed
970 1421 1059 1483 etiam
1081 1418 1228 1482 adversus
1253 1416 1447 1481 orthodoxos
1470 1417 1656 1502 Theologicc

288 1523 465 1605 explicatae,
489 1520 570 1603 quod
594 1528 692 1584 tamen
715 1521 786 1583 satis
808 1538 909 1583 rarum
938 1527 985 1583 est
1015 1520 1045 1581 in
1067 1518 1229 1601 Liturgiois
1260 1517 1374 1582 ciliciis.
1425 1516 1507 1580 Haeo
1536 1520 1655 1581 novitas

289 1623 362 1686 satis
386 1621 526 1684 convenit
548 1619 658 1682 homini
688 1617 903 1696 audacissimo,
933 1617 1028 1701 qualis
1056 1616 1112 1680 luit
1138 1617 1270 1680 lacobus
1299 1616 1368 1694 ille,
1401 1617 1428 1680 si
1451 1615 1591 1694 Graecis,
1625 1625 1657 1680 et

184 1737 189 1748 ’
288 1721 476 1785 Nestorianis
500 1719 659 1799 eredimus.
704 1717 850 1782 Unionem
873 1717 1045 1782 dividebant
1073 1737 1112 1780 cx
1133 1718 1338 1782 lacebitarum
1360 1719 1519 1795 sententia,
1541 1717 1657 1783 Nesto-

288 1823 375 1901 riani‚
399 1820 480 1902 quod
503 1821 577 1883 duas
599 1820 630 1881 in
643 1817 763 1882 Christo
785 1835 934 1899 personas
958 1823 1172 1900 agnoscerent:
1196 1816 1380 1880 Orthodoxis
1402 1816 1479 1880 idam
1502 1817 1656 1900 impinge-

287 1920 370 2000 bant,
394 1919 473 2001 quod
498 1917 572 1982 duas
594 1925 717 1982 naturas
739 1923 922 1994 statuerent;
945 1935 1012 1980 cum
1034 1935 1124 1979 unam
1145 1917 1303 1980 lacohitae
1324 1915 1547 1998 profiterentur.

435 2196 471 2268 8.
515 2197 694 2291 Offerintns
720 2195 785 2266 tc'bt
811 2198 918 2288 ipsum
944 2197 1204 2290 deprecatorem
1225 2217 1293 2288 pro
1320 2195 1428 2284 nobis,
1455 2201 1520 2267 etc.

384 2388 541 2469 (tunsam
569 2399 654 2481 cnjus
682 2397 801 2480 Corpus
831 2406 862 2463 et
885 2399 1067 2484 Sanguinem
1098 2407 1313 2479 susceperunt,
1339 2397 1495 2462 Jacobitae
1525 2398 1657 2464 atterunt

287 2507 353 2570 Deo
377 2506 607 2584 deprecatorem
614 2523 623 2578 ;
646 2519 724 2583 quae
747 2502 882 2565 doctrina
905 2502 936 2564 in
958 2503 1023 2566 aliis
1046 2520 1167 2584 quoque
1189 2501 1331 2583 precibus
1353 2503 1478 2582 privatis
1501 2508 1533 2566 et
1555 2504 1658 2584 puhli-

286 2607 330 2670 cis
355 2605 497 2678 occurrit,
521 2601 655 2684 quamvis
678 2619 786 2684 magna
809 2601 989 2666 confidentia
1006 2602 1188 2686 negaverint
1210 2600 1239 2664 id
1262 2599 1602 2683 dudumProtestantes‚
1626 2613 1658 2667 et

286 2723 386 2787 nuper
406 2705 454 2766 vir
476 2704 554 2765 inter
577 2719 632 2765 eos
655 2701 763 2765 doctus
786 2702 835 2784 qui
859 2700 980 2786 longam
1002 2701 1040 2765 de
1052 2699 1259 2764 Eucharistiae
1281 2700 1433 2764 oblatione
1455 2702 1657 2764 Dissertatio-

286 2824 355 2868 nem
378 2801 565 2885 Eragmemis
589 2801 704 2881 aliquot
725 2802 842 2864 irenaei
865 2820 882 2863 a
904 2820 939 2865 se
962 2801 1051 2865 editis
1069 2801 1234 2883 subjunxit,
1257 2799 1394 2883 adjuncta
1417 2803 1655 2865 testimoniorum

285 2904 378 2982 nube,
401 2903 509 2985 quihus
531 2898 604 2962 nihil
627 2901 717 2982 plane
740 2899 865 2963 edicitur
887 2908 993 2962 contra
1015 2919 1199 2964 communem
1223 2899 1359 2963 omnibus
1373 2899 1520 2964 Ecclesiis
1536 2901 1656 2964 Orien-

287 3003 396 3067 talibus
420 3011 451 3065 et
473 3000 715 3064 Occidentalibus
731 2999 874 3062 sacrificii
895 2998 1094 3062 Eucharistici
1117 2998 1294 3075 doctrinam,
1316 3007 1349 3062 ut
1372 2998 1442 3062 alibi
1464 2997 1656 3064 demonstra-

286 3101 375 3166 bitur.
420 3100 462 3164 At
483 3102 593 3164 rituum
616 3107 646 3161 et
669 3097 885 3162 sententiarum
907 3116 985 3180 quae
1008 3098 1045 3161 ad
1067 3098 1140 3162 iilud
1155 3099 1331 3180 Mysterium
1354 3105 1528 3178 spectantes
1552 3107 1658 3163 extant

286 3203 318 3264 in
341 3200 465 3264 Graecis
487 3199 642 3282 Liturgiis,
665 3197 767 3262 autin
789 3198 911 3280 scriptis
941 3196 1126 3261 Graecorum
1148 3198 1285 3277 Puteum,
1317 3199 1420 3279 optimi
1443 3206 1473 3262 et
1496 3200 1657 3262 certissimi

287 3302 469 3380 interpretes
492 3297 597 3362 haberi
624 3304 753 3379 possunt
780 3296 849 3379 Syri
870 3304 1010 3375 veteres,
1042 3305 1101 3360 tam
1128 3295 1314 3374 otthoboni,
1346 3314 1435 3378 quam
1465 3296 1508 3359 itti
1538 3299 1590 3378 qui
1618 3299 1656 3362 ab

287 3399 426 3463 Ecclesia
449 3406 518 3461 ante
541 3396 621 3460 mille
645 3396 823 3477 etamplius
846 3413 941 3459 annos
964 3398 1169 3460 secessionem
1199 3395 1347 3476 iecerunt,
1369 3397 1400 3458 in
1422 3413 1499 3478 quos
1521 3400 1656 3479 suspicio

289 3498 400 3564 cadere
422 3497 504 3560 nutta
526 3504 638 3579 potest.
668 3496 710 3559 At
731 3496 774 3559 itti
795 3495 973 3558 sacrificium
994 3496 1193 3570 incruentum,
1216 3483 1345 3578 λογικὸν
1366 3497 1432 3558 sive
1455 3495 1601 3560 rationale
1625 3505 1656 3560 et

271 3596 455 3688 :spirituala
477 3615 582 3661 verum
605 3603 637 3659 et
659 3595 813 3659 sacrifieiis
835 3596 965 3677 antiquis
996 3594 1132 3677 dignius,
1161 3615 1239 3678 quae
1263 3593 1342 3657 iltius
1364 3595 1469 3658 umbra
1499 3603 1530 3659 et
1557 3595 1655 3679 figura

291 3705 387 3775 erant,
411 3695 515 3760 offerri
538 3703 708 3779 agnoscunt
728 3697 759 3758 in
781 3713 868 3760 sacra
902 3695 1031 3774 actione,
1055 3695 1084 3758 in
1107 3713 1165 3776 qua
1188 3693 1314 3757 otiertnr
1343 3712 1404 3758 non
1434 3695 1558 3776 sanguis
1587 3697 1656 3758 ani-

289 3796 428 3874 malium„
443 3796 494 3858 aut
515 3794 633 3876 legales
656 3795 805 3871 victimae,
828 3794 883 3859 sed
906 3793 1024 3875 Corpus
1054 3803 1085 3858 et
1108 3795 1237 3878 Sanguis
1259 3793 1341 3876 Agni
1369 3795 1431 3858 vivi
1459 3795 1654 3872 immaculati:

288 3915 376 3979 quem
398 3894 512 3958 idcirco
537 3893 633 3958 oculis
655 3894 725 3957 tidei
743 3895 851 3976 jubent
872 3912 929 3958 nos
952 3893 1133 3958 immolatum
1155 3913 1248 3976 super
1268 3893 1375 3957 Attare
1397 3895 1514 3958 intueri.
1552 3893 1655 3957 Fidem

286 3997 375 4059 istam
397 3993 547 4058 miraculis
570 3995 777 4076 comprobant,
801 3996 913 4058 stillis
936 4013 1021 4075 sane,
1044 4012 1122 4076 quae
1152 3993 1232 4076 apud
1254 4011 1309 4057 eos
1332 3993 1507 4074 quiveram
1529 4000 1655 4057 etrea-
1720 3992 1783 4045 ttsn.
1807 3989 1879 4045 Patr·
1903 3993 1977 4045 Ata.

288 4094 348 4158 lem
370 4094 586 4158 elementorum
607 4095 638 4155 in
667 4094 784 4175 Corpus
814 4103 845 4158 et
873 4094 1055 4178 Sanguinem
1086 4093 1196 4178 Christi
1225 4093 1502 4158 transmutationem
1531 4102 1654 4178 negant,
1665 4095 1692 4146 Ρ·
1703 4077 1763 4130 ¹⁸¹·
1774 4078 1834 4129 ¹⁸⁷·
1844 4078 1905 4128 27⁰.
1915 4078 1976 4129 3⁰⁶·
2084 4171 2086 4175 Ι

289 4213 328 4257 ne
357 4194 524 4276 excogitari
554 4194 673 4274 quidem
705 4201 842 4275 possunt.
898 4194 1034 4258 videnda
1067 4212 1146 4275 quae
1180 4192 1336 4256 retulimus
1370 4191 1439 4254 alibi
1468 4212 1508 4255 ex
1539 4194 1655 4257 Severo
1668 4163 1729 4298 372.
1743 4163 1818 4300 ⁴3⁸¹?
1878 4249 1896 4298 4
1922 4245 1968 4301 ,3

289 4292 443 4373 Episcopo
465 4291 649 4356 Aschmonin
672 4293 800 4358 statiis.
846 4294 995 4357 Christum
1023 4294 1125 4357 dicunt
1155 4309 1225 4356 esse
1247 4291 1396 4355 victimam
1423 4293 1454 4354 in
1482 4290 1580 4354 Alteri
1601 4312 1656 4356 sa·
1668 4352 1690 4386 c.
1710 4267 1778 4386 ff
1814 4265 1861 4300 cm
1898 4287 1904 4300 '
1931 4283 1937 4296 ’
1968 4285 1976 4299 ’

291 4392 470 4454 criticatam:
493 4391 621 4456 offertur
642 4393 732 4476 igitur
762 4392 828 4456 Deo
857 4396 888 4456 in
917 4393 1097 4457 sacrificium
1127 4390 1245 4473 Corpus
1281 4391 1347 4473 ejus
1376 4397 1408 4453 et
1436 4391 1584 4474 Sanguis,
1616 4413 1657 4456 cx

290 4490 487 4555 Orientalium
516 4492 676 4556 sententia.
735 4492 769 4555 ld
801 4494 859 4557 nisi
894 4493 1055 4557 crederent
1080 4492 1162 4556 ilium
1189 4491 1325 4554 manibus
1353 4489 1545 4554 sacerdotum
1572 4489 1657 4572 terri,

290 4592 475 4671 tractarique
497 4607 559 4654 non
581 4590 727 4670 dicerent,
750 4592 831 4674 quod
854 4599 953 4656 tarnem
981 4593 1012 4654 in
1034 4592 1133 4655 multis
1156 4589 1339 4652 annotatus
1362 4589 1480 4668 dicunt,
1510 4597 1568 4653 tarn
1591 4593 1659 4672 pri-

292 4691 381 4768 vatis,
405 4709 493 4772 qnam
523 4691 661 4774 publicis.
710 4691 760 4754 Ad
791 4691 941 4756 Christum
964 4709 1100 4776 quoque,
1129 4698 1163 4754 ut
1189 4709 1264 4754 vere
1292 4689 1323 4750 in
1351 4688 1437 4752 altari
1466 4699 1658 4771 praesentem

288 4805 400 4869 preces
423 4790 571 4872 dirigunt:
594 4798 624 4852 et
645 4790 677 4851 in
698 4790 833 4874 Liturgia
855 4790 1035 4874 Aethiopica
1065 4809 1143 4873 quae
1164 4788 1304 4853 Dioscuri
1326 4806 1435 4852 nomen
1458 4789 1603 4870 praefert,
1627 4791 1657 4854 id

292 4888 372 4970 quod
394 4891 424 4952 in
447 4888 543 4952 Attari
565 4888 685 4951 videtur
702 4890 805 4951 dicunt
826 4900 1033 4954 accusatorem
1055 4898 1086 4954 et
1103 4889 1235 4973 judicem
1257 4887 1333 4967 iore,
1357 4886 1507 4952 Christum
1525 4890 1582 4953 Dei
1603 4891 1658 4953 Fi-

291 4985 362 5048 lium
385 4987 433 5050 cni
456 4987 551 5050 Pater
572 5006 659 5049 omne
672 4988 823 5066 judicium
845 4991 938 5066 dedit,
960 4991 991 5052 in
1014 4977 1207 5054 Sacrament'o
1229 4995 1442 5072 agnoscentes.
1473 4989 1656 5054 Sacrificium

292 5103 386 5166 porro
420 5086 453 5148 iit
485 5087 551 5168 ejus
577 5086 624 5148 rei
653 5104 732 5167 quae
760 5086 918 5151 oblationis
955 5099 986 5153 et
1015 5091 1152 5154 victimae
1183 5088 1251 5152 loco
1280 5094 1336 5150 est.
1391 5087 1425 5151 ln
1453 5087 1657 5152 celebratione

292 5184 500 5250 Eucharistiae
522 5184 650 5249 infertur
672 5185 785 5250 oblatio
801 5205 840 5250 ex
862 5206 941 5269 pane
964 5199 994 5254 et
1017 5192 1087 5254 vino
1104 5207 1180 5272 aqua
1200 5188 1297 5268 misto,
1321 5195 1352 5250 ct
1373 5185 1446 5250 illud
1467 5189 1656 5268 sacrificium,
