4728 6028
743 553 773 630 S.
800 553 906 629 PETRI
931 551 1112 630 PRINCIPIS
1139 551 1423 640 Dostutonutt.
1575 607 1583 626 .
1684 553 1756 633 tto

400 739 533 814 Domini
547 740 612 812 Dei
627 737 851 812 etSalvatoris
867 742 973 812 ausui
986 740 1069 812 Iesu
1087 737 1219 828 ObrIsti,
1233 739 1275 810 ad
1291 741 1521 812 remissionem
1538 764 1653 814 eorum
1673 764 1757 836 quae

399 859 590 952 insipienter
616 858 794 928 commissa
820 864 912 946 sunt,
939 867 974 928 et
998 857 1239 929 relaxationem
1259 865 1469 951 peccatorum
1494 857 1757 952 suscipientibus

503 971 662 1064 Populus.
713 975 833 1044 Amen.

502 1088 686 1159 Sacerdos.
726 1084 834 1158 Nubis
861 1073 970 1157 autem
997 1087 1052 1180 qui
1079 1085 1207 1156 illorum
1234 1089 1412 1181 participes
1439 1085 1537 1159 luturi
1564 1109 1688 1178 sumus,
1716 1090 1760 1159 sit
1810 1063 1814 1076 ⁸

400 1205 442 1278 ad
468 1207 699 1302 purgationem
726 1205 906 1274 animarum
934 1211 1190 1298 etcorporum,
1223 1200 1275 1279 ad,
1298 1224 1409 1276 mores
1444 1202 1692 1296 Evangelioos,
1726 1213 1760 1275 et

401 1321 443 1394 ad
473 1319 752 1393 confirmationem
787 1317 963 1390 Ecclesiae
996 1328 1133 1390 sanctae
1173 1314 1384 1406 Cathoboae,
1421 1342 1506 1414 quae
1540 1319 1674 1392 lundata
1708 1331 1761 1392 est

286 1421 293 1438 ’
400 1459 501 1535 super
526 1447 655 1533 petram
682 1434 771 1526 lidei,
797 1433 840 1505 de
867 1456 931 1529 qua
958 1432 1087 1522 dixisti,
1120 1431 1208 1528 quod
1240 1444 1357 1529 portae
1392 1432 1487 1505 inleri
1512 1457 1580 1507 non
1606 1457 1759 1530 praeva-

398 1552 512 1626 lebunt
545 1551 708 1623 adversus
741 1571 831 1638 eam,
866 1549 1010 1622 llberans
1044 1549 1130 1621 illam
1165 1548 1206 1621 ab
1239 1548 1434 1622 haeresibus
1472 1561 1506 1622 et
1540 1575 1560 1624 a
1594 1550 1758 1624 scandalis

335 1729 341 1740 ,
399 1671 603 1766 operantium
629 1667 842 1760 iniquitatem,
868 1668 902 1737 in
928 1664 1063 1737 saecula
1090 1664 1307 1738 saeculorum.

500 1782 675 1854 Sacerdos
713 1781 902 1852 inclinatae.
961 1778 1102 1874 Suscipe
1143 1779 1389 1855 confessionem
1426 1793 1572 1855 nostram
1618 1806 1639 1856 o
1680 1782 1759 1855 Rex

399 1910 531 1992 noster,
567 1909 600 1970 et
632 1919 693 1993 per
726 1919 801 1969 eam
827 1895 1040 1985 coucIIiatuS,
1072 1895 1334 1992 tranquillitatem
1362 1898 1448 1971 dona
1473 1897 1597 1995 populo
1624 1909 1698 1986 tuo,
1725 1909 1759 1970 et

397 2039 515 2112 pacem
540 2017 639 2110 gregi
666 2023 735 2103 tuo,
762 2021 796 2096 et
821 2013 1112 2084 conservationem
1136 2012 1624 2088 Pastomm·0rthodoxorum:
1651 2037 1758 2112 prac-

398 2137 494 2228 cipue
521 2153 604 2204 vero
631 2126 845 2201 Patriarobae
877 2131 982 2200 nostri
1013 2129 1146 2199 Domini
1179 2127 1220 2200 N.
1248 2139 1282 2200 et
1306 2131 1347 2201 D.
1374 2128 1416 2201 N.
1449 2131 1609 2228 Episcopi
1642 2134 1759 2218 nostri,

399 2271 472 2321 cum
509 2247 644 2341 reliquis
681 2244 832 2317 omnibus
872 2242 1049 2341 Episcopis
1093 2242 1307 2319 Ortbodoxis.
1359 2245 1507 2319 Verbum
1549 2246 1759 2344 praeclarum

398 2364 545 2438 concede
571 2361 649 2451 iltis,
674 2371 709 2432 ut
733 2363 789 2456 pie
809 2363 907 2453 gregi
933 2371 989 2433 tuo
1018 2372 1210 2434 ornamento
1238 2364 1314 2450 sint,
1341 2373 1375 2434 et
1399 2384 1420 2434 a
1441 2362 1590 2436 doctrina
1609 2387 1759 2437 errorum

397 2505 472 2555 eum
497 2477 703 2578 prohibeant.

337 2669 340 2684 ,
498 2598 650 2668 Electrae
674 2615 800 2688 cocao.
854 2592 924 2664 Fac
958 2613 1019 2664 eos
1055 2595 1180 2665 stantes
1212 2615 1287 2665 curn
1318 2592 1411 2666 vultu
1441 2597 1583 2690 potenti,
1611 2606 1645 2668 et
1670 2619 1757 2667 vcr-

396 2710 475 2785 bum
500 2714 650 2785 veritatis
676 2720 768 2782 recte
795 2706 1057 2782 administrantes
1084 2706 1206 2781 exhibe
1237 2707 1330 2800 illos,
1363 2721 1399 2782 ιιι
1430 2734 1556 2786 summa
1590 2711 1758 2806 diligentia

398 2827 545 2918 Illorum,
577 2849 663 2921 pace
694 2847 780 2921 quae
813 2849 832 2896 a
864 2836 898 2897 te
929 2835 998 2916 est,
1033 2827 1102 2896 vita
1137 2824 1265 2898 illorum
1293 2825 1453 2918 abundet,
1488 2837 1522 2900 et
1547 2849 1672 2922 greges
1699 2827 1757 2900 tihi

391 2947 577 3046 ¹¹acquisitos
603 2951 742 3039 pascant
768 2940 930 3014 alimentis
957 2942 1074 3014 alienis
1101 2939 1141 3013 ab
1159 2945 1249 3014 omni
1267 2941 1393 3029 lrautle,
1420 2967 1482 3039 per
1508 2949 1661 3036 gratiam,
1687 2947 1756 3016 mi-

397 3061 611 3133 remcorttam
639 3069 673 3132 et
699 3080 846 3131 amorem
872 3080 955 3151 erga
975 3058 1124 3130 homines
1150 3062 1309 3152 unigeniti
1326 3058 1401 3132 Eilii
1427 3063 1486 3151 tui,
1512 3083 1574 3156 per
1601 3083 1698 3156 quem
1725 3070 1758 3131 et

398 3198 472 3248 cum
498 3199 564 3271 quo
591 3185 624 3249 te
651 3176 759 3265 decet,
786 3183 848 3245 etc.

500 3271 661 3385 Popdtm.
714 3289 833 3362 Arnen.
884 3279 888 3286 ¹

456 3406 459 3412 ’
499 3407 673 3480 Sacerdos
698 3406 889 3477 inclinatae.
940 3405 1060 3476 lterum
1089 3404 1226 3496 dignare
1251 3406 1394 3478 Domine
1420 3411 1608 3480 meminisse
1631 3430 1757 3495 eorum,

396 3526 449 3619 qui
475 3533 718 3620 praeceperunt
743 3523 853 3610 nobts,
880 3523 973 3592 utin
999 3519 1061 3592 lrac
1087 3519 1168 3594 hora
1195 3523 1390 3593 memoriam
1417 3543 1532 3594 corum
1558 3522 1757 3597 haberemus

395 3643 429 3711 in
460 3643 584 3714 nostris
620 3639 707 3735 apud
739 3649 773 3710 te
806 3637 1029 3710 orationibus:
1062 3617 1236 3709 eteorum
1263 3634 1401 3731 quihus
1433 3636 1619 3711 oblationes
1652 3636 1757 3710 obtu-

394 3754 514 3847 lerunt,
541 3776 721 3851 eorumque
747 3777 808 3852 pro
837 3751 1099 3851 quibusoblatae
1113 3763 1204 3826 sunt:
1219 3775 1294 3824 nec
1319 3776 1386 3826 non
1404 3753 1534 3826 illorum
1553 3758 1608 3847 qui
1635 3756 1756 3828 offerre

397 3872 527 3968 quidem
551 3872 737 3960 voluerunt,
765 3868 918 3944 sednon
944 3878 1129 3965 potuerunt.

496 3989 646 4060 Eleaaao
679 4010 804 4060 cacam.
857 3985 1025 4057 Memento
1056 3986 1218 4075 Domine,
1251 3997 1285 4058 et
1318 3985 1448 4082 Illorum
1481 3989 1535 4083 qui
1574 3988 1607 4057 in
1645 3988 1754 4056 animo

396 4113 594 4195 statuerunt,
634 4115 670 4176 ut
700 4103 887 4176 Ecclesiam
921 4112 1007 4174 trram
1040 4114 1189 4176 sanctam
1223 4101 1427 4176 Catholicam
1461 4112 1495 4174 ct
1524 4099 1757 4198 Apostolicam

392 4223 548 4312 juvarent
573 4218 680 4294 verbo
709 4220 880 4292 doctrinae
907 4222 1018 4309 vitae,
1050 4228 1083 4289 et
1109 4217 1266 4315 operibus
1299 4241 1384 4314 quae
1419 4217 1462 4290 ad
1496 4222 1647 4290 verinus
1680 4229 1756 4289 tuae

324 4347 325 4352 ’
395 4335 823 4430 agnitionemconierrent,
850 4339 967 4431 eisque
993 4334 1156 4427 refugium
1183 4343 1217 4405 ot
1244 4333 1373 4426 adjutor
1400 4345 1496 4422 esto,
1520 4333 1667 4408 liberans
1694 4356 1754 4406 eos

395 4453 436 4526 ab
464 4456 552 4525 omni
579 4452 784 4546 daemonum,
810 4450 1036 4547 malorumque
1061 4449 1226 4523 bominum
1252 4461 1286 4523 et
1311 4449 1565 4524 inexorabilium
1597 4448 1757 4542 maligni-

393 4579 477 4642 tate:
504 4571 741 4665 pergratiam,
768 4551 1031 4642 misericordiam
1064 4577 1098 4638 et
1131 4589 1278 4640 amorem
1304 4589 1387 4659 erga
1423 4567 1571 4641 homines
1597 4569 1757 4658 unigeniti

394 4684 470 4757 Filii
495 4686 553 4774 tui,
581 4708 768 4782 perquem
795 4696 828 4756 et
854 4707 929 4757 cum
955 4706 1020 4781 quo
1047 4695 1081 4756 te
1108 4684 1205 4755 decet
1231 4682 1349 4775 gloria,
1376 4693 1439 4756 etc.

495 4800 670 4874 Sacerdos
695 4801 886 4872 inclinatur.
912 4799 1081 4872 Memento
1109 4803 1220 4890 etiam,
1236 4800 1390 4890 Domine,
1416 4799 1545 4871 illorum
1562 4809 1595 4871 et
1620 4797 1757 4886 illarum,

394 4919 449 5014 qui
467 4939 608 5012 regnum
635 4915 820 5015 temporale
847 4914 995 4989 obtinent
1026 4916 1190 5006 fidelium,
1215 4927 1251 4988 ut
1283 4927 1350 4988 tarn
1383 4937 1445 4988 nos
1481 4939 1579 5011 quam
1603 4915 1758 4989 illitran·

394 5033 527 5129 quillam
555 5046 589 5107 et
616 5037 759 5132 quietam
785 5035 890 5106 vitam
916 5054 1078 5126 agamus,
1105 5035 1139 5106 in
1166 5035 1255 5104 omni
1280 5036 1399 5105 timore
1425 5032 1489 5103 Dei
1515 5041 1549 5103 et
1574 5035 1733 5104 castitate.

1435 5189 1443 5208 ·
1468 5149 1518 5223 22
1532 5148 1551 5184 ⁴*
