4730 6038
599 557 777 638 crescent
802 559 1065 637 PhlliblllGthl
1090 559 1356 640 AlSlthllRlNl.
1583 559 1662 635 287

398 746 560 840 Populus.
613 747 759 840 Dignum
785 757 819 820 et
841 749 966 838 justum
992 757 1053 820 cst

398 863 574 935 Sacerdos
599 863 790 935 inclinetur.
842 863 934 934 Vere
960 861 1093 956 dignum
1121 873 1173 936 est
1199 872 1233 935 et
1261 885 1280 935 a
1307 863 1405 937 nobis
1433 863 1576 938 debitum
1604 873 1663 937 at-

295 1002 361 1076 que
388 977 430 1051 ob
458 982 547 1052 omni
573 989 737 1066 creatura,
764 987 800 1050 ut
825 989 859 1050 te
873 977 1085 1068 honoremus,
1113 979 1301 1068 adoremus,
1329 980 1555 1070 confimamur,
1582 982 1662 1054 lau-

295 1095 424 1184 demus,
451 1103 484 1167 et
510 1094 696 1169 exaltemus
723 1105 768 1184 te,
795 1097 850 1190 'qui
877 1119 898 1168 a
924 1094 1037 1167 militia
1064 1117 1208 1192 superna
1235 1094 1445 1170 benediceris
1472 1109 1507 1170 et
1531 1100 1663 1170 sancti-

294 1210 427 1301 ficaris,
462 1213 516 1283 cui
549 1209 689 1284 debetur
723 1211 851 1303 gloria,
884 1209 1008 1300 bonor,
1045 1221 1078 1283 et
1110 1210 1279 1298 adoratio,
1314 1236 1333 1284 a
1369 1210 1596 1308 superioribus
1630 1220 1664 1282 et

293 1325 520 1416 inferioribus,
547 1349 621 1398 cum
647 1325 733 1399 Filio
761 1331 815 1421 qui
843 1349 889 1398 ex
915 1337 949 1398 te
975 1330 1049 1422 ipso
1077 1337 1140 1416 est,
1168 1338 1201 1399 et
1226 1327 1351 1423 Spiritu
1378 1339 1434 1402 tuo
1461 1339 1588 1402 sancto.

399 1442 550 1515 Elecaor
574 1465 700 1514 ccccm.
754 1439 878 1515 Coram
905 1452 939 1514 te
970 1444 1114 1515 Domine
1141 1454 1229 1516 stant
1262 1455 1295 1516 et
1327 1448 1511 1518 ministrant
1545 1465 1661 1516 omnes

294 1558 431 1633 ordines
466 1561 618 1655 superni,
652 1561 739 1651 ignis
775 1568 809 1629 et
843 1561 995 1654 spiritus,
1031 1563 1085 1655 qui
1116 1559 1246 1652 gloriae
1279 1570 1357 1632 tuae
1393 1561 1533 1654 subjecti
1568 1569 1661 1632 sunt:

294 1675 421 1768 Augali
448 1677 502 1770 qui
527 1663 723 1767 glorificant,
749 1673 953 1768 Archangeli
980 1677 1034 1769 qui
1059 1676 1204 1762 laudant,
1232 1676 1421 1750 Potestates
1441 1699 1528 1772 quae
1542 1676 1662 1773 splen-

294 1791 372 1864 dida
398 1790 534 1884 fulgent,
561 1791 686 1864 Throni
713 1793 767 1885 qui
790 1791 944 1884 jubilant,
969 1794 1220 1866 Dominationes
1249 1817 1335 1888 quac
1367 1790 1548 1879 extollunt,
1575 1789 1662 1861 Vir·
1796 1813 1801 1819 ·

294 1919 383 1980 tutes
419 1929 505 2002 quac
537 1905 724 1995 celebrant,
761 1904 940 1980 Cherubim
973 1908 1145 1997 submissi,
1180 1911 1233 2004 qni
1267 1909 1467 1982 benedicunt
1499 1915 1662 1979 concentu

294 2025 500 2098 indilicienti:
533 2022 707 2118 Seraphim
741 2028 847 2096 sancti
874 2027 927 2119 qui
960 2023 1021 2095 alis
1049 2048 1111 2098 sex
1143 2027 1251 2117 igneis
1286 2021 1554 2098 immaterialibus
1589 2025 1662 2093 cir-

296 2142 481 2227 cumvecti,
517 2148 552 2210 ct
581 2139 756 2228 volantes,
788 2138 916 2213 duabus
950 2139 1054 2212 facias
1088 2163 1166 2214 suas
1201 2152 1334 2234 tagumt,
1366 2163 1449 2237 praa
1484 2136 1662 2234 splendore

295 2261 427 2331 virtutis
452 2259 635 2350 majestatis
669 2267 765 2328 tuac:
793 2255 921 2330 duabus
955 2265 1071 2350 tegunt
1104 2256 1208 2354 pedes
1245 2280 1326 2330 suos
1359 2280 1403 2330 ne
1435 2260 1547 2348 ignitis
1579 2278 1661 2328 car-

294 2373 438 2450 bonibus
466 2376 530 2446 tuis
557 2373 752 2461 adurantur,
780 2381 814 2444 et
840 2371 967 2447 duabus
993 2370 1130 2462 volant,
1163 2373 1391 2469 extolluntque
1426 2373 1522 2448 simul
1554 2395 1662 2448 voces

294 2511 393 2578 suas,
420 2501 455 2562 et
480 2488 623 2562 clamant
649 2489 733 2562 alter
759 2488 800 2560 ad
827 2489 967 2561 altarum
999 2491 1091 2562 trinis
1123 2489 1455 2578 sanctificationibus,
1487 2489 1664 2586 quaesibi

294 2609 439 2680 invicem
468 2604 661 2692 succedunt,
688 2614 722 2677 ct
748 2606 889 2679 vocibus
906 2604 1152 2703 triumphalibus
1168 2605 1384 2698 sanctificant,
1411 2607 1565 2695 clamant,
1590 2628 1663 2680 vc-

296 2722 487 2813 cilerantur,
514 2733 548 2814 et
573 2720 693 2793 dicunt.

400 2838 561 2932 Populos.
613 2839 733 2910 Amen.

399 2955 583 3026 Sacerdos.
636 2953 777 3026 Sanctus
803 2954 897 3026 Deus
924 2955 1025 3026 Pater
1052 2958 1183 3048 genitor
1208 2956 1292 3029 lucis
1319 2966 1494 3028 aeternae:
1521 2955 1663 3028 Sanctus

296 3076 396 3145 etiam
423 3072 527 3144 Filius
555 3081 710 3143 aeternus
738 3073 792 3166 qni
820 3093 865 3141 ex
891 3075 964 3142 sinu
991 3071 1147 3164 virginali
1182 3084 1315 3164 sancte,
1351 3081 1385 3143 et
1418 3068 1664 3166 impassibiliter

296 3199 394 3262 nahts
427 3199 495 3260 est:
528 3187 671 3260 Sanctus
697 3187 792 3258 Deus
819 3186 962 3282 Spiritus
998 3187 1190 3274 vivificans,
1228 3193 1283 3283 qui
1316 3199 1451 3261 sanctos
1488 3190 1663 3260 sanctitate

292 3305 426 3401 perlicit
461 3313 494 3375 et
527 3312 747 3376 consummat:
785 3304 839 3398 qui
868 3313 919 3374 ter
946 3313 981 3374 et
1005 3305 1118 3390 unice,
1145 3313 1245 3398 atque
1271 3302 1553 3398 inseparabiliter,
1580 3323 1664 3372 unus

298 3419 340 3492 ab
368 3423 526 3493 universo
553 3419 637 3492 orbe
664 3423 875 3511 agnoscitur,
910 3430 943 3491 et
968 3439 1052 3490 rinus
1087 3423 1120 3490 in
1154 3420 1257 3493 tribus
1287 3423 1445 3492 noscitur.
1499 3417 1665 3504 Quicum

298 3557 406 3629 genus
432 3546 581 3608 nostrum
607 3535 747 3607 vidisset
771 3535 950 3630 perditum,
978 3546 1011 3606 et
1038 3559 1057 3606 a
1084 3534 1192 3607 bestia
1219 3536 1304 3608 mala
1330 3534 1490 3632 spirituali
1515 3533 1664 3630 deprac-

300 3653 424 3742 datum,
450 3654 653 3743 unigenitum
677 3652 792 3724 Deum'
811 3653 898 3724 misit
924 3649 967 3722 ad
983 3651 1121 3724 saltitem
1136 3655 1227 3743 ejus:
1254 3654 1367 3748 quiex
1393 3652 1516 3748 Spiritu
1535 3659 1664 3738 sancto,
1754 3741 1757 3748 .

299 3779 334 3840 et
358 3768 501 3859 Virgine
527 3770 716 3839 incarnatus
743 3777 778 3838 et
803 3777 897 3839 natus
926 3777 989 3856 cst,
1020 3761 1034 3799 ²
1061 3770 1230 3840 nativitate
1257 3768 1382 3839 carnali
1405 3777 1440 3839 et
1465 3788 1532 3839 non
1554 3764 1665 3860 phan-

255 3964 259 3970 ,
299 3887 435 3972 testica,
462 3885 635 3978 extititque
661 3881 811 3978 perfecte
844 3881 947 3954 Filius
978 3881 1135 3972 hominis,
1171 3884 1262 3958 Deus
1289 3889 1416 3956 interea
1443 3880 1570 3978 absque
1596 3884 1665 3952 im-

299 4004 479 4072 mutatione
505 4020 718 4096 permanens,
747 4002 857 4072 omnia
884 3998 926 4070 ad
954 4000 1094 4074 salutem
1126 4009 1273 4073 nostram
1307 3999 1486 4096 disponens
1520 4009 1554 4070 ct
1579 4017 1665 4092 per-

299 4117 423 4190 licians.
734 4123 736 4130 ’

403 4233 554 4304 Eteonos
585 4254 711 4304 uocem.
766 4231 829 4318 Qui
872 4253 945 4304 cnm
980 4233 1025 4302 ita
1057 4232 1239 4318 uoluisset,
1272 4232 1451 4305 secundum
1488 4232 1666 4304 salutarem

300 4369 393 4420 suam
428 4347 730 4444 dispensationem,
774 4355 850 4418 ante
884 4349 1075 4443 passionem
1109 4369 1203 4420 suam
1237 4348 1404 4420 vivificam
1444 4339 1458 4382 ³
1492 4357 1666 4444 postquam

301 4463 397 4537 simul
423 4487 497 4536 cum
525 4462 692 4560 discipulis
719 4464 788 4536 suis
817 4485 938 4554 agnum
964 4462 1054 4535 illum
1080 4464 1265 4536 Massicum
1293 4463 1444 4561 epulatus
1470 4473 1574 4551 esset,
1601 4485 1666 4534 ac-

300 4583 390 4674 cepit
424 4601 542 4675 panem
578 4582 668 4652 vitae
701 4582 735 4650 in
761 4600 877 4651 manus
904 4601 984 4652 suas
1015 4601 1117 4674 puras
1144 4589 1178 4652 et
1209 4579 1454 4666 immaculatas,
1494 4585 1516 4662 †
1554 4575 1667 4648 bane-

300 4695 444 4770 dictiona
469 4693 652 4784 benedixit,
679 4701 700 4777 †
727 4704 760 4766 et
787 4695 1005 4768 sanctificavit
1037 4702 1059 4778 †
1086 4717 1180 4784 eum,
1207 4695 1308 4788 fregit
1334 4708 1367 4769 et
1393 4694 1525 4767 tradidit
1550 4695 1668 4766 socie-

300 4814 358 4883 tati
384 4811 603 4907 Apostolicaa
630 4811 768 4884 dicens:
796 4810 963 4906 Accipite,
988 4811 1202 4884 manducate:
1238 4811 1330 4884 Vere
1361 4811 1424 4887 hoc
1457 4821 1509 4886 est
1544 4828 1667 4904 corpus

300 4949 428 5016 mcum,
462 4928 551 5022 mund
575 4950 637 5024 pro
664 4925 776 4998 mundi
802 4929 872 5000 vita
907 4927 1071 5020 frangitur
1106 4938 1141 4999 et
1167 4927 1338 5020 dividitur,
1370 4933 1404 5003 in
1439 4929 1668 5001 remissionem

299 5053 525 5140 peccatomm,
552 5044 630 5116 illud
657 5043 920 5139 suscipientibus.
