4782 6068
627 511 702 586 sae
859 607 876 630 ,Ι
1116 489 1473 590 rrrurtoru

626 705 702 788 tum,
729 705 767 771 nt
790 702 827 772 in
840 700 950 774 Misso
976 705 1072 794 εψιιε
1095 701 1285 771 versionem
1310 697 1418 770 edidit
1441 697 1590 772 Alecirm
1604 699 1784 772 nomem.
1821 699 1903 771 Cum
1927 701 1992 774 atii

625 815 763 888 codices
787 839 856 888 non
880 821 1108 910 suppeterent,
1133 814 1200 887 hoc
1225 814 1302 887 loco
1329 817 1514 887 asteriscos
1538 815 1693 909 desectos
1717 819 1850 890 indices
1875 840 1991 912 oppo-

624 955 709 1005 nere
733 937 839 1004 omum
863 938 925 1006 εει.
952 931 1100 970 ******

727 1049 818 1123 Laus
843 1051 967 1122 nomini
992 1059 1049 1121 tuo
1077 1057 1194 1121 sancto
1219 1048 1378 1120 Domine:
1404 1051 1442 1117 nt
1465 1070 1581 1140 supro.

728 1165 904 1237 Sacerdos
935 1165 1109 1238 oamdator
1142 1163 1289 1236 hostiam
1319 1167 1355 1233 in
1385 1162 1517 1234 modom
1550 1157 1682 1254 cinam,
1721 1169 1774 1239 ita
1807 1175 1918 1240 tamen
1955 1175 1993 1241 nt

624 1281 721 1353 iahia
754 1288 827 1374 ειεε
857 1283 905 1352 ad·
929 1304 1005 1352 eom
1039 1303 1109 1352 non
1138 1283 1353 1375 pertinpont,
1380 1278 1442 1352 aed
1471 1283 1571 1374 qumi
1596 1279 1800 1354 osmdando:
1833 1291 1868 1356 ot
1898 1285 1991 1356 dicit.

626 1397 741 1471 Gloria
776 1397 835 1470 tihi
866 1397 1010 1470 Domine
1016 1423 1031 1484 ,·
1061 1395 1263 1504 gloria-tihi
1286 1396 1446 1482 Domine,
1480 1405 1619 1493 propter
1644 1395 1765 1471 donum
1793 1408 1882 1474 tuum
1908 1421 1992 1492 erga

623 1537 686 1589 nos
712 1511 953 1602 inenarrabile,
979 1517 1013 1585 iu
1039 1511 1184 1587 saecula.
1867 1575 1871 1597 ,

706 1625 760 1664 ·¹⁷
792 1631 884 1701 Tunc
910 1630 1047 1702 accedit
1072 1631 1119 1701 od
1143 1628 1278 1701 hostiae
1300 1630 1521 1722 fractionem
1546 1651 1646 1722 quam
1661 1630 1823 1703 omhchos
1838 1630 1993 1702 manibus

499 1745 504 1750 ’
620 1750 711 1842 facit
737 1747 863 1819 dicens
914 1746 1116 1820 Accedimus
1143 1745 1286 1818 Domine
1312 1766 1385 1815 oum
1421 1743 1486 1816 lide
1512 1767 1613 1834 vera,
1640 1745 1891 1842 frangimusque
1917 1769 1992 1818 cum

625 1862 858 1950 confessione,
889 1873 923 1934 et
955 1866 1126 1954 signamus
1157 1882 1219 1957 per
1250 1860 1512 1932 misericordiam
1544 1871 1648 1948 tuam,
1682 1883 1806 1958 corpus
1839 1871 1874 1934 et
1906 1883 1991 1934 san-

625 1981 757 2072 guinem
784 1977 1003 2052 vivificatoris
1036 1979 1141 2052 nostri
1166 1976 1249 2050 lesu
1275 1973 1413 2064 Christi,
1440 1979 1475 2047 in
1500 1980 1635 2050 nomine
1650 1976 1758 2052 Patris
1784 1987 1819 2050 et
1843 1977 1938 2072 Filii,
1959 1986 1993 2054 et

623 2095 766 2192 Spiritus
792 2097 907 2169 sancti.

727 2213 774 2284 Et
799 2215 975 2284 nominoio
1005 2210 1192 2300 Trinitate,
1215 2211 1350 2306 fronpit
1374 2209 1521 2282 hostiam
1534 2232 1634 2306 qnam
1648 2210 1802 2283 manihma
1827 2216 1930 2301 tenet,
1955 2215 1992 2284 im

624 2329 710 2400 dana
738 2334 880 2422 partem
919 2333 954 2399 ει
987 2349 1062 2398 eom
1093 2349 1181 2420 qnae
1217 2332 1269 2398 εει
1301 2329 1337 2395 in
1363 2349 1464 2396 manu
1503 2331 1575 2417 qus
1605 2329 1748 2398 sinistm
1782 2329 1922 2422 deponit
1953 2332 1990 2399 in

622 2445 738 2516 disco:
763 2445 877 2516 altera
903 2466 1001 2539 qoam
1026 2465 1127 2512 monn
1153 2441 1280 2513 decha
1306 2445 1558 2535 tenet,.aipnot
1584 2443 1725 2513 calicem
1750 2442 1877 2516 dicens.
1930 2443 1992 2516 Si-

624 2568 746 2652 guatur
771 2562 908 2652 sanguis
933 2561 1101 2655 pretiosus
1129 2579 1274 2654 corpora
1306 2566 1421 2631 sancto
1447 2558 1579 2631 Domini
1610 2552 1717 2632 n'ostri
1749 2557 1838 2635 lesu
1860 2557 1991 2636 Christi.

623 2677 661 2748 ln
686 2678 820 2750 nomine
845 2676 966 2763 PatrIs,
992 2686 1027 2748 et
1051 2673 1140 2762 Filii,
1167 2683 1201 2745 et
1226 2672 1368 2770 Spiritus
1394 2676 1501 2750 sancti
1526 2676 1561 2747 iu
1587 2674 1732 2748 saecrrla.
1855 2759 1857 2766 s

727 2789 775 2861 Et
799 2791 1015 2885 respondent.
1066 2790 1188 2863 Amen.

734 2906 814 2979 Tum
839 2909 977 3003 intinpit
1003 2928 1078 2978 eam
1111 2927 1216 3000 nsque
1242 2907 1289 2977 od
1313 2885 1456 2977 medinm
1482 2910 1519 2976 in
1545 2907 1675 2996 calice,
1715 2915 1751 2980 et
1779 2911 1894 3004 siparat
1919 2933 1992 2981 mon

625 3047 669 3096 eo
702 3048 827 3118 corpus
862 3023 952 3119 qood
982 3027 1033 3095 ert
1066 3026 1102 3093 in
1129 3028 1259 3116 patena
1294 3021 1420 3094 dicem.
1481 3021 1642 3116 Signatur
1681 3044 1803 3119 corpus
1843 3038 1990 3099 sanctum

625 3145 789 3234 sanguina
823 3140 1053 3238 propitiatorio
1079 3139 1213 3212 Domini
1239 3140 1347 3212 nostri
1373 3137 1456 3209 lesu
1483 3136 1615 3211 Christi.
1646 3140 1684 3212 ln
1710 3142 1844 3213 nomine
1870 3143 1992 3234 Patris,

624 3267 658 3329 et
681 3254 768 3344 Filii,
795 3268 829 3331 et
855 3257 997 3352 Spiritus
1023 3259 1139 3344 sancti,
1165 3259 1199 3327 in
1226 3253 1370 3328 saecula.

725 3375 774 3446 Et
797 3375 1014 3468 respondent.
1064 3373 1186 3446 Arnen.

732 3491 977 3586 Conjnnpitqne
1009 3489 1127 3560 ambas
1156 3493 1298 3582 partes,
1331 3511 1432 3559 anam
1458 3511 1533 3559 cum
1557 3487 1671 3560 attera
1697 3490 1822 3563 ιιιεεεε.
1874 3493 1995 3568 Divisa

622 3619 716 3696 sunt,
751 3606 973 3694 sanctificata,
1009 3602 1186 3702 completa,
1211 3603 1381 3700 perfecta,
1413 3607 1521 3690 unita,
1557 3612 1591 3675 et
1623 3607 1797 3677 commista
1829 3613 1990 3704 mysteria

546 3741 554 3754 ³
621 3722 706 3795 haec
732 3723 918 3820 praeclara,
945 3731 1079 3810 sancta,
1111 3719 1312 3793 vivificantia
1347 3730 1380 3790 et
1409 3719 1538 3808 divina,
1571 3742 1668 3795 unum
1703 3744 1777 3794 cum
1804 3723 1931 3814 altero,
1956 3729 1990 3799 iu

621 3843 755 3912 nomine
782 3837 953 3913 adorando
981 3847 1015 3909 et
1040 3835 1193 3930 glorioso
1220 3835 1390 3908 Trinitatis
1417 3847 1494 3909 tuae
1519 3835 1692 3929 gloriosae
1716 3839 1829 3928 Pater,
1855 3843 1930 3933 Fili,
1957 3853 1991 3916 et

621 3955 764 4052 Spiritus
798 3964 932 4044 sancte,
964 3963 1000 4025 ut
1027 3955 1092 4028 sint
1122 3950 1220 4024 nohis
1246 3953 1390 4025 Domine
1425 3956 1459 4024 in
1482 3957 1751 4051 propitiationem
1783 3953 1989 4044 delictorum,

621 4081 656 4143 et
682 4074 913 4146 remissionem
939 4077 1173 4166 peccatorum,
1209 4070 1244 4140 in
1271 4090 1364 4165 spem
1391 4091 1525 4165 quoque
1550 4092 1705 4163 maguam
1736 4076 1990 4147 resurrectionis

571 4205 577 4219 ·
622 4211 643 4260 a
676 4191 834 4276 mortuis,
869 4197 903 4259 et
933 4189 1025 4259 vitae
1050 4206 1163 4260 novae
1192 4186 1227 4256 in
1263 4206 1370 4278 regno
1403 4179 1591 4273 coelorum',
1623 4186 1720 4260 nohis
1754 4197 1788 4260 et
1813 4187 1989 4262 Ecclesiae

623 4314 761 4378 sauctae
789 4303 910 4378 Christi
942 4301 1075 4376 Domini
1100 4303 1225 4388 nostri,
1264 4303 1340 4374 istic
1373 4311 1407 4373 et
1432 4305 1467 4373 in
1494 4323 1699 4398 quacumque
1725 4307 1875 4396 regione,
1902 4324 1989 4376 nuuc

622 4429 657 4492 et
682 4443 826 4516 semper,
853 4432 887 4493 et
912 4423 947 4492 in
972 4419 1108 4492 saecula
1135 4417 1354 4492 saeculorum.
1954 4415 1960 4428 '

725 4538 866 4610 Interea
890 4540 1004 4632 sipont
1029 4535 1175 4607 hostiam
1197 4532 1325 4627 pollice
1351 4534 1475 4605 dentro
1493 4535 1530 4604 in
1551 4538 1699 4628 fanornm
1712 4538 1837 4627 mucia,
1864 4536 1908 4608 ah
1927 4540 1987 4608 in-

619 4657 747 4747 feriori
770 4659 873 4746 porte
899 4654 946 4724 ad
970 4653 1191 4746 superiorem,
1218 4657 1254 4721 et
1278 4673 1302 4721 a
1327 4649 1454 4722 ὀεειεα
1485 4650 1532 4721 ad
1565 4653 1762 4738 sinistram,-
1795 4659 1830 4723 et
1854 4656 1907 4724 ita
1930 4651 1987 4724 le·

621 4792 695 4840 cem
724 4773 882 4864 &soram
913 4771 950 4840 in
982 4790 1026 4839 eo
1052 4771 1203 4861 format,
1242 4789 1311 4862 qno
1339 4773 1443 4864 porte
1474 4769 1621 4838 intincto
1650 4773 1703 4839 εει
1740 4771 1778 4840 in
1814 4771 1989 4865 ampuriae

622 4887 765 4958 Partem
790 4892 862 4978 ejus
887 4887 988 4956 nrittit
1013 4888 1049 4954 in
1076 4882 1230 4976 calicem,
1256 4886 1292 4955 in
1314 4887 1461 4978 sormam
1483 4885 1614 4956 mucis:
1635 4907 1722 4977 pars
1746 4888 1894 4980 inferior
1913 4905 1988 4980 po-

622 5004 694 5074 sita
717 5008 769 5074 εει
794 5024 911 5074 cereus
935 4999 1177 5088 Sacerdotem,
1212 5003 1370 5096 superior
1400 5023 1518 5072 cereus
1552 4999 1711 5091 calicem,
1745 5005 1797 5074 ito
1810 5081 1815 5101 ,
1830 5009 1867 5074 nt
1893 5001 1989 5073 locus
