4730 6038
635 602 710 677 292
1141 601 1497 679 LITURGIA

637 794 692 886 qui
719 790 840 862 cultum
865 792 930 863 Dei
956 789 1201 877 stabiliverunt,
1237 809 1352 860 eorum
1380 790 1435 884 qui
1461 791 1632 882 angustias
1659 799 1692 860 et
1718 792 1883 864 cruciatus
1909 792 2000 867 mul-

634 917 688 980 tos
721 928 783 1003 pro
815 905 970 979 Ecclesia
1003 915 1058 978 tua
1085 915 1201 976 sancta
1235 906 1327 999 passi
1361 914 1436 984 sunt
1471 913 1505 975 et
1537 907 1759 980 sustinuerunt
1792 917 1826 978 et
1855 909 1999 1004 populos

636 1021 753 1096 atheos
794 1022 838 1094 ad
874 1023 1104 1095 adorationem
1143 1023 1188 1092 tui
1227 1030 1479 1110 converterunt,
1521 1025 1787 1119 superstitionem
1827 1024 1999 1097 Judaieam

635 1137 903 1230 confutaverunt,
930 1149 964 1210 et
989 1137 1197 1230 garmlitates
1223 1136 1465 1210 haereticorum
1490 1135 1700 1230 refellenmt,
1725 1138 1824 1211 iidem
1855 1150 1999 1237 aposto-

633 1253 732 1326 licam
758 1255 1046 1351 praedicavenmt,
1074 1256 1283 1348 omniumque
1307 1249 1458 1325 bostrum
1485 1256 1611 1326 animas
1643 1257 1677 1325 in
1710 1263 1743 1326 te
1769 1254 1999 1329 confirmave-

634 1379 725 1442 runt:
759 1381 794 1442 ut
819 1393 880 1467 per
907 1375 1076 1444 orationes
1107 1391 1223 1441 eorum
1253 1373 1346 1464 pias,
1381 1379 1516 1442 avertas
1550 1392 1569 1441 a
1603 1367 1699 1442 nobis
1731 1393 1848 1445 omnes
1883 1376 1998 1465 virgas

633 1485 767 1574 furoris,
795 1498 829 1558 et
854 1491 1053 1560 tentationes
1081 1483 1246 1574 difficiles;
1274 1485 1538 1582 tranquillitatem
1572 1494 1606 1557 et
1636 1509 1755 1581 pacem
1790 1510 1876 1582 quae
1910 1513 1930 1560 a
1965 1499 1999 1561 to

636 1615 698 1689 est,
725 1602 875 1675 concede
901 1603 1013 1676 nohis:
1041 1615 1076 1675 et
1099 1612 1232 1699 praesta
1258 1601 1355 1675 nohis
1388 1612 1424 1673 ut
1450 1589 1520 1673 vita
1552 1600 1651 1674 beata
1676 1600 1905 1697 perfruamur,
1938 1624 2000 1698 per

636 1741 751 1791 eorum
777 1718 1049 1808 obsecrationes,
1085 1723 1159 1812 qrria
1187 1729 1221 1789 tu
1246 1717 1371 1806 honus,
1399 1727 1432 1788 et
1457 1718 1579 1788 multae
1605 1717 1855 1790 misericordiae
1881 1728 1916 1791 et
1941 1717 1999 1792 tibi

635 1835 776 1929 gloriam
803 1834 990 1924 referimus,
1017 1845 1051 1907 et
1076 1838 1245 1927 unigenito
1272 1834 1357 1906 Filio
1386 1845 1454 1923 tuo,
1481 1844 1515 1910 et
1540 1834 1674 1930 Spiritui
1701 1844 1816 1908 sancto
1842 1843 1909 1908 tuo.

740 1951 903 2045 Populus.
951 1953 1070 2024 Amen.
1358 2047 1362 2054 .

738 2067 914 2140 Sacerdos
937 2067 1129 2138 inclinatae.
1181 2067 1303 2140 lterum
1329 2074 1496 2138 memento
1523 2065 1664 2138 Domine
1697 2089 1813 2140 conum
1844 2068 1999 2158 omnium,

636 2189 692 2280 qui
718 2183 759 2257 ab
786 2184 938 2273 Adamo,
965 2181 1029 2255 huc
1055 2205 1180 2276 usque,
1207 2181 1355 2255 moribus
1382 2184 1451 2254 suis
1486 2179 1544 2253 tibi
1578 2181 1791 2277 placuerunt,
1826 2193 1860 2256 et
1891 2184 1933 2256 ad
1966 2194 2002 2257 to

635 2299 777 2397 proiecti
804 2311 894 2372 sunt:
920 2303 1100 2394 praecipue
1126 2320 1210 2370 varo
1237 2319 1354 2369 eorum
1380 2299 1434 2391 qui
1467 2298 1641 2393 praeclare
1672 2301 1941 2372 ministraverunt
1967 2309 2002 2372 at

636 2420 825 2491 servienmt
851 2437 965 2488 coram
991 2423 1040 2486 te:
1077 2412 1294 2486 sacerdotum
1327 2411 1488 2502 bdelium,
1522 2416 1576 2507 qui
1608 2413 1888 2512 dispensationem
1917 2439 2000 2512 my·-

637 2534 814 2606 steriorum
840 2541 969 2602 tuorum
995 2529 1192 2602 Sanctorum
1219 2531 1428 2602 commissam
1462 2551 1544 2600 suae
1576 2529 1652 2602 lidei
1684 2530 1885 2606 habuerunt:
1911 2534 2001 2605 Dia-

638 2668 863 2740 conommqua
890 2649 946 2741 qui
979 2649 1105 2718 animas
1132 2667 1210 2718 suas
1237 2659 1271 2719 at
1295 2645 1409 2740 populi
1442 2648 1488 2716 tui
1519 2644 1625 2718 fidelis
1660 2647 1935 2742 purificaverunt,
1967 2659 2002 2720 et

638 2767 727 2835 omni
753 2762 867 2835 Ordini
893 2766 948 2857 qui
973 2765 1154 2834 ministerio
1182 2760 1380 2834 sacerdotali
1406 2759 1559 2854 alligatus
1586 2771 1657 2853 est,
1684 2775 1860 2836 eteorum
1886 2766 1942 2857 qui
1967 2765 2001 2834 in

636 2878 702 2952 lide
741 2889 834 2950 recta
875 2890 930 2952 ora
966 2880 1183 2950 consummati
1223 2888 1313 2950 sunt:
1345 2881 1491 2950 maxime
1524 2899 1607 2950 vero
1647 2879 1778 2951 Patrum
1811 2889 2000 2952 nostrorum

637 2993 861 3090 corporalium
889 3003 923 3067 et
948 2993 1180 3091 spiritualium,
1208 3015 1388 3088 eorumque
1416 3017 1554 3089 quorum
1580 2995 1687 3067 nullus
1714 3007 1766 3070 est
1797 2999 1852 3090 qui
1877 2999 2000 3070 memi—

637 3115 740 3199 nerit,
767 3111 829 3184 sed
854 3123 907 3184 ast
932 3110 1019 3206 apud
1045 3121 1079 3182 te
1105 3130 1220 3183 eorum
1247 3113 1527 3182 commemoratio.

741 3228 891 3300 Electrae
915 3250 1041 3300 vocem.
1093 3228 1196 3320 Igitur
1221 3249 1283 3323 per
1307 3225 1498 3323 praeclaras
1516 3229 1746 3301 miserationes
1773 3238 1858 3318 tuas,
1885 3249 2001 3300 eorum

638 3344 831 3418 recordatus
857 3344 1019 3434 Domino,
1055 3347 1146 3416 etin
1179 3347 1253 3416 siun
1278 3341 1435 3416 Abrahae
1469 3347 1612 3439 quietem
1643 3344 1706 3419 illis
1741 3356 1935 3440 praestans,
1967 3356 2001 3418 et

638 3460 682 3544 ad
707 3483 858 3534 mensam
883 3459 971 3534 illam
998 3471 1087 3533 tuam
1113 3458 1351 3552 intelligibilem
1377 3482 1437 3533 cos
1465 3459 1650 3548 collocans,
1677 3483 1741 3532 nec
1768 3481 1836 3534 non
1861 3470 2000 3557 peccata

637 3560 767 3650 illorum
792 3579 1074 3672 praetermittens,
1101 3579 1261 3672 propitius
1289 3586 1362 3648 asto
1394 3575 1459 3648 illis
1493 3587 1630 3673 propter
1662 3579 1892 3651 miserationes
1926 3589 2000 3652 tuas

638 3693 774 3781 multas,
802 3704 836 3765 et
861 3717 923 3768 nos
951 3703 985 3765 et
1010 3693 1085 3768 illos
1112 3693 1233 3786 dignos
1265 3691 1358 3764 effice
1393 3691 1516 3785 gaudio
1548 3693 1605 3765 illo
1637 3691 1868 3782 indefectibili,
1901 3703 1937 3766 ut
1968 3697 2001 3766 in

638 3808 826 3882 habitaculo
853 3809 973 3900 heato,
999 3814 1033 3881 in
1059 3809 1168 3903 gloria
1194 3820 1382 3882 sanctorum
1409 3819 1538 3882 brorum
1564 3809 1733 3882 laetamur.
1785 3807 1908 3901 Etiam
1925 3810 2001 3883 inde

638 3929 869 3999 remissionem
894 3929 1153 4022 insipientiarum
1178 3935 1367 3998 nostraurm
1392 3924 1489 3999 nohis
1515 3924 1681 4015 concede,
1708 3929 1783 4021 qnia
1810 3925 1917 3998 nullus
1950 3937 2002 4000 est

639 4046 695 4136 qui
720 4046 814 4114 vivat
840 4053 874 4114 et
898 4065 966 4116 non
991 4053 1128 4138 peccet,
1155 4053 1211 4115 aut
1236 4063 1337 4137 purus
1364 4045 1407 4114 sit
1433 4066 1452 4115 a
1479 4041 1633 4116 sordibus
1659 4052 1693 4114 et
1706 4041 1842 4115 macariis
1861 4046 2001 4138 peccati,

639 4160 704 4230 nisi
738 4180 821 4229 unus
854 4157 947 4232 solus
979 4159 1140 4231 Dominus
1175 4159 1267 4231 Deus
1307 4168 1341 4229 et
1374 4157 1533 4231 Salvator
1564 4170 1680 4232 noster
1716 4158 1816 4234 lesus
1852 4155 2001 4232 Christus

639 4277 827 4367 unigenitus
853 4274 938 4349 blius
964 4286 1060 4365 tuus,
1085 4298 1146 4372 per
1172 4297 1267 4370 quem
1294 4296 1358 4347 nos
1390 4297 1520 4371 quoque
1552 4277 1783 4352 miserationes
1818 4297 2002 4371 speramns.

743 4390 905 4484 Populus.
957 4394 1077 4466 Amen.

745 4505 933 4579 Diaconos.
986 4507 1139 4594 Quietem
1163 4515 1308 4604 praesta.

743 4621 927 4696 Sacerdos.
981 4623 1133 4710 Quietem
1157 4632 1292 4720 praesta
1322 4621 1484 4713 Domine,
1518 4625 1707 4714 animabus,
1740 4622 1936 4720 corporibus
1968 4631 2004 4695 et

641 4736 808 4832 spiritibus
835 4761 950 4812 eorum
977 4743 1121 4814 omnium
1153 4742 1207 4835 qui
1232 4749 1413 4835 praecepto
1440 4750 1497 4812 tuo
1523 4740 1653 4814 liberati
1683 4740 1725 4813 ab
1758 4739 1822 4812 hoc
1854 4737 2001 4828 sacculo,

640 4856 677 4925 iu
710 4851 774 4926 lide
814 4854 1000 4929 orthodoxa
1034 4856 1077 4928 ad
1111 4865 1144 4928 tc
1178 4859 1421 4948 migraverunt:
1459 4878 1522 4928 nac
1557 4856 1716 4930 ascendat
1747 4855 2002 4953 chirographum

642 4981 856 5066 peccatorum
890 4973 1020 5046 illorum
1055 4983 1088 5046 et
1117 4983 1323 5063 nostrorum,
1357 4970 1399 5044 ad
1429 4971 1586 5066 judicium
1618 4982 1761 5066 rectum,
1795 4977 1830 5048 in
1864 4975 1917 5046 die
1946 4972 2002 5046 illa

642 5085 814 5160 demenda
840 5087 1081 5180 retributionis,
1107 5087 1168 5163 sed
1192 5111 1254 5186 per
1286 5087 1519 5161 abundantiam
1552 5091 1682 5182 gratim
1716 5100 1808 5181 tuae,
1842 5092 2002 5187 propitius
