4730 6038
554 523 631 599 tto
1120 527 1351 604 NOTAE

554 715 615 772 tam
637 709 693 772 sub
717 707 913 773 Constantino
941 727 1051 794 magno
1080 709 1197 772 vixisse
1218 711 1337 774 scribit:
1368 719 1397 774 at
1425 712 1458 774 in
1487 709 1598 775 Codice
1625 730 1712 792 meo,
1742 713 1916 779 emendatus

528 816 602 871 1est
624 808 746 871 alterius
770 809 913 872 doctioris
936 827 1024 872 manu
1045 809 1094 871 bic
1116 809 1214 888 locus,
1236 818 1268 872 et
1296 811 1478 874 lbeodociae
1498 815 1606 892 jtreior
1634 831 1691 894 pro
1720 811 1916 877 Constantino

552 910 716 989 repositus.

265 997 324 1053 Μ
343 1003 387 1053 ⁵²·
639 1009 773 1070 Vocatur
802 1014 899 1070 autem
922 1026 940 1070 a
962 1006 1087 1072 Socrate
1117 1017 1149 1070 et
1170 1009 1339 1072 sozomeno
1361 1008 1531 1091 Episcopus
1552 1009 1805 1092 Mesopotamiae,
1833 1009 1915 1074 nullo

266 1087 440 1155 “mm
455 1106 482 1158 Ρ·
491 1089 537 1141 91.
553 1107 694 1187 adjuncto
717 1105 800 1168 urbis
822 1108 956 1170 nomine:
979 1127 997 1171 a
1018 1107 1124 1170 Photio
1136 1109 1306 1189 Episcopus
1323 1107 1576 1188 Sopbarenorum‚
1600 1109 1799 1174 ebArabibus
1822 1109 1914 1192 vulgo

552 1207 721 1288 Episcopus
743 1205 939 1286 Miasarelrin:
966 1207 997 1268 in
1020 1206 1180 1271 codicibus
1203 1206 1275 1270 Mss.
1298 1205 1484 1287 quibusdem,
1506 1207 1698 1289 Metropolim
1721 1209 1918 1286 racemos,

552 1307 584 1368 in
606 1305 671 1368 aliis
696 1304 869 1368 Catholicae
890 1303 1032 1371 Orientis.
1086 1305 1155 1388 Syri
1176 1307 1206 1368 in
1230 1304 1383 1369 Cenonum
1404 1307 1606 1369 vetustissima
1636 1307 1822 1372 Collectione
1844 1309 1915 1372 Me-

551 1404 723 1486 tropolilam
752 1403 916 1484 Misrectea
943 1412 1063 1484 vocent,
1094 1425 1171 1487 quae
1199 1423 1261 1468 vox
1290 1406 1395 1468 eadem
1423 1413 1470 1468 est
1498 1424 1535 1468 ac
1561 1407 1692 1494 Arabica
1719 1407 1913 1488 Miesarcia'a.

551 1505 706 1586 Torquent
733 1523 767 1567 se
797 1504 854 1566 viri
881 1503 1044 1567 doctissimi
1074 1504 1112 1567 de
1134 1504 1185 1567 ille
1213 1503 1412 1586 Episcopatu,
1441 1523 1507 1566 cum
1535 1505 1672 1587 plerique
1702 1505 1854 1570 Takritam
1883 1515 1914 1570 et

550 1603 776 1668 mielerekinam
798 1621 895 1684 aeque
917 1605 1058 1687 ignorare
1081 1621 1116 1666 se
1139 1603 1297 1668 fateantur.
1345 1604 1411 1666 Nec
1439 1605 1536 1667 minor
1562 1607 1700 1686 quaestio
1722 1614 1769 1668 est
1790 1606 1830 1670 de
1853 1604 1914 1668 So-

550 1704 650 1785 phene
672 1709 704 1765 et
726 1701 902 1784 Sapharena
923 1703 1051 1784 regione
1074 1703 1158 1784 cujus
1179 1702 1285 1764 limites
1299 1710 1458 1783 postquem
1472 1705 1698 1784 magnelabore
1721 1723 1761 1767 ex
1781 1705 1911 1786 antiquis

551 1801 741 1886 Geopraphis
764 1804 917 1866 constituti
939 1809 1019 1880 sunt,
1040 1802 1092 1864 ubi
1123 1811 1334 1882 comparantur
1356 1820 1422 1866 cum
1445 1803 1595 1884 sequioris
1618 1803 1686 1866 aevi
1712 1803 1911 1884 scriptoribus

550 1903 685 1979 Graecis,
708 1899 804 1982 Syris,
835 1908 866 1964 et
886 1900 1055 1978 Arabibus,
1088 1901 1282 1983 conjecturae
1309 1919 1406 1982 prope
1434 1919 1538 1966 omnes
1566 1903 1655 1964 etiem
1683 1901 1911 1966 verisimiliores

550 2009 744 2065 evanescunt
790 2001 871 2062 Talis
894 2002 971 2064 enim
994 2019 1052 2082 per
1074 2001 1213 2062 continue
1236 2000 1394 2074 Persarum
1415 2009 1446 2062 et
1468 2001 1668 2064 Romanorum
1689 2001 1779 2078 bella,
1801 2001 1910 2065 deinde

547 2121 606 2184 per
628 2101 762 2164 Arabum
784 2100 1015 2164 dominationem
1037 2101 1159 2162 mutatio
1188 2118 1288 2161 rerum
1317 2099 1396 2162 lacta
1418 2108 1474 2178 est,
1498 2109 1542 2162 tot
1562 2100 1654 2163 urbes
1678 2100 1817 2163 celebres
1840 2099 1911 2163 iun-

548 2200 626 2273 ditus
649 2203 783 2278 excisae,
805 2207 839 2262 ut
860 2200 932 2262 nibil
955 2200 1031 2262 certi
1053 2199 1090 2261 de
1113 2217 1215 2260 earum
1238 2201 1349 2261 situel
1372 2201 1491 2282 origine
1513 2199 1649 2262 alimen
1671 2207 1771 2282 queat.
1805 2199 1911 2282 Neque

547 2301 643 2365 minus
665 2301 795 2364 obnoxie
826 2299 880 2362 luit
914 2298 1069 2361 mutationi
1098 2298 1378 2361 Ecclesiasticarrun
1405 2301 1626 2381 provinciarum
1655 2299 1776 2379 antique
1803 2297 1910 2378 iorme,

546 2401 723 2481 praesertim
758 2419 799 2463 ex
835 2416 896 2480 quo
923 2393 1095 2460 Nestoriani
1128 2405 1160 2459 et
1192 2396 1347 2460 lacebitae
1381 2415 1476 2462 novos
1506 2399 1724 2480 Episcopatus,
1753 2405 1913 2479 novasque

545 2500 731 2580 Metropoles
759 2501 960 2563 instituenmt
1013 2495 1073 2559 Sed
1101 2496 1139 2558 ad
1166 2497 1312 2560 Merulam
1342 2498 1542 2577 redeundum,
1573 2499 1659 2580 cujus
1686 2498 1799 2562 diversi
1829 2497 1906 2560 tituli

545 2598 633 2662 lacile
655 2601 734 2662 inter
755 2617 790 2662 se
812 2597 968 2662 conciliari
989 2603 1126 2679 possunt,

629 2709 812 2791 Episcopum
850 2707 1063 2772 Miaierelrinae
1097 2706 1179 2769 illum
1218 2705 1311 2769 luisse
1342 2726 1445 2771 omnes
1480 2708 1688 2770 consentiunt:
1725 2715 1755 2769 et
1787 2709 1838 2771 illa
1867 2729 1907 2772 ex

545 2812 675 2873 omnium
691 2811 872 2887 testimonio,
895 2826 932 2871 ea
946 2815 992 2870 est
1005 2825 1094 2888 quem
1106 2806 1322 2887 Martyropolin
1336 2807 1443 2870 Graeci
1462 2816 1581 2886 vocant,
1605 2808 1684 2888 quod
1707 2825 1817 2871 nemen
1838 2817 1907 2872 ente

543 2911 679 2974 Merulae
702 2917 837 2990 tempora
859 2924 920 2969 non
942 2906 1062 2982 habuit,
1091 2925 1158 2968 cum
1181 2925 1221 2968 ex
1242 2905 1393 2968 translatis
1421 2905 1460 2968 ed
1489 2923 1554 2968 eam
1583 2915 1744 2988 martyrum
1772 2907 1907 2989 reliquiis

543 3013 584 3074 ita
606 3009 696 3072 luerit
718 3008 878 3091 appellata.
922 3006 1008 3070 Unde
1032 3007 1111 3086 apud
1132 3005 1327 3069 Nestorianos
1357 3005 1388 3066 in
1411 3024 1538 3086 quorum
1561 3006 1670 3068 Notitia
1692 3007 1907 3072 Ecclesiastica

544 3117 663 3173 sextum
685 3111 765 3171 inter
785 3107 971 3188 Metropoles
993 3105 1092 3168 locum
1114 3106 1238 3184 obtinet,
1261 3112 1387 3170 vocetur
1405 3104 1613 3184 Reii-Germe,
1635 3105 1694 3168 hoc
1716 3116 1764 3169 est
1786 3107 1907 3170 ceala-

543 3212 623 3272 riam
645 3211 711 3272 sive
734 3207 960 3271 Coemeten'am.
1004 3205 1077 3268 inde
1105 3205 1237 3268 Arabica
1266 3203 1434 3268 scribentes
1456 3205 1628 3267 Nestoriani
1654 3204 1792 3269 iecerunt
1819 3225 1907 3268 suum

543 3308 686 3389 cherrni,
709 3315 741 3371 ut
764 3327 804 3372 ex
824 3305 1004 3384 Beitsebde,
1030 3303 1182 3367 Bezabde
1188 3326 1203 3379 ,·
1232 3324 1273 3367 ex
1301 3302 1529 3380 Bait-Touana,
1555 3303 1716 3366 Batoame.
1764 3306 1906 3380 Quemvis

544 3411 620 3471 enim
643 3409 674 3471 in
697 3405 872 3488 quibusdam
902 3405 1074 3468 recentibus
1103 3402 1304 3466 vocabulariis
1326 3402 1498 3483 Eeitperme
1527 3411 1559 3465 el
1585 3403 1770 3483 Miesarclrin
1798 3403 1906 3466 distiu-

542 3516 683 3591 guantur,
705 3505 815 3568 iactum
837 3505 868 3568 id
897 3503 1099 3568 verisimiliter
1129 3511 1176 3566 est
1211 3523 1250 3566 ex
1273 3511 1409 3566 autorum
1438 3510 1469 3564 et
1497 3504 1696 3582 interpretum
1726 3503 1904 3584 ignorantie.

254 3598 338 3666 Ateq.
356 3618 381 3650 ¹¹·
399 3601 461 3653 2⁴¹·
542 3604 719 3668 Miaiarelrin
748 3611 848 3668 autem
877 3606 1040 3668 secundum
1069 3602 1252 3681 Abuliedae,
1282 3601 1485 3679 Ebu-Sabid,
1513 3610 1545 3664 et
1573 3602 1697 3664 eliorum
1725 3602 1904 3680 testimonia,

541 3711 632 3784 caput
653 3711 685 3767 et
706 3703 883 3785 metropolis
906 3710 973 3766 eret
1000 3703 1176 3784 provinciae
1205 3720 1293 3783 quem
1315 3700 1520 3764 Diarbelriram
1549 3700 1668 3764 Arabes
1695 3708 1821 3777 vocant3
1850 3721 1905 3764 re-

220 3803 272 3859 del.
287 3807 526 3879 ecelsrappeee.
540 3804 640 3887 gionis
662 3804 780 3866 scilicet
802 3821 880 3884 quae
903 3821 920 3864 a
944 3803 1043 3884 Tigris
1066 3800 1253 3864 Occidentali
1282 3800 1378 3864 latere
1401 3809 1544 3881 protensa
1565 3819 1623 3882 per
1643 3808 1760 3863 montes
1782 3800 1902 3878 Nisibis,

539 3903 683 3966 termium
704 3903 838 3984 planitiei
860 3919 922 3965 nou
943 3900 1118 3964 excedebat.

252 4031 338 4100 Μ,
353 4050 379 4086 η,
396 4034 459 4086 2⁶⁶,
626 4013 738 4088 Takrit,
760 4013 826 4075 sive
848 4020 881 4075 ut
902 4013 971 4094 Syri
992 4011 1127 4076 scribunt
1149 4012 1259 4092 Tapn't,
1282 4010 1355 4073 urbs
1376 4027 1437 4072 non
1459 4009 1637 4090 incelebris,
1672 4011 1774 4076 ultime
1796 4012 1902 4075 Meso-

523 4114 688 4197 potamiae
709 4112 834 4193 proprie
856 4111 965 4188 dictae,
992 4113 1056 4175 sive
1083 4111 1343 4190 Dior-elpeeiret,
1373 4128 1481 4172 versus
1510 4109 1639 4186 lracam,
1671 4128 1729 4190 que
1752 4130 1792 4173 ex
1814 4113 1900 4191 urbe,

538 4231 648 4296 magno
671 4213 933 4292 Hierosolymiteni
955 4212 1138 4274 Francorum
1165 4210 1262 4293 Regni
1288 4210 1377 4287 melo,
1399 4209 1510 4291 prodiit
1532 4209 1712 4273 Yubidarum
1735 4229 1790 4273 seu
1813 4212 1900 4275 Sela·

538 4311 659 4374 heddini
681 4309 799 4374 familia.
843 4311 887 4372 Ea
909 4329 1003 4392 porro
1025 4311 1098 4373 urbs
1120 4318 1170 4374 aut
1192 4316 1260 4371 ente
1283 4308 1514 4372 Muhamedanos
1536 4326 1598 4371 non
1620 4307 1684 4387 suit,
1708 4320 1760 4373 eut
1782 4311 1861 4374 aliud
1883 4329 1902 4374 a

538 4412 637 4473 ueteri
659 4428 768 4472 nomen
790 4411 916 4490 accepit.
959 4411 1072 4472 Verum
1095 4411 1125 4472 in
1148 4408 1183 4472 ee
1206 4409 1307 4471 sedem
1330 4426 1416 4472 suam
1438 4408 1591 4470 constituit
1614 4407 1785 4472 Catholicus
1806 4402 1901 4474 leco-

538 4511 666 4572 bitarum
689 4509 844 4590 Syrorum,
866 4529 922 4572 seu
944 4509 1087 4588 Mofriea,
1111 4511 1162 4590 qui
1181 4507 1375 4570 Patriarchali
1396 4507 1580 4586 inferiorem,
1604 4509 1658 4572 sed
1681 4509 1901 4591 Metropolitica

538 4611 682 4691 majorem
714 4609 844 4672 babebat
876 4608 1051 4692 dignitatem
1087 4616 1118 4671 et
1149 4608 1347 4671 autoritatem.
1404 4607 1545 4670 Historici
1573 4608 1744 4672 Nestoriani
1775 4629 1902 4691 quorum

539 4708 736 4788 meminimus,
758 4708 904 4771 Merulam
926 4707 1098 4780 interfuisse
1121 4708 1256 4770 scribunt
1277 4705 1414 4770 Concilio
1437 4705 1768 4789 Constantinopolitano
1789 4713 1900 4792 primo:

539 4815 570 4870 et
592 4806 722 4870 fortasse
745 4824 801 4889 pro
824 4807 949 4869 Merces
958 4807 1133 4884 Arnideaee,
1156 4805 1235 4887 quod
1257 4823 1367 4868 nomen
1389 4805 1500 4890 legitur
1522 4808 1553 4868 in
1565 4808 1678 4871 Latinis
1700 4807 1902 4888 subscriptio-

537 4906 624 4969 nibus
646 4907 784 4970 Manates
814 4906 1027 4988 reponendum.
1072 4905 1183 4969 Amida
1205 4913 1304 4969 autem
1331 4912 1396 4968 erat
1419 4906 1507 4968 etiam
1529 4908 1560 4968 in
1581 4908 1795 4989 Mesopotamia
1823 4923 1900 4988 pro-

537 5005 605 5086 prie
635 5004 724 5070 dicte.
781 5003 855 5075 Cum
891 5023 984 5086 porro
1021 5015 1148 5070 vocetur
1180 5005 1312 5069 Merutas
1345 5003 1514 5088 Episcopus
1544 5007 1795 5090 Mesopotamiae,
1825 5005 1898 5069 sede
