4784 6040
628 531 702 606 382
912 531 1039 610 NOTAE
1064 530 1104 609 Ill
1129 529 1334 608 lllUllGldll
1359 531 1494 610 chossl
1519 531 1707 610 messum

627 735 684 800 per
711 715 800 780 fidem
827 717 1074 795 communicetur,
1103 715 1159 778 sed
1188 733 1242 778 ore
1271 723 1302 779 et
1324 715 1427 800 lingua
1448 717 1638 798 suscipiatur.
1681 714 1726 779 Ea
1747 717 1864 781 ratione
1887 717 1990 781 dicum

628 817 778 880 Christum
800 833 870 880 esse
893 834 986 899 super
1008 815 1119 890 altare;
1142 815 1276 877 manibus
1289 813 1483 880 sacerdotum
1506 817 1614 894 teneri,
1637 833 1691 878 ore
1704 815 1833 879 fidelium
1845 823 1876 879 et
1888 816 1991 900 lingua

628 918 755 997 suscipi:
779 934 908 997 corpora
931 913 1120 978 sanctificare
1143 912 1232 975 etad
1256 914 1487 976 resurrectionis
1510 914 1617 976 beatae
1639 933 1740 994 spem,
1763 922 1903 996 tanquam
1925 915 1991 979 ler-

511 1001 516 1012 ’
628 1024 758 1078 mentum
786 1018 865 1078 vitae
894 1031 1096 1097 praeparare:
1130 1012 1276 1093 simulque
1299 1021 1468 1096 agnoscunt
1490 1013 1527 1075 ob
1550 1012 1673 1096 indigne
1695 1013 1990 1092 communicantibus,

628 1122 660 1177 et
681 1115 893 1196 peccatoribus
915 1115 1042 1194 suscipi:
1065 1119 1116 1176 aut
1138 1111 1384 1193 quemadmodum
1406 1113 1556 1190 Severus,
1579 1111 1725 1177 Barsalibi
1747 1123 1778 1178 et
1800 1115 1850 1178 alii
1872 1131 1912 1177 ex
1933 1131 1992 1176 vc-

628 1215 785 1276 tustiorum
807 1213 1029 1295 Theologorum
1050 1227 1124 1275 suae
1137 1211 1293 1276 Ecclesiae
1315 1212 1464 1276 sententia
1485 1212 1740 1293 existimaverunt,
1762 1221 1833 1279 tunc
1854 1233 1911 1299 per
1932 1216 1991 1279 mi-

628 1311 762 1374 raculum
785 1311 913 1376 auferri:
936 1311 1018 1393 quod
1040 1310 1111 1374 alibi
1133 1310 1239 1390 fusius,
1262 1327 1427 1392 eorumque
1448 1309 1552 1374 verbis
1575 1312 1780 1392 exposuimus.

935 1625 970 1694 7.
1013 1622 1180 1694 Memento
1207 1621 1353 1692 Domine
1378 1622 1509 1717 Repom
1533 1621 1690 1714 fidelium.

719 1831 853 1910 Drxrnus
871 1843 934 1924 jam
955 1842 993 1906 de
1015 1843 1065 1906 illa
1087 1842 1224 1921 formula,
1248 1861 1289 1903 ex
1310 1860 1368 1923 qua
1391 1840 1499 1904 deduci
1521 1859 1582 1905 non
1597 1849 1699 1924 potest
1711 1844 1907 1926 antiquiorem
1922 1864 1993 1910 esso

630 1948 707 2011 hano
729 1947 892 2030 liturgiam
913 1944 1137 2009 Muhamedanis
1160 1945 1360 2026 temporibuS,
1385 1963 1450 2007 cum
1474 1945 1523 2008 illa
1545 1952 1643 2008 aetate
1665 1946 1796 2010 lacobus
1820 1946 1993 2012 Edessenus

629 2049 749 2125 vixerit,
771 2053 804 2108 ut
826 2064 918 2127 supra
941 2045 1050 2108 dictum
1072 2054 1137 2124 est,
1160 2044 1279 2127 quando
1300 2061 1361 2105 non
1383 2044 1473 2107 modo
1494 2045 1662 2109 infidelibus
1685 2043 1826 2126 dominis,
1858 2047 1913 2110 sed
1935 2049 1993 2112 im-

629 2146 816 2224 manissimis,
839 2153 870 2208 et
891 2145 1023 2209 belluina
1045 2144 1224 2208 crudelitate
1245 2141 1426 2222 Praefectis,
1449 2143 1535 2225 Syria
1557 2145 1690 2227 subjecta
1715 2153 1789 2208 erat.
1818 2147 1922 2228 ltaque
1943 2147 1993 2211 illa

629 2247 725 2310 verba
747 2264 787 2308 cx
809 2241 906 2308 veteri
928 2263 986 2308 usu
1007 2252 1125 2308 retenta
1147 2251 1224 2306 sunt.

972 2555 1008 2628 8.
1050 2554 1240 2626 Doctorum
1267 2553 1551 2642 Ortdodocorom,
1578 2561 1642 2626 etc.

728 2765 820 2842 Hunc
843 2773 907 2837 sola
931 2774 1074 2854 periodus
1097 2792 1230 2855 omnem,
1259 2776 1284 2838 si
1318 2793 1399 2865 quae
1424 2782 1617 2857 superesset,
1648 2774 1686 2838 dc
1715 2775 1820 2840 iacchi
1847 2777 1995 2842 Edesseni

631 2887 716 2943 secta
739 2878 950 2941 dubitationem
972 2877 1109 2956 tolleret;
1138 2897 1204 2942 eam
1226 2880 1304 2942 enim
1326 2879 1578 2960 amplectebatur,
1607 2895 1684 2959 quae
1707 2874 1870 2960 Severum,
1892 2882 1996 2946 Philo-

631 2996 757 3058 xenum,
791 2985 822 3040 et
851 2978 969 3040 Petrum
1000 2977 1173 3060 Gnapheum
1204 2979 1336 3058 scilicet,
1371 2979 1512 3042 doctores
1542 2976 1737 3041 Orthodoxae
1767 2977 1851 3042 fidei
1868 2981 1997 3064 ejusque

632 3084 886 3161 propugnatores,
908 3078 1103 3160 agnoscebat.
1128 3080 1159 3144 si
1173 3079 1266 3162 igitur
1279 3079 1443 3142 Maronitae
1462 3079 1493 3142 in
1507 3077 1685 3142 Calendario
1707 3097 1763 3142 sno
1786 3097 1894 3144 nomen
1917 3080 1996 3144 illius

631 3177 815 3258 hahuerunt,
846 3177 977 3258 maJores
1007 3195 1094 3258 suos,
1124 3197 1201 3260 quos
1231 3187 1371 3260 tunquam
1392 3178 1548 3242 Ecclesiae
1570 3179 1683 3241 veteris
1707 3177 1852 3261 Syriacae
1874 3179 1996 3260 lumina,

630 3295 784 3358 veraeque
813 3275 969 3340 doctrinae
999 3277 1176 3342 defensores
1205 3277 1309 3342 haberi
1331 3279 1452 3357 volunt,
1482 3277 1636 3341 Jacobitas
1665 3275 1758 3340 luisse
1780 3276 1996 3344 demonstrant.

632 3375 693 3440 Sed
723 3375 932 3440 calendarium
959 3376 1034 3454 illud
1064 3377 1144 3458 quod
1173 3377 1322 3441 Naironus
1356 3378 1445 3454 citat,
1479 3394 1541 3439 non
1571 3377 1665 3462 magis
1693 3376 1906 3440 Maronitarum
1936 3386 1997 3457 est,

632 3493 719 3557 quam
741 3476 826 3558 ipsae
839 3475 1002 3559 liturgiae,
1025 3493 1100 3558 quas
1121 3476 1323 3539 lacobitarum
1346 3494 1416 3540 esse
1439 3493 1527 3539 nemo
1549 3478 1647 3558 possit
1669 3493 1735 3538 cunr
1757 3475 1857 3556 aliqua
1879 3479 1998 3542 ratione

633 3573 782 3640 dubitare.
