4712 6032
779 579 853 654 rm
1284 580 1645 658 ιιιιιιιιιι
1736 586 1747 604 ·

775 762 887 827 Christi
910 763 947 826 ad
970 762 1229 827 consecrationem
1250 764 1353 844 panis,
1382 783 1422 827 ex
1444 763 1607 826 omissione
1629 771 1662 827 ut
1684 763 1820 839 videtur,
1843 762 1961 843 qualem
1983 765 2148 828 notavimus

776 864 806 926 in
835 883 872 925 aa
902 880 980 944 quaa
1011 864 1151 925 tribuitur
1172 861 1318 944 Dionysio
1340 863 1500 925 barsolibi:
1531 863 1618 925 aliter
1646 881 1681 926 se
1711 862 1803 924 babet
1831 861 1929 926 lorma
1961 863 2080 931 calicis:
2110 866 2149 926 ita

774 963 900 1026 scilicet.
944 962 1003 1024 llic
1024 969 1072 1023 cst
1091 963 1218 1041 sanquis
1239 980 1333 1038 meris,
1354 964 1387 1024 in
1408 961 1501 1024 Nooo.
1518 960 1722 1024 Testamenta:
1744 979 1812 1023 eum
1834 961 1864 1023 in
1877 961 2048 1043 Evangelio
2071 964 2148 1025 scri-

775 1070 859 1135 ptum
882 1061 931 1130 sit,
954 1061 1012 1118 liic
1035 1061 1250 1122 castenedum
1272 1068 1478 1122 testamentum
1499 1069 1547 1122 est
1567 1063 1600 1122 ia
1621 1078 1686 1122 meo
1709 1063 1863 1139 sanquine.

863 1152 893 1215 2.
916 1151 999 1214 llaec
1023 1152 1120 1214 oratio
1142 1168 1200 1231 pro
1224 1150 1401 1215 Christianis
1424 1152 1560 1232 Regibus
1581 1171 1642 1216 non
1666 1155 1787 1216 extabat
1810 1155 1841 1216 in
1864 1158 1977 1217 Codice
2001 1174 2061 1234 qno
2083 1157 2147 1217 lio-

775 1252 853 1312 mani
875 1251 1010 1314 editores
1031 1253 1078 1312 nsi
1100 1258 1181 1330 sunt,
1204 1259 1235 1314 et
1257 1271 1298 1313 ex
1319 1251 1393 1316 blss.
1416 1268 1482 1313 enm
1505 1251 1684 1332 adJecimus:
1712 1253 1749 1315 de
1773 1271 1809 1314 ea
1832 1253 1903 1314 nibil
1928 1252 2148 1314 observandum

776 1351 920 1429 occurrit,
943 1357 1068 1431 praeter
1090 1349 1140 1412 illa
1163 1368 1241 1431 quae
1263 1352 1293 1413 in
1316 1349 1382 1412 aliis
1403 1349 1548 1434 liturgiis
1572 1349 1609 1412 ad
1632 1351 1745 1414 similes
1769 1351 1912 1414 formulas
1935 1353 2113 1416 notavimus.

1207 1659 1725 1702 ψη

1164 2055 1769 2234 erronum

1272 2239 1278 2248 ι

824 2384 1004 2504 umor
1038 2327 1505 2523 rmunromoms
1542 2387 1612 2502 m
1647 2385 2095 2506 sudreiensem.

1174 2669 1327 2742 Primum
1353 2669 1474 2742 Oratio
1500 2675 1581 2740 ante
1604 2621 1744 2742 Pacem.

843 2867 961 2970 Dans
993 2893 1097 2965 Pater
1132 2896 1187 2988 qui
1223 2892 1341 2965 Filium
1378 2900 1468 2963 tuum
1505 2891 1658 2964 dilectum
1692 2895 1811 2965 misisti
1839 2892 1882 2964 ad
1909 2893 2050 2966 salntem
2077 2918 2145 2968 no-

773 3021 890 3083 stram:
924 3013 979 3105 qui
1012 3009 1147 3097 infirmi,
1180 3012 1298 3102 egeni,
1330 3019 1365 3080 et
1399 3007 1540 3108 morbidi
1575 3029 1725 3096 eramuS,
1760 3011 1815 3103 qui
1855 3031 1917 3104 per
1950 3013 2145 3101 sanguinem

773 3149 868 3200 suum
895 3126 1105 3214 dominicum,
1130 3146 1194 3198 nos
1222 3124 1369 3221 perditos
1396 3123 1530 3195 reduxit
1556 3124 1599 3194 ad
1626 3123 1717 3196 ovile
1743 3133 1832 3195 tuum
1860 3123 2046 3219 spirituale:
2080 3125 2145 3195 de-

771 3263 949 3337 precamur
975 3248 1009 3312 te
1034 3240 1197 3330 Domine,
1230 3251 1266 3311 ut
1293 3241 1457 3334 suscipias
1491 3262 1512 3308 e
1546 3239 1699 3312 manibus
1731 3242 1856 3311 nostris
1891 3240 2145 3334 peccatricibus,

772 3357 969 3429 sacrificium
996 3355 1061 3428 hoc
1088 3355 1277 3442 timendum,
1305 3352 1488 3449 spirituale,
1516 3364 1550 3425 et
1574 3355 1796 3441 incruentum,
1824 3365 1858 3425 et
1883 3378 1944 3449 per
1970 3354 2050 3426 illud
2077 3379 2144 3427 ve-

771 3475 859 3544 niam
887 3470 1037 3543 concede
1063 3479 1292 3565 peccatorum,
1318 3472 1591 3566 insipientiarum,
1618 3478 1652 3540 et
1678 3472 1860 3556 criminum,
1887 3492 1973 3564 quae
2001 3493 2021 3541 a
2047 3471 2144 3542 nobis

772 3590 951 3659 commissa
978 3594 1072 3658 sunt:
1098 3608 1162 3682 por
1187 3586 1434 3681 beneplacitum
1459 3583 1641 3656 voluntatis
1669 3596 1756 3672 tuae,
1785 3595 1817 3655 et
1843 3607 1905 3678 per
1931 3589 2085 3676 gratiam,
2112 3598 2145 3660 et

772 3701 1048 3791 misericordiam,
1075 3710 1110 3773 et
1136 3724 1285 3773 amorem
1312 3721 1395 3792 erga
1409 3699 1570 3787 homines,
1597 3702 1757 3792 unigeniti
1772 3698 1847 3771 Filii
1874 3701 1931 3788 tui,
1958 3722 2143 3795 perquem,

771 3825 906 3888 etcum
933 3837 998 3912 quo
1026 3825 1060 3888 te
1087 3816 1195 3909 decet,
1221 3817 1344 3909 gloria,
1371 3813 1537 3906 ethonor,
1565 3825 1599 3886 et
1622 3818 1805 3911 imperium,
1833 3839 1907 3886 cnm
1934 3815 2059 3910 Spiritu
2086 3825 2140 3887 tuo

769 3934 864 4005 vivo.

872 4046 1035 4139 Populus.
1087 4047 1208 4120 Amen.

874 4160 1059 4234 Sacerdos.
1114 4158 1237 4233 Coram
1265 4170 1311 4251 te,
1336 4161 1481 4232 Domine
1506 4162 1611 4247 Deus,
1639 4159 1833 4232 inclinamus
1846 4161 1933 4233 colla
1961 4167 2141 4236 animarum

770 4298 1017 4371 corporumque
1043 4286 1246 4367 nostrorum,
1274 4286 1308 4348 et
1334 4297 1487 4365 oramus,
1520 4279 1729 4370 petimusque
1757 4299 1776 4346 a
1804 4275 1977 4349 clementia
2005 4289 2081 4366 tua,
2107 4288 2142 4349 ut

712 4375 715 4381 ¹
768 4391 924 4483 largiaris
957 4391 1055 4464 nobis
1090 4390 1221 4463 divitias
1255 4393 1404 4484 gratiae,
1436 4391 1667 4482 benignitatiS,
1703 4401 1737 4461 et
1769 4391 2021 4465 misericordiae
2049 4403 2139 4464 tuae:

769 4506 895 4578 auxilia
921 4517 978 4578 tua
1004 4529 1068 4580 nos
1097 4506 1257 4599 adjuvent
1283 4507 1436 4579 omnibus
1465 4506 1582 4579 diebus
1609 4510 1699 4578 vitae
1725 4515 1873 4596 nostrae,
1899 4531 1961 4603 per
1987 4513 2138 4600 gratiam,

767 4621 1042 4709 misericordiam,
1071 4631 1106 4693 et
1132 4642 1281 4693 amorem
1309 4644 1393 4714 erga
1419 4622 1570 4694 homines
1597 4623 1766 4713 unigeniti
1784 4621 1859 4694 Filii
1887 4625 1942 4694 tui.

872 4737 1035 4829 Populus.
1088 4739 1208 4810 Amen.

872 4851 1049 4924 Sacerdos
1084 4853 1222 4925 eleoons
1258 4875 1384 4924 vocem
1438 4855 1581 4925 Domine
1616 4853 1710 4924 Deus
1742 4855 1973 4949 omnipotens,
2016 4860 2071 4950 qui
2103 4877 2139 4928 es

768 4970 891 5040 caritas
917 4988 1020 5059 vera,
1047 4977 1081 5040 et
1107 4976 1242 5059 sancta,
1268 4977 1404 5064 praesta
1439 4967 1537 5040 nobis
1563 4977 1600 5039 ut
1630 4968 1782 5041 omnibus
1809 4968 1926 5041 diebus
1953 4971 2046 5042 vitae
2072 4990 2138 5039 no-
