4712 6032
478 623 509 702 S.
552 623 1446 706 Jonlulscuulsoslolll.
1566 625 1645 702 249

279 811 354 904 cipe
379 808 633 907 Episcopum,
660 811 828 909 Apostolo
856 821 890 884 et
914 812 1066 910 lllartqre
1092 813 1135 884 ad
1161 811 1246 885 banc
1272 837 1378 911 usque
1404 815 1510 902 diem,
1537 814 1645 890 verbo

279 924 448 998 doctrinae
473 926 661 1001 Ecclesiam
687 941 775 1001 mam
802 937 950 1002 sanctam
976 929 1231 1003 illustraverunt.
1258 932 1446 1029 Praecipue
1472 954 1557 1004 vero
1584 933 1647 1006 SS.

277 1039 428 1129 Patrurn,¹
455 1043 592 1134 lgnutii,
620 1045 796 1140 Dionysii,
821 1043 920 1135 lolii,
947 1055 982 1116 et
1006 1044 1207 1141 reliquorrun
1233 1048 1475 1143 Apostolorum
1502 1059 1645 1121 sancto-

278 1177 362 1246 rum,
388 1159 630 1255 Pastorumque
656 1184 825 1234 verorum.

276 1313 278 1320 ,
381 1275 531 1345 Elecons
562 1298 688 1348 ccccm.
741 1277 886 1349 Mentem
919 1278 1224 1373 prudentissimam,
1258 1290 1291 1351 et
1322 1285 1473 1373 regimen
1501 1302 1648 1376 superne

279 1390 504 1463 concreditum
531 1391 726 1482 habuerunt,
753 1405 865 1488 patres
897 1397 1002 1466 nostri
1028 1397 1075 1492 pii
1107 1405 1140 1466 et
1166 1393 1274 1484 beati,
1306 1392 1346 1466 ab
1383 1395 1440 1468 illo
1475 1407 1646 1494 pastorum

278 1507 428 1602 principe
455 1516 488 1578 et
512 1511 696 1580 institutore
718 1509 937 1582 confessionis
953 1521 1102 1598 nostrae,
1129 1509 1305 1604 donisque:
1333 1514 1467 1606 spiritus
1483 1515 1645 1602 instructi,

279 1633 516 1695 converterunt
541 1647 680 1720 prorsus
705 1606 848 1696 mentem
875 1638 1041 1722 suamet
1066 1625 1294 1698 rectitudinem
1326 1626 1402 1700 fidei
1435 1627 1646 1701 orthodoxae

279 1741 451 1834 suscipere
478 1740 569 1832 digni
595 1739 672 1812 lacti
701 1761 822 1812 sumus.
849 1739 899 1811 llli
926 1763 1009 1833 ergo
1036 1742 1121 1834 legis
1149 1744 1238 1813 vitae
1264 1743 1452 1833 institutori,
1479 1755 1513 1816 et
1537 1766 1645 1840 prae-

279 1853 392 1926 clarae
419 1856 461 1926 de
487 1860 626 1928 caritate
654 1859 848 1944 sentcntiae,
876 1860 1024 1928 suaviter
1049 1879 1111 1952 per
1138 1857 1247 1930 cordis
1264 1861 1438 1952 puritatem
1464 1881 1527 1932 nos
1555 1858 1645 1932 ofle-

278 1993 406 2060 ramus3
434 1982 468 2044 et
494 1974 535 2045 ad
560 1982 704 2044 mentem
730 1994 857 2067 puram,
885 1994 983 2043 cursu
1010 1972 1121 2045 bonae
1147 1975 1378 2064 cogitationis,
1411 1976 1445 2045 in
1471 1975 1526 2048 illa
1554 1997 1643 2047 con-

279 2088 428 2159 sistentia
467 2087 574 2180 regali
615 2109 852 2184 praeparemus
886 2109 965 2160 nos:
1008 2099 1042 2161 et
1084 2088 1127 2162 ad
1167 2088 1317 2162 thronum
1352 2089 1441 2162 illum
1482 2091 1643 2184 regalem,

280 2204 535 2300 circumquaque
570 2203 634 2276 illis
670 2202 879 2276 adhaerendo
914 2207 1153 2300 respicientes,
1192 2205 1290 2279 oculo
1323 2209 1488 2294 interiori,
1528 2206 1643 2278 laudes

278 2323 438 2392 materiae
465 2330 622 2416 expertes
650 2319 727 2392 illuc
753 2324 937 2392 mittamus:
968 2342 1077 2416 neque
1104 2321 1312 2411 socorditer,
1346 2333 1403 2394 aut
1427 2323 1643 2414 mendaciter,
1758 2308 1761 2314 ¹

280 2437 312 2505 in
345 2439 469 2508 semitis
501 2437 673 2510 beatorum
706 2437 836 2508 illorum
872 2435 1005 2508 Petrum
1038 2448 1226 2511 nostrorum
1260 2459 1443 2510 curramus
1495 2439 1643 2523 Maxime

279 2573 363 2623 vero
392 2551 434 2624 ad
461 2575 637 2647 supernum
666 2552 745 2625 illud
772 2553 876 2625 altare
910 2575 1047 2648 purum,
1081 2563 1202 2626 attente
1229 2553 1335 2625 oculis
1368 2552 1643 2626 intellectualibus

280 2678 523 2756 convertamur,
551 2680 584 2742 et
611 2672 826 2765 aspiciamus:
861 2677 1039 2764 casteque,
1066 2692 1129 2741 nec
1155 2673 1301 2765 impure,
1327 2669 1548 2743 laudationem
1576 2692 1642 2740 ac-

278 2792 406 2856 ternam
431 2785 616 2858 referamus
644 2785 673 2856 T
675 2787 796 2857 rinitati
823 2783 1052 2875 absconditae,
1079 2808 1187 2881 neque
1206 2795 1317 2857 mente
1342 2785 1643 2882 comprehensibili,
1692 2767 1699 2776 ’

279 2899 492 2996 ejusdemque
519 2900 723 2974 substantiae
750 2900 871 2991 Patris,
897 2900 972 2972 Filii
999 2911 1033 2973 et
1058 2901 1199 2998 Spiritus
1227 2906 1436 2976 sanctissimi.

379 3017 539 3112 Populos.
592 3020 711 3089 Amen.
1432 3013 1435 3020 ’

380 3134 554 3207 Sacerdos
579 3113 771 3205 inclinatos.
824 3133 991 3206 Memento
1018 3134 1162 3206 Domine
1183 3134 1402 3208 sacerdotum
1419 3133 1642 3207 Ortbodoxo-

278 3271 363 3338 rum,
389 3253 678 3347 Diaconorumque
697 3263 836 3338 tuorum,
864 3249 1160 3339 Subdiacouorum,
1183 3250 1404 3340 Devotorum,
1423 3251 1642 3336 saccularium

278 3375 311 3436 et
337 3371 479 3439 omnium
507 3367 755 3452 defunctorum,
792 3370 846 3461 qui
879 3391 924 3438 ex
955 3366 1019 3439 hoc
1054 3365 1165 3455 altari,
1199 3377 1255 3439 aut
1282 3391 1327 3439 ex
1354 3371 1442 3440 omni
1469 3369 1559 3455 loco,
1586 3367 1642 3439 vel

273 3492 373 3576 ,parte
409 3483 551 3555 defuncti
586 3495 678 3555 sunt:
716 3494 843 3578 patrum
877 3487 975 3555 etiam
1006 3482 1208 3576 fratrumque
1241 3496 1449 3572 nostrorum,
1485 3493 1551 3554 tam
1579 3506 1640 3556 se-

277 3597 416 3670 cundum
437 3600 599 3694 Spiritum
627 3623 724 3695 quam
752 3599 929 3672 secundum
957 3621 1093 3695 corpus:
1122 3603 1296 3692 quiescere
1311 3599 1385 3670 illos
1408 3598 1489 3691 jube
1515 3600 1549 3669 in
1574 3598 1641 3668 ba-

277 3713 429 3786 bitaculis
456 3719 519 3786 tuis
547 3715 766 3804 coelestibuS,
794 3739 867 3787 cum
896 3717 1047 3789 omnibus
1083 3719 1204 3788 sanctis
1235 3719 1318 3805 tuis,
1350 3735 1478 3808 nosque
1510 3711 1641 3785 illorum

278 3832 481 3904 orationibus
509 3832 713 3923 adJuvemur.

379 3948 528 4018 Eteoclis
553 3971 678 4020 ccccm..
732 3947 775 4020 Et
801 3947 931 4020 illorum
964 3950 1018 4043 qui
1053 3971 1125 4020 cum
1158 3951 1301 4043 puritate
1327 3945 1457 4037 cordis,
1490 3954 1524 4015 et
1554 3968 1641 4018 san-

278 4068 389 4136 ctitate
416 4067 545 4136 animae
581 4076 615 4136 et
647 4068 818 4161 corporis,
852 4087 898 4136 ex
925 4065 1060 4137 saeculo
1097 4069 1162 4138 isto
1196 4066 1341 4157 egressi.
1362 4072 1436 4136 sunt
1468 4074 1501 4134 et
1532 4062 1574 4134 ad
1606 4074 1641 4135 te

276 4179 368 4251 Deus
407 4191 641 4276 pervenerunt.
694 4181 828 4253 lllorum
870 4185 925 4274 qui
967 4182 1010 4254 ab
1053 4179 1161 4252 Adam
1203 4185 1328 4275 primo,
1362 4189 1395 4250 et
1433 4179 1641 4276 protoplasto

275 4297 422 4388 figmenti
449 4299 565 4383 nostri,
591 4301 623 4368 in
651 4295 801 4371 omnibus
834 4295 1124 4388 generationibus,
1156 4295 1350 4391 placuerunt
1384 4317 1497 4366 coram
1524 4305 1573 4382 te,
1608 4304 1641 4366 et
1743 4373 1752 4394 ν

276 4424 309 4484 tc
336 4413 484 4486 confessi
519 4424 609 4500 sunt,
643 4424 943 4511 speraveruutque,
978 4423 1011 4483 et
1047 4423 1312 4507 expectaverunt
1344 4410 1640 4484 manifestationem

275 4533 435 4621 unigeniti
462 4533 526 4616 tui,
553 4529 891 4624 desideraveruntque
923 4529 1040 4600 videre
1065 4529 1152 4600 diem
1178 4529 1264 4602 illius
1291 4550 1446 4620 magnum
1474 4537 1507 4598 ct
1532 4549 1640 4623 prae-

276 4643 411 4724 clarum.
463 4645 594 4717 lllorum
629 4649 725 4718 etiam
759 4648 813 4750 qui
849 4669 896 4717 ex
931 4647 1002 4718 sinu
1036 4645 1195 4740 spirituali
1229 4645 1433 4742 baptismatis
1467 4642 1638 4738 splendide

274 4769 308 4831 te
334 4760 526 4847 induerunt,
554 4771 588 4832 et
614 4767 647 4833 in
673 4784 794 4834 nomen
828 4772 916 4834 mum
948 4761 1167 4833 crediderunt.
1220 4763 1372 4849 Quietem
1404 4759 1467 4830 illis
1501 4771 1638 4855 praesta

275 4879 308 4948 in
334 4875 530 4950 habitaculis
558 4881 621 4950 tuis
648 4877 859 4964 coelestibus,
887 4882 920 4949 in
947 4877 1101 4973 paradiso
1129 4877 1331 4968 deliciarum,
1357 4879 1390 4947 in
1416 4874 1637 4948 tabernaculis

275 4992 368 5082 lucis,
396 4997 430 5064 in
455 4993 540 5066 locis
569 4999 696 5089 quictis.
750 4994 868 5088 Neque
894 4995 1054 5081 Domino,
1088 4997 1190 5066 intres
1222 5016 1295 5065 oum
1321 4994 1385 5066 illis
1411 4995 1446 5064 in
1466 4992 1636 5086 judicium,

276 5114 351 5206 quia
378 5133 445 5183 nou
470 5110 663 5201 justificatur
689 5109 722 5184 in
749 5120 931 5206 conspectu
958 5120 1013 5183 tuo
1048 5111 1154 5183 omnis
1181 5112 1323 5184 vivens:
1356 5131 1440 5183 unus
1473 5112 1559 5182 enim
1586 5118 1638 5180 est
