4814 6060
522 603 1505 712 rcnnrrrrnnnrnncnn‚n‚o.
1639 609 1712 686 511

338 815 423 888 quac
451 791 615 864 destruxit
640 801 773 864 noctem
807 794 937 887 peccati
973 804 1008 864 et
1034 797 1168 884 mortis3
1202 817 1244 866 ea
1278 798 1352 893 ipsa
1385 818 1449 890 qua
1484 795 1715 873 celebraturus

337 919 411 981 erat
443 907 640 980 sacrificinm
676 906 740 978 hoc
773 907 985 1002 religiosum,
1023 919 1178 1005 tanquam
1212 911 1397 999 sacerdos,
1423 935 1486 1007 pro
1520 915 1715 1008 expiatione

337 1027 437 1096 totius
465 1023 590 1095 mnndi:
627 1026 756 1120 accepit
788 1046 908 1121 panem
935 1027 969 1097 in
996 1047 1113 1098 manus
1141 1035 1228 1100 suas'
1248 1037 1401 1115 sanctas,
1435 1051 1522 1122 quae
1543 1029 1714 1120 ‚mundum

336 1149 555 1227 creaverunt,
591 1148 625 1211 et
657 1140 786 1213 levavit
827 1139 954 1214 vultum
993 1141 1177 1235 placidum,
1216 1142 1257 1214 ad
1289 1144 1428 1218 excelsa
1464 1145 1636 1217 coelorum
1670 1145 1713 1218 ad

335 1257 481 1346 Patrem,
508 1259 634 1348 gratias
657 1278 775 1348 agens,
802 1254 986 1344 benedixit,
1014 1257 1292 1350 †sanctificavit,
1320 1267 1342 1342 †
1367 1259 1516 1352 fregit†
1548 1259 1712 1333 2come-

335 1369 393 1459 dit,
421 1369 576 1465 deditque
604 1375 712 1444 coetui
746 1369 987 1467 Apostolorum
1022 1383 1212 1446 sanctorum
1240 1383 1273 1446 et
1299 1374 1398 1446 dixit:
1425 1376 1590 1471 Accipite,
1623 1375 1711 1448 edite

285 1472 291 1482 “
335 1507 382 1556 ex
408 1509 464 1574 eo,
489 1485 564 1557 Hoc
591 1497 643 1559 est
670 1509 792 1582 corpus
819 1509 928 1559 meum
956 1509 1085 1578 verum,
1113 1489 1202 1584 quod
1228 1513 1291 1586 pro
1318 1493 1387 1562 vita
1416 1499 1449 1561 et
1475 1490 1582 1562 salute
1610 1493 1710 1564 totius

334 1601 468 1673 humani
493 1606 641 1694 generis,
668 1601 833 1696 frangitur
859 1613 892 1674 et
919 1602 1014 1674 datur
1042 1604 1084 1675 ad
1104 1609 1331 1701 expiationem
1357 1605 1564 1699 delictorum,
1591 1618 1624 1680 et
1650 1610 1712 1680 vi-

328 1727 401 1788 -tam
428 1728 608 1789 aeternam.

436 1833 600 1926 Populus.
651 1837 770 1908 Amen.

436 1945 621 2022 Sacerdos.
688 1951 736 2022 lta
778 1954 876 2022 etiam
912 1948 1052 2022 calicem
1085 1952 1214 2024 miscuit
1249 1953 1329 2022 vino
1364 1962 1398 2023 et
1429 1973 1515 2046 aqua
1555 1956 1707 2047 mystice,

331 2075 508 2160 postquam
543 2063 661 2137 reiecit
692 2089 753 2138 eos
787 2069 820 2138 in
855 2087 971 2137 mensa
1007 2068 1111 2156 vitae,
1147 2069 1274 2159 gratias
1308 2069 1394 2159 egit,
1420 2075 1441 2150 †
1467 2065 1652 2157 benedixit,
1669 2069 1708 2156 .†
1822 2159 1828 2178 ὓ

332 2179 568 2268 sanctificavit,
606 2188 627 2263 †
668 2192 702 2253 et
734 2180 824 2253 dedit
858 2190 987 2252 turmae
1021 2181 1262 2277 Apostolorum
1298 2192 1506 2271 sanctornm,
1540 2193 1574 2255 et
1605 2184 1707 2256 dixit:

330 2297 494 2392 Accipite,
522 2295 625 2370 bibite
653 2321 699 2369 ex
726 2319 767 2368 eo
794 2320 859 2370 vos
888 2319 1023 2370 omnes:
1050 2296 1114 2368 llic
1141 2307 1193 2369 est
1220 2301 1356 2390 sanguis
1384 2319 1477 2370 meus
1503 2303 1603 2372 vivus
1630 2300 1706 2372 Το-

328 2415 482 2485 stumenti
514 2409 622 2503 Novi,
664 2416 718 2507 qui
752 2412 926 2484 effunditur
957 2435 1020 2507 pro
1055 2410 1162 2485 salute
1195 2415 1294 2485 totius
1322 2413 1452 2501 mundi,
1485 2423 1519 2485 et
1553 2436 1614 2490 eos
1651 2419 1707 2511 qui

326 2527 471 2599 eredunt
498 2529 531 2598 in
558 2550 612 2598 me
638 2538 818 2624 praeparat
844 2527 887 2600 ad
913 2530 1016 2600 vitam
1044 2538 1224 2600 aeternam.

327 2675 333 2684 ·
433 2641 596 2735 Populus.
648 2645 768 2716 Amen.

433 2757 617 2830 Sacerdos.
670 2757 714 2830 ltu
740 2763 858 2830 itemm
886 2759 1054 2831 admonuit
1067 2783 1128 2832 cos
1156 2759 1288 2833 dicens:
1316 2761 1589 2856 quotiescumque
1616 2783 1706 2834 con-

329 2875 564 2968 gregabimini,
591 2884 625 2946 et
650 2872 892 2948 Eucharistiam
919 2874 1005 2946 banc
1023 2873 1200 2967 frangetis,
1226 2881 1578 2950 commemorationem
1588 2879 1705 2950 mortis

328 3013 425 3064 meae
458 2989 687 3080 voluntariae,
715 3001 749 3062 et
774 2991 1029 3062 resurrectionis
1063 2993 1171 3083 agetis
1198 3001 1232 3062 et
1264 2990 1490 3082 renovabitis,
1522 3014 1631 3087 neque
1671 2996 1705 3065 in

329 3107 532 3180 oblivionem
560 3106 653 3179 abire
680 3109 806 3193 sinetis,
834 3104 942 3178 donec
967 3107 1112 3177 veniam.

432 3222 593 3316 Populus.
645 3211 772 3296 blortis¹
792 3232 880 3308 tuae,
907 3231 971 3294 etc.

430 3336 616 3409 Sacerdos.
671 3337 795 3410 Oculos
826 3341 927 3429 igitur
958 3339 1113 3409 mentium
1144 3347 1332 3411 nostrarum
1371 3339 1642 3410 circumferentes
1669 3341 1704 3410 in

326 3454 500 3550 periodum
527 3454 735 3551 praeclaram
763 3453 1020 3548 dispensationis
1036 3461 1111 3525 tuae
1138 3451 1292 3526 salutaris
1318 3464 1456 3548 propter
1481 3475 1557 3544 nos,
1571 3452 1703 3527 Christe

327 3570 421 3643 Deus
454 3582 588 3660 noster,
623 3569 823 3642 admiramur
849 3579 883 3641 et
910 3580 1100 3664 stupemus,
1133 3577 1232 3663 atque
1265 3577 1420 3663 quantum
1451 3569 1615 3664 possibile
1650 3581 1703 3644 est

326 3687 501 3760 infirmitati
526 3696 664 3758 naturae
691 3695 836 3772 nostrae,
865 3684 1055 3774 adoramus,
1081 3687 1208 3775 gratias
1236 3687 1366 3777 agimus
1398 3695 1433 3757 et
1464 3684 1700 3778 glorificamus

326 3803 507 3875 Praeterea
541 3805 637 3875 etiam
672 3801 849 3874 adventum
884 3811 973 3873 tuum
1001 3799 1179 3873 secundum
1216 3811 1346 3874 terrore
1382 3802 1514 3897 plenum
1547 3822 1701 3874 comme-

270 3919 274 3924 ’
325 3941 507 4002 moremus,
535 3917 667 4013 quando
695 3939 741 3988 ex
768 3919 897 3989 oriente
923 3915 1094 3988 coelorum
1121 3928 1251 3988 tuorum
1267 3917 1492 4004 excelsorum,
1520 3920 1604 3990 sicut
1629 3917 1701 3990 lul·
1755 3989 1764 4016 .

280 4053 291 4072 ·
325 4053 389 4126 gur
415 4031 561 4105 validum
588 4035 766 4119 exoricris,
795 4043 828 4104 et
854 4029 1058 4105 habitatores
1083 4030 1186 4121 orbis,
1212 4055 1275 4127 per
1290 4055 1451 4105 summam
1477 4032 1701 4107 fortitudinem

325 4157 413 4221 tuam
442 4152 702 4222 contremiscere
727 4147 844 4252 iacies,
873 4147 1005 4242 quando
1033 4147 1130 4234 coeli,
1157 4159 1237 4220 nutu
1259 4147 1433 4220 levissimo
1461 4157 1517 4222 tno
1545 4158 1701 4245 tanquam

324 4264 482 4337 volumen
509 4263 805 4360 complicabuntur,
833 4274 867 4336 et
893 4263 1051 4336 coelestis
1085 4263 1178 4337 orbis
1212 4267 1246 4336 in
1277 4263 1531 4337 conturbatione
1564 4287 1700 4358 magna,

324 4403 345 4452 a
377 4378 490 4452 veloci
523 4391 614 4452 motu
648 4401 710 4452 sno
744 4381 921 4452 consistet:
962 4379 1093 4474 quando
1127 4389 1216 4452 astra
1251 4402 1297 4451 ex
1333 4379 1513 4474 splendore
1552 4383 1699 4452 maximo

322 4495 492 4568 radiorum
528 4505 658 4568 tuorum
691 4493 957 4568 obscurabuntur
997 4505 1031 4568 et
1071 4494 1323 4569 tenebrescent:
1364 4494 1594 4594 elementaque
1635 4496 1700 4569 sibi

322 4615 490 4684 contraria
517 4615 549 4683 in
576 4609 709 4683 nibilum
736 4633 803 4684 uno
829 4614 953 4706 impetu
979 4621 1148 4700 corruent,
1175 4621 1210 4683 et
1235 4608 1404 4683 decident:
1436 4611 1569 4707 quarmo
1596 4635 1699 4685 mon-

321 4737 374 4801 tes
401 4727 441 4801 ob
469 4727 696 4820 indignatione
722 4737 778 4800 tna
804 4725 944 4818 fugient,
972 4738 1006 4799 et
1032 4749 1177 4823 corpora
1211 4725 1292 4798 dura
1327 4734 1361 4797 et
1387 4749 1474 4822 quae
1508 4732 1570 4801 vix
1596 4727 1700 4800 dividi

320 4853 473 4938 possunt,
500 4853 655 4938 tanquam
682 4864 762 4914 cera
789 4864 904 4916 coram
932 4841 1055 4915 ardore
1082 4853 1138 4916 tuo
1165 4841 1405 4914 dissolventur:
1437 4845 1570 4939 quando
1598 4844 1698 4918 tubae

320 4961 602 5033 resurrectionem
628 4956 817 5030 terribiliter
843 4956 1012 5052 clangent,
1039 4968 1074 5030 et
1092 4955 1245 5053 sepulcra
1259 4960 1459 5054 aperientur,
1486 4982 1698 5055 corporaque

320 5073 354 5142 in
381 5075 431 5146 eis
458 5076 567 5170 posita
594 5075 796 5149 emittentur:
829 5072 961 5170 quando
992 5072 1140 5149 inlemus
1167 5083 1318 5148 mortuos
1352 5075 1387 5148 in
1420 5075 1477 5148 illo
1514 5079 1697 5152 seminatos
