4784 6040
676 565 879 650 Pffltoxtrti
905 569 1075 650 EPISCOPI
1100 573 1375 650 saturandus.
1636 570 1713 651 405

337 763 496 857 quitatem
524 769 558 833 et
584 761 691 854 impiis
719 740 898 833 destinato:
925 760 1084 832 transduc
1110 760 1185 834 illos
1210 759 1294 832 ultra
1321 761 1478 832 transitus
1504 760 1580 836 illos
1608 765 1713 834 terri-

337 876 423 950 biles
465 887 499 948 at
529 877 689 968 regiones
724 864 843 948 timore
874 877 1005 971 plenas:
1046 879 1139 972 eripe
1171 875 1247 950 illos
1286 899 1306 947 a
1339 885 1504 972 potestate
1541 880 1714 978 spirituum

338 991 500 1064 malorum
527 1002 561 1062 et
587 994 809 1063 inimicorum:
837 1013 919 1062 erue
945 990 1020 1064 illos
1046 1014 1109 1087 per
1135 995 1368 1064 miserationes
1398 1005 1473 1066 tuas
1501 1017 1521 1065 a
1547 995 1715 1085 voragine

338 1113 453 1181 mortis
481 1106 669 1180 secundae:
695 1104 749 1179 fac
775 1106 849 1178 iilos
876 1106 997 1200 dignos
1020 1107 1198 1204 splendore
1213 1107 1397 1204 triumphali
1416 1118 1604 1182 sanctorum
1632 1119 1714 1182 tuo-

338 1248 423 1313 rum,
450 1233 483 1296 et
510 1223 635 1295 decore
662 1245 778 1296 eorum
805 1225 860 1317 qui
892 1246 912 1294 a
945 1233 979 1295 te
1006 1223 1049 1296 ad
1075 1227 1205 1318 nuptias
1239 1226 1367 1297 invitati
1400 1236 1483 1300 sunt.
1536 1223 1645 1297 Aufer
1680 1235 1715 1297 et

340 1341 415 1413 dele
442 1337 592 1442 defectus
620 1359 755 1410 eorum:
782 1361 892 1434 neque
919 1343 1021 1412 intres
1049 1342 1082 1410 in
1105 1339 1263 1432 judicium
1289 1363 1363 1411 cum
1396 1340 1473 1426 illis,
1506 1344 1582 1438 quia
1613 1363 1712 1414 nemo

341 1466 393 1530 est
418 1456 504 1529 liber
530 1453 571 1526 ah
599 1455 813 1526 accusatione
839 1458 982 1550 peccati,
1009 1457 1072 1527 nisi
1090 1457 1278 1548 unigenitus
1295 1456 1397 1529 Filius
1425 1469 1511 1548 tuus,
1538 1480 1714 1555 perquem

339 1595 403 1645 nos
431 1593 564 1668 quoque
590 1570 852 1643 misericordiam
879 1575 1040 1666 consequi
1073 1593 1267 1668 speramus,
1302 1582 1335 1645 et
1366 1576 1596 1647 remissionem
1624 1595 1713 1668 pec-

340 1698 500 1774 catomm,
528 1709 614 1782 quae
641 1697 779 1782 propter
805 1710 879 1759 eum
908 1696 969 1776 est,
996 1696 1064 1760 tam
1089 1686 1187 1762 nobis
1215 1711 1313 1784 quam
1340 1689 1413 1764 iltis.

443 1803 604 1896 Popotm.
660 1801 813 1888 Quietem
839 1811 983 1897 praesta.

444 1918 629 1990 Sacerdos.
683 1919 828 1990 Domine
861 1921 915 2015 qui
949 1917 1069 1992 delicta
1102 1920 1274 2010 dimittis„
1288 1929 1323 1991 et
1356 1921 1518 2015 propitius
1555 1940 1593 1992 es
1626 1943 1714 2016 pec-

339 2039 432 2124 catis
459 2057 562 2130 parce
589 2032 687 2107 nohis
714 2032 879 2122 omnihus,
913 2057 974 2130 par
1007 2039 1151 2129 gratiam
1179 2046 1288 2125 tuam,
1323 2035 1449 2108 dimitte
1482 2035 1598 2132 culpas
1634 2058 1714 2108 sar-

338 2174 458 2227 vorum
485 2161 626 2238 tuorum,
653 2173 762 2245 neque
789 2172 985 2223 accusemur
1011 2165 1150 2249 propter
1184 2175 1287 2249 opera
1324 2157 1451 2250 impura
1483 2163 1608 2226 nostra.
1662 2152 1716 2225 Ne

339 2265 469 2340 flamma
501 2289 579 2362 pars
613 2276 729 2338 nostra
761 2265 837 2354 fiat,
869 2266 913 2338 ob
946 2266 1203 2342 inobedientiam
1236 2281 1386 2342 nostram
1417 2273 1607 2365 praeceptis
1640 2271 1715 2342 tuis.

339 2380 393 2455 Ne
417 2383 678 2455 condemnemur
702 2381 760 2454 illo
788 2383 842 2454 die
869 2406 934 2478 quo
962 2389 1187 2481 unusquisque
1203 2384 1452 2460 retributionem
1480 2389 1633 2481 accipiet,
1651 2408 1716 2458 se-

340 2498 480 2571 cundum
508 2499 541 2570 id
569 2498 657 2594 quod
685 2501 769 2590 egit:
797 2520 864 2570 non
891 2509 1104 2595 torqueamur
1132 2505 1211 2594 igne
1238 2502 1294 2576 illo
1322 2501 1531 2590 vehementi,
1559 2524 1669 2598 neque
1695 2525 1719 2574 a

340 2613 448 2688 salute
474 2625 530 2687 tua
558 2613 657 2686 alieni
685 2611 821 2687 fiamus:
856 2615 917 2687 sed
944 2617 1121 2713 splendere
1152 2618 1207 2691 iac
1233 2621 1267 2690 in
1298 2618 1397 2692 nobis
1432 2623 1587 2691 virtutem
1615 2628 1715 2706 tuam,

339 2734 433 2803 utin
460 2730 569 2820 nobis,
596 2753 659 2828 pro
686 2731 796 2823 nobis,
824 2743 857 2803 et
883 2743 1023 2829 propter
1047 2756 1122 2824 nos,
1150 2735 1354 2827 glorificatur
1380 2757 1503 2808 nomen
1524 2744 1613 2806 tuum
1631 2735 1718 2826 glo-

340 2850 559 2921 riosissimum
592 2857 627 2919 et
659 2846 884 2920 benedictum:
921 2847 1084 2945 simulque
1115 2853 1275 2943 unigeniti
1309 2851 1384 2923 Filii
1420 2855 1466 2924 tui
1504 2864 1537 2924 et
1572 2849 1716 2946 Spiritus

341 2967 457 3051 sancti,
485 2971 547 3036 etc.

444 3080 606 3174 Populos.
660 3079 763 3153 Sicut.

444 3196 628 3268 Sacerdos.
683 3198 766 3269 Pax.

446 3311 608 3405 Populus.
661 3309 805 3384 Etcum
833 3313 949 3408 spiritu
976 3321 1043 3385 tuo.

444 3427 630 3499 Sacerdos.
683 3427 937 3501 Misericordiae
966 3429 1040 3500 Dei.

446 3542 607 3636 Populos.
660 3541 704 3614 Et
730 3565 805 3615 cum
833 3545 949 3638 spiritu
975 3552 1043 3615 tuo.

321 3671 324 3678 “
445 3658 633 3731 Diaconum.
684 3659 807 3731 Iterum
834 3669 934 3755 atque
960 3662 1089 3732 iterum.

369 3930 545 4005 Sacerdos
567 3937 702 4027 froopit
729 3941 764 4006 et
788 3938 919 4030 aponi:
945 3940 979 4006 et
1006 3936 1091 4006 dicit
1118 3937 1310 4006 orationem
1336 3938 1418 4005 onte
1444 3933 1544 4004 Pater
1565 3940 1690 4003 noster.

404 4105 408 4114 ¹
445 4121 667 4196 Vcneraudus
695 4132 728 4195 at
753 4124 947 4197 benedictus
976 4147 1014 4198 es
1040 4125 1196 4216 Domine,
1222 4109 1316 4218 cnjus
1336 4121 1479 4215 gloriam
1497 4119 1584 4193 coeli
1611 4142 1717 4191 euar-

343 4247 427 4326 rant,
455 4247 488 4310 et
513 4249 698 4334 potestates
726 4242 849 4332 igneae
875 4250 909 4312 te
935 4240 1066 4336 hymnis
1094 4240 1283 4313 celebrant:
1320 4242 1375 4334 qui
1407 4249 1546 4334 propter
1577 4235 1717 4312 salutem

343 4364 491 4427 nostram
518 4357 637 4428 misisti
662 4359 868 4448 unigenitum
894 4355 1012 4429 Filium
1039 4367 1129 4429 tuum
1155 4360 1186 4429 in
1214 4364 1352 4428 terram:
1389 4365 1423 4427 et
1447 4353 1505 4426 ille
1532 4351 1631 4426 homo
1656 4352 1717 4424 fa-

344 4477 416 4542 ctus
441 4492 504 4565 pro
532 4470 650 4561 nobis,
677 4470 833 4546 liberavit
860 4494 922 4545 nos
951 4497 969 4544 a
997 4476 1160 4546 servitute
1186 4475 1334 4567 peccati,
1361 4493 1492 4566 nosque
1518 4473 1551 4541 in
1578 4465 1719 4541 sublime

343 4593 377 4656 et
402 4585 444 4657 ad
470 4590 574 4659 vitam
601 4589 768 4682 elevavit,
804 4587 944 4684 perfecit
970 4597 1003 4661 et
1036 4587 1275 4662 sanctificavit:
1310 4588 1422 4660 docuit
1454 4590 1552 4659 etiam
1584 4607 1649 4658 uos
1683 4595 1720 4656 ut

343 4703 527 4774 orationem
555 4713 589 4776 et
614 4726 749 4800 precem
779 4704 974 4778 offerremus
1000 4704 1069 4778 tibi.
1123 4706 1175 4779 Tu
1203 4707 1302 4780 etiam
1329 4726 1415 4776 nunc
1442 4705 1657 4790 misericors,
1684 4709 1720 4771 et

343 4816 489 4891 clemens
516 4819 672 4908 Domine,
699 4821 792 4916 reple
818 4843 881 4894 uos
909 4821 1004 4895 donis
1031 4824 1161 4914 gratiae
1189 4831 1276 4909 tuae,
1304 4833 1338 4893 et
1359 4819 1528 4894 sanctifica
1557 4843 1618 4894 ora
1647 4817 1719 4888 lin-

343 4954 495 5029 guasque
527 4947 683 5025 nostras,
714 4947 751 5009 ut
784 4960 868 5034 pure
903 4947 937 5009 et
963 4947 1079 5012 sancte
1113 4938 1294 5011 clamemus
1331 4936 1373 5010 ad
1407 4945 1456 5024 te,
1493 4949 1528 5010 et
1560 4936 1718 5009 dicamus.

342 5048 444 5122 Pater
470 5061 587 5125 noster
614 5057 669 5149 qui
696 5077 734 5127 es
761 5056 794 5126 in
822 5053 938 5126 coelis.

1427 5169 1508 5244 54*
