4782 6068
602 541 734 657 'aan
964 641 967 646 ,
1164 587 1523 667 urrunnun

657 794 742 865 erga
773 795 848 862 nos,
874 751 999 867 g'ratias
1026 777 1155 868 agimus
1182 773 1241 846 tibi
1272 773 1365 848 Deus
1396 776 1498 850 Pater
1523 797 1618 867 vere,
1646 781 1686 876 et,
1704 773 1789 847 Filio
1817 785 1873 848 tuo
1900 775 2027 867 unige-

656 889 738 976 nito,
765 897 800 960 et
825 887 961 986 Spiritui
987 899 1043 962 tuo
1070 894 1152 963 vivo
1180 899 1215 962 et
1249 901 1384 982 sancto3
1418 891 1661 985 adoremusque
1688 872 1722 963 de
1748 900 1888 988 propter
1914 891 2027 963 omnia

656 1000 820 1076 beneficia
846 1013 913 1095 tua,
942 1029 1028 1100 quae
1054 1006 1219 1081 contulisti
1239 1004 1349 1096 nobis,
1377 1017 1444 1079 tam
1472 1029 1513 1078 ea
1540 1029 1626 1102 quae
1653 1007 1788 1092 scimus,
1815 1030 1913 1110 quam
1941 1028 2029 1101 quae

657 1121 861 1212 ignoramus,
887 1121 1063 1195 manifesta
1090 1133 1124 1194 et
1159 1133 1301 1197 secreta.
1357 1122 1490 1196 Gratias
1517 1144 1650 1218 quoque
1683 1125 1812 1214 agimus
1848 1121 1907 1195 tihi
1938 1145 2026 1218 pro-

656 1245 730 1331 pter
756 1234 820 1309 hoc
846 1239 1073 1326 ministerium,
1101 1237 1320 1334 deprecantes
1353 1248 1388 1311 te
1419 1251 1456 1311 ut
1486 1240 1651 1334 suscipias
1683 1237 1762 1311 illud
1796 1262 1842 1310 ex
1875 1238 2025 1312 manibus

656 1354 799 1424 nostris:
826 1356 899 1447 quis
927 1357 1013 1426 enim
1041 1354 1178 1426 sulliciat
1211 1354 1254 1426 ad
1281 1354 1466 1426 enarranda
1492 1353 1651 1427 miracula
1677 1359 1852 1451 potestatis
1879 1367 1965 1445 tuae,
1992 1365 2027 1429 et

657 1466 784 1541 auditas
810 1466 912 1541 iaciat
938 1492 1055 1543 omnes
1081 1469 1197 1543 laudes
1223 1470 1324 1543 tuas?
1361 1474 1436 1566 quia
1469 1474 1598 1545 etiamsi
1632 1481 1806 1545 creaturae
1841 1493 1957 1544 omnes
1984 1493 2025 1545 os

655 1603 754 1654 unum
781 1595 896 1660 essent
927 1595 961 1657 et
995 1609 1061 1660 una
1087 1586 1219 1680 lingua,
1253 1609 1319 1661 non
1354 1587 1542 1662 sufficerent
1573 1587 1717 1661 Domine
1751 1587 1794 1660 ad
1824 1588 2023 1684 loquendum

655 1697 697 1770 de
724 1704 899 1794 majestate
925 1713 990 1774 tua.
1792 1717 1797 1724 '

759 1817 885 1889 Canon.
939 1819 1024 1905 Quia
1056 1842 1170 1893 coram
1204 1819 1365 1892 Trinitate
1404 1830 1460 1892 tua
1492 1820 1655 1912 Domine,
1690 1821 1875 1891 consistunt
1905 1819 2023 1891 millies

654 1931 755 2024 mille,
783 1944 817 2006 et
844 1933 956 2009 decies
983 1935 1112 2025 millies
1141 1936 1257 2008 decem
1283 1934 1372 2007 mille
1399 1934 1539 2029 Angeli:
1567 1957 1750 2031 omnesque
1776 1936 1873 2008 simul
1898 1939 2023 2031 pariter

652 2047 809 2124 volantes
839 2053 1048 2124 incessanter
1080 2061 1114 2124 et
1145 2062 1327 2148 perpetuo,
1364 2074 1454 2125 voce
1497 2051 1562 2123 alta
1597 2062 1632 2124 et
1663 2051 1861 2124 indesinenti
1892 2052 2022 2124 laudem

653 2175 787 2254 canunt,
808 2166 961 2261 J'uhilant,
988 2168 1170 2241 clamantes
1197 2190 1280 2242 unus
1308 2167 1350 2240 ad
1376 2167 1515 2241 alterum
1529 2167 1676 2241 dicantes
1704 2178 1737 2239 et
1761 2166 2023 2263 respondentes:

654 2278 810 2370 Sanctus,
836 2282 991 2378 Sanctus,
1017 2296 1081 2356 etc.

756 2398 932 2471 Sacerdos
959 2401 1131 2494 profunde
1156 2401 1364 2472 inclinatae
1389 2400 1533 2471 dicendo
1561 2400 1650 2471 dane
1678 2399 1885 2470 Orationem.
1928 2397 2022 2469 San-

550 2574 554 2580 .
653 2521 737 2602 ctus,
755 2511 910 2606 Sanctus,
933 2515 1075 2591 Sanetus
1089 2518 1249 2590 Dominus
1276 2516 1384 2608 fortis,
1411 2519 1504 2609 cujus
1530 2515 1620 2612 pleni
1647 2525 1723 2589 sunt
1748 2515 1836 2588 coeli
1863 2525 1897 2586 et
1922 2524 2021 2586 terra.

843 2788 1059 2862 Pronnnciat
1084 2789 1174 2864 donc
1204 2794 1397 2865 orationem
1423 2793 1658 2876 inclinationis
1682 2797 1827 2862 secreto.

756 2975 906 3075 Cumque
933 2978 997 3053 nus
1028 2980 1249 3077 potestatibus
1277 2981 1500 3068 coelestinus,
1533 2989 1567 3080 et
1598 3002 1662 3054 nos
1695 2981 1837 3054 Domine
1871 2980 1960 3054 bone
1986 2992 2021 3053 ct

520 3131 524 3136 ·
650 3092 744 3165 Deus
770 3099 961 3170 misericors
988 3095 1168 3170 clamamus
1188 3109 1222 3169 et
1239 3098 1389 3188 dicimus,
1417 3107 1551 3170 sanetus
1579 3119 1617 3169 es
1643 3119 1740 3189 vere,
1765 3107 1800 3169 et
1827 3119 1909 3170 vere
1935 3096 2019 3188 glo·-

649 3209 837 3298 rideamus,
866 3212 1033 3302 excelsus,
1060 3211 1291 3310 sublimisque3
1326 3213 1414 3308 quod
1450 3212 1648 3287 adoratores
1684 3223 1761 3286 tuos
1789 3216 1903 3308 quiin
1930 3224 2019 3285 terra

649 3334 726 3397 sunt
751 3325 871 3418 dignos
898 3327 1016 3417 fecisti,
1043 3327 1168 3402 similos
1195 3328 1258 3402 illis
1285 3350 1364 3402 esse
1392 3332 1446 3425 qui
1462 3339 1495 3401 te
1510 3329 1697 3422 glorificant
1723 3332 1756 3401 in
1783 3330 1896 3402 coelis.
1924 3329 2019 3402 San-

648 3453 722 3515 ctus
748 3447 847 3516 etiam
873 3443 976 3517 Filius
1003 3454 1078 3517 tuus
1104 3447 1292 3539 unigenitus
1309 3431 1472 3519 Dominus
1499 3446 1725 3518 noster-lesus
1753 3443 1916 3534 Christus,
1943 3469 2019 3518 cum

648 3557 773 3653 Spiritu
800 3569 929 3648 sancto,
956 3564 1011 3656 qui
1036 3569 1146 3634 tecum
1180 3562 1222 3634 ab
1255 3572 1393 3634 aeterno
1421 3565 1596 3651 coexistit,
1629 3572 1665 3634 ut
1699 3561 1848 3654 ejusdem
1876 3584 2018 3636 consors

648 3685 803 3765 naturae,
844 3687 877 3749 et
916 3677 1068 3750 conditor
1105 3682 1249 3750 omnium
1292 3687 1528 3751 creaturarum.
1598 3677 1829 3750 Benedieimus
1861 3678 2018 3766 Domine,

648 3789 758 3862 Deum
776 3789 937 3882 Verbum,
959 3791 1077 3864 Filium
1106 3794 1346 3885 absconditum,
1374 3799 1429 3890 qui
1456 3804 1508 3867 est
1534 3817 1579 3865 ex
1606 3797 1679 3866 sinu
1706 3803 1775 3883 tuo,
1802 3796 1857 3888 qui
1882 3816 1958 3866 oum
1984 3797 2019 3868 in

649 3907 858 3982 similitudine
883 3918 939 3980 tua
966 3919 1069 4000 esset,
1096 3921 1130 3983 et
1164 3914 1277 4004 imago
1305 3910 1508 3983 substantiae
1534 3922 1624 4001 tuae,
1651 3930 1717 3982 non
1742 3913 1893 4005 rapinam
1920 3910 2016 3982 arbi-

647 4032 753 4096 tratus
780 4036 937 4097 estesse
964 4047 1002 4099 se
1029 4025 1203 4121 aequalem
1229 4025 1304 4098 tibi:
1331 4025 1396 4100 sed
1419 4029 1633 4122 semetipsum
1661 4026 1865 4115 exinanivit,
1902 4035 1935 4098 et
1962 4031 2016 4102 si-

617 4204 622 4218 ,
648 4137 861 4212 militudinem
887 4144 979 4212 servi
999 4144 1140 4239 aceepit,
1165 4140 1331 4215 hominem
1359 4141 1545 4239 perlectum
1572 4165 1618 4214 ex
1643 4143 1751 4212 anima
1777 4141 1932 4214 rationali
1957 4147 2015 4215 in-

647 4253 819 4348 telligente
846 4267 880 4329 et
906 4256 1100 4347 immortali,
1133 4268 1167 4330 et
1193 4280 1339 4355 corpore
1371 4257 1503 4332 mortali
1535 4258 1712 4346 hominum,
1740 4265 1774 4327 et
1800 4260 1972 4350 conjunxit
2002 4254 2015 4294 ⁷

647 4367 738 4442 illum
765 4371 840 4462 sibi,
866 4375 1037 4468 univitque
1064 4396 1177 4447 secum
1203 4376 1236 4445 in
1257 4372 1379 4468 gloria,
1404 4384 1572 4471 potestate
1594 4384 1633 4478 et
1658 4373 1799 4462 honore,
1826 4395 1872 4444 ex
1898 4383 2016 4447 natura

648 4509 710 4562 sua
736 4486 947 4583 passibilem:
981 4492 1037 4583 qui
1072 4489 1233 4562 formatus
1266 4499 1319 4563 est
1352 4513 1415 4586 per
1446 4493 1601 4563 virtutem
1637 4489 1779 4585 Spiritus
1813 4492 1919 4562 sancti
1953 4513 2016 4586 pro

648 4601 755 4677 salute
782 4607 942 4678 omnium:
970 4607 1090 4701 quique
1116 4606 1223 4678 lactus
1242 4615 1303 4708 est
1329 4629 1376 4678 cx
1402 4605 1550 4696 muliere,
1571 4604 1749 4700 factusque
1776 4604 1838 4677 sub
1864 4604 1955 4698 lege,
1980 4616 2017 4678 ut

648 4721 792 4814 eosqui
824 4719 885 4792 snb
918 4721 997 4815 lege
1030 4731 1125 4794 erant
1153 4722 1349 4812 redimeret,
1383 4732 1417 4794 et
1449 4743 1566 4794 omnes
1598 4724 1653 4818 qui
1684 4725 1717 4792 in
1751 4721 1861 4793 Adam
1895 4726 2016 4796 mortui

648 4845 744 4907 erant
768 4836 970 4910 vivificaret:
997 4837 1226 4934 destruxitque
1251 4846 1424 4934 peccatum
1440 4840 1474 4910 in
1493 4860 1596 4911 carne
1612 4862 1684 4926 sua,
1711 4848 1745 4911 et
1769 4838 1879 4930 legem
1906 4860 2015 4934 prae-

646 4961 818 5047 ceptorum
844 4974 905 5048 per
931 4966 1109 5050 praecepta
1136 4977 1196 5026 sua
1219 4955 1397 5027 destruxit:
1425 4957 1554 5050 aperuit
1569 4953 1686 5027 oculos
1700 4957 1855 5027 mentium
1872 4966 2015 5028 nostra-

643 5087 716 5138 rum
743 5071 799 5164 qui
825 5072 918 5142 caeci
943 5091 1088 5164 eramus,
1115 5081 1149 5146 et
1173 5070 1307 5170 planam
1323 5069 1402 5144 fecit
1426 5069 1525 5146 nobis
1550 5073 1641 5146 viam
1666 5071 1798 5162 salutis3
1825 5081 1859 5142 et
1884 5069 2010 5143 illumi-
