4728 6028
713 675 754 750 lli
779 669 985 752 LlTUliGlhll
1012 672 1041 750 S.
1068 671 1188 749 risu.
1563 662 1637 746 lus

268 871 343 938 quos
365 853 531 938 Jacobitae,
554 865 696 939 tanquam
717 856 875 921 Ecclesiae
897 876 970 921 suae
1003 856 1123 930 lumina,
1146 863 1347 935 venerantur,
1377 855 1445 919 illos
1467 855 1636 922 blarouitua

268 955 446 1020 anathemati
469 958 681 1040 subjecissent,
705 975 890 1020 neccarum
915 957 1034 1020 nomina
1057 975 1124 1018 cum
1146 955 1262 1018 honore
1283 957 1315 1017 in
1336 955 1485 1039 Diptycha
1508 955 1633 1020 retulis-

267 1062 344 1119 sent.
389 1055 431 1118 At
453 1057 484 1118 iu
506 1074 545 1120 eo
569 1055 762 1140 ipsohlissali
783 1056 872 1134 libro,
895 1075 983 1138 mem
1005 1063 1038 1118 ut
1060 1054 1197 1140 regulam
1213 1054 1415 1119 celebrandae
1427 1054 1634 1120 Eucharistiae

267 1173 337 1218 esse
359 1157 532 1234 voluerunt,
555 1163 719 1220 occurrunt
739 1156 960 1220 haereticorum
989 1154 1105 1234 laudes,
1126 1156 1296 1217 nominatur
1323 1156 1354 1218 in
1375 1155 1531 1237 Diptvchis
1554 1156 1634 1218 Bar-

189 1295 193 1316 i
267 1269 366 1316 sumas
389 1273 408 1317 a
429 1253 565 1318 Concilio
581 1254 998 1334 Calchedouensidamnatus,
1021 1253 1201 1335 tandemque
1223 1253 1336 1335 aliquot
1358 1255 1513 1339 Liturgiae
1535 1255 1634 1320 locum

265 1349 378 1416 babent
399 1371 478 1434 quae
500 1354 537 1416 ab
559 1355 718 1438 Episcopis
740 1356 886 1420 iacebitis
909 1353 1200 1435 scriptaeiuerunt,
1233 1361 1283 1416 aut
1305 1352 1537 1436 appellationem
1558 1361 1632 1417 tra-

265 1460 392 1515 xerunt:
416 1472 474 1534 qua
497 1453 535 1517 de
558 1473 593 1517 re
623 1455 694 1518 alibi
721 1456 832 1519 dictum
855 1475 872 1519 a
894 1455 981 1518 nobis
1009 1460 1067 1519 est.
1123 1451 1198 1516 Cum
1226 1461 1324 1515 autem
1354 1455 1411 1516 ista
1440 1451 1575 1534 liturgia
1602 1453 1634 1514 in

266 1551 422 1634 plerisque
445 1553 665 1635 exemplaribus
687 1555 813 1635 primum
835 1554 934 1618 locum
964 1559 1103 1633 occupet,
1124 1551 1216 1615 multa
1239 1570 1316 1634 quae
1344 1571 1401 1633 per
1424 1551 1633 1631 compendium

265 1653 297 1714 in
320 1650 386 1714 aliis
406 1652 550 1736 Liturgiis
573 1653 781 1737 designantur,
803 1653 920 1736 integra
943 1652 1051 1715 habet:
1074 1659 1105 1714 at
1128 1669 1195 1714 cum
1210 1651 1247 1714 ad
1261 1651 1341 1714 illam
1353 1669 1414 1714 non
1426 1652 1520 1734 magis
1543 1668 1632 1732 quam

266 1751 304 1813 ad
327 1749 460 1830 rebquus
483 1753 663 1834 pertineant,
686 1771 764 1836 quae
793 1753 1022 1818 observavimus
1053 1751 1091 1814 ad
1112 1752 1193 1815 illam
1215 1753 1312 1814 sancti
1331 1751 1454 1830 iacobi,
1483 1750 1568 1813 velut
1595 1749 1634 1813 ad

265 1850 396 1913 omnium
421 1851 623 1933 praecipuam,
646 1854 828 1917 subicientes
849 1853 1018 1935 explicant,
1049 1851 1192 1933 quidquid
1214 1851 1282 1915 luce
1304 1867 1382 1931 opus
1411 1849 1545 1914 haberet.
1588 1848 1634 1912 lta

264 1949 296 2012 in
318 1949 391 2013 solis
414 1949 472 2013 illis
495 1969 572 2032 quae
595 1953 664 2016 huic
686 1952 839 2037 Liturgine
861 1953 985 2034 propria
1007 1959 1078 2014 sunt
1101 1951 1330 2016 immorabimur.

697 2249 758 2321 ¹2.
796 2247 958 2342 Accipite
985 2247 1092 2335 edite,
1120 2253 1184 2318 ete.

380 2436 500 2514 lustaus
521 2451 579 2514 hoc
601 2451 670 2515 loco
692 2451 794 2515 vitium
817 2450 938 2515 codices
960 2451 1048 2535 hujus
1069 2451 1224 2533 titurgiae
1246 2467 1344 2532 prope
1366 2465 1471 2512 omnes
1495 2463 1633 2529 occupa-

264 2554 318 2632 vit,
342 2544 409 2615 cum
432 2554 604 2618 omittantur
626 2556 721 2620 verba
741 2555 861 2633 Christi,
885 2573 947 2618 nou
971 2556 1068 2618 minus
1092 2554 1130 2617 ad
1151 2554 1412 2616 consecrationem
1425 2553 1522 2634 panis,
1545 2569 1634 2634 quam

265 2651 304 2714 ad
328 2651 438 2714 calicis.
483 2653 570 2726 erod
593 2672 686 2736 porro
721 2654 945 2719 observavimus
974 2655 1012 2718 ad
1041 2654 1193 2738 liturgias
1223 2652 1435 2735 paucissimas,
1465 2669 1543 2734 quae
1573 2668 1634 2715 non

266 2749 439 2814 dissimilem
461 2751 620 2816 lectionem
642 2754 835 2836 praeierunt,
864 2754 975 2818 omissa
1002 2754 1052 2817 illa
1080 2753 1173 2816 luisse
1201 2770 1263 2816 uon
1292 2759 1351 2815 tam
1380 2757 1466 2814 certo
1483 2752 1633 2840 consilio,

266 2867 355 2934 quam
377 2850 566 2915 librariorum
591 2852 689 2936 culpa,
711 2852 742 2917 id
763 2855 951 2917 verissimum
967 2852 1156 2916 arbitramur.
1179 2851 1262 2915 Haec
1285 2868 1405 2932 quoque
1428 2859 1531 2914 nostra
1554 2869 1633 2914 cou-

261 2951 385 3033 jectura
407 2952 553 3032 probatur
575 2952 699 3016 duorum
723 2953 876 3033 codicum,
908 2970 971 3016 non
993 2953 1265 3033 antiquissimorum
1287 2949 1425 3031 quidem,
1453 2950 1508 3014 sed
1537 2950 1588 3031 qui
1616 2967 1635 3012 a

265 3051 477 3131 blissicnariis,
500 3059 551 3113 ant
572 3051 712 3114 Romanis
734 3053 911 3116 censoribus
934 3052 1088 3116 reformati
1118 3069 1179 3113 non
1207 3049 1343 3128 fuerunt,
1374 3049 1555 3113 testimonio.
1600 3048 1634 3112 lu

265 3167 327 3212 uno
351 3151 462 3231 quippe
485 3151 603 3214 illorum
626 3151 710 3214 locus
732 3152 783 3214 ille
804 3158 838 3214 ut
858 3152 941 3214 illum
970 3151 1198 3231 interpretando
1229 3149 1446 3231 expressimus,
1470 3147 1635 3211 sehabet:

264 3249 297 3310 iu
319 3234 416 3312 altero
440 3250 477 3312 ad
500 3255 665 3333 marginem
687 3251 780 3314 verba
810 3269 888 3332 quae
918 3250 1045 3314 deerant
1067 3249 1217 3330 adscripta
1239 3255 1318 3313 sunt.
1362 3247 1431 3312 Nou
1453 3245 1633 3310 reformatos

265 3363 342 3410 vero
365 3347 459 3412 luisse
481 3351 603 3414 codices
625 3350 710 3430 illos,
741 3350 849 3431 probat
876 3351 986 3412 intacta
1016 3350 1218 3413 invocationis
1246 3348 1375 3427 Spiritus
1404 3349 1501 3411 sancti
1531 3347 1633 3427 lectio,

267 3465 354 3529 quam
376 3456 505 3530 uterque
527 3458 749 3531 repraesentat:
779 3468 847 3511 cum
876 3465 942 3512 eam
964 3449 995 3510 iu
1017 3448 1142 3530 reliquis
1164 3447 1323 3529 liturgiis,
1352 3465 1413 3509 una
1441 3445 1547 3510 Jacobi
1575 3465 1634 3508 ex-

267 3557 366 3628 cepta,
389 3547 470 3629 quod
493 3567 549 3630 per
570 3550 792 3630 incogitantiam
816 3548 964 3612 accidisse
983 3548 1144 3611 verisimile
1168 3553 1225 3624 est,
1247 3546 1458 3627 interpolatam
1481 3563 1635 3626 agnosca·-

267 3665 344 3723 mus,
366 3653 399 3709 ut
420 3647 451 3707 in
473 3646 530 3709 bac
551 3648 616 3727 ipsa
638 3647 795 3724 fecerunt,
826 3649 933 3729 quibus
956 3647 1095 3712 editionis
1118 3664 1191 3709 cura
1213 3645 1373 3708 commissa
1395 3651 1451 3708 cst.
1496 3643 1634 3706 Formam

266 3746 430 3808 verborum
453 3742 574 3822 Christi,
598 3747 682 3809 utin
705 3747 787 3826 aliis,
817 3766 924 3810 novam
955 3747 1115 3826 dederunt,
1145 3744 1290 3809 verbatim
1321 3764 1362 3806 ex
1390 3744 1495 3806 Latina
1529 3750 1633 3805 nostra

267 3861 455 3921 conversam,
478 3852 584 3908 contra
605 3847 818 3927 exemplarium
841 3849 970 3910 omnium
999 3846 1213 3929 cujuscumque
1237 3845 1358 3928 linguae
1380 3843 1483 3907 iidem:
1513 3842 1551 3906 de
1574 3861 1633 3925 qua

267 3943 483 4007 reformatione
506 3943 617 4007 dictum
651 3954 697 4008 cst
727 3946 765 4010 ad
799 3947 935 4010 eumdem
963 3945 1069 4010 iacobi
1098 3945 1251 4028 liturgiae
1281 3944 1388 4006 locum.
1444 3943 1531 4016 Quod
1558 3961 1633 4007 vero

267 4042 367 4106 desint
389 4043 482 4106 verba
511 4043 622 4109 Christi
642 4047 673 4107 in
703 4047 778 4124 ista,
806 4053 838 4108 ut
866 4046 898 4108 iu
925 4064 984 4110 uua
1010 4045 1092 4108 Petri
1122 4046 1216 4122 dicta,
1243 4043 1379 4124 Dionysii
1408 4043 1570 4122 Barsalibi,
1601 4050 1633 4105 et

264 4143 371 4224 paucis
394 4142 471 4220 aliis,
494 4161 533 4204 ex
557 4143 906 4224 Graecorum'opiuicne
929 4162 1067 4208 manasse
1097 4144 1277 4207 existimavit
1298 4143 1445 4206 Ricardus
1467 4144 1579 4218 Simon,
1602 4149 1634 4204 et

264 4240 332 4304 iuse
355 4241 519 4321 explicavit
540 4243 571 4304 in
593 4243 679 4305 Notis
703 4243 741 4305 ad
763 4243 948 4306 itinerarium
978 4243 1087 4306 Montis
1109 4242 1224 4321 Libani,
1249 4243 1389 4323 specioso
1411 4243 1546 4323 quidem,
1578 4241 1635 4305 sed

264 4341 375 4403 nullius
399 4339 546 4404 firmitatis
570 4352 760 4424 argumento,
795 4342 870 4405 Nam
892 4342 1102 4406 cumGraecis
1126 4341 1312 4405 Ortbodaxis
1334 4341 1444 4404 nullam
1468 4361 1484 4404 a
1507 4341 1634 4404 Concilii

265 4439 520 4503 Calchedonensis
556 4447 692 4521 tempore
725 4442 961 4505 communionem
993 4442 1148 4506 Jacobitae
1178 4441 1363 4505 habueruut:
1393 4459 1493 4521 nequa
1524 4439 1634 4502 Graeci

264 4537 333 4600 dum
356 4536 576 4602 invocationem
599 4541 727 4621 Spiritus
750 4542 846 4603 sancti
868 4559 936 4604 cum
964 4540 1088 4623 reliquis
1115 4541 1272 4604 Ecclesiae
1300 4541 1459 4621 precibus,
1488 4538 1526 4602 ad
1556 4557 1634 4602 cou-

263 4635 465 4699 secrationem
492 4638 708 4702 clementorum
740 4639 844 4703 valere
877 4641 1061 4720 existimant,
1095 4641 1256 4705 verborum
1287 4641 1397 4704 Christi
1418 4641 1478 4703 vim
1508 4646 1540 4702 et
1561 4637 1627 4701 elii-

265 4736 378 4798 caciam
407 4745 535 4818 negant,
566 4741 700 4818 mramvis
729 4738 968 4822 frequentissima
1003 4743 1042 4805 sit
1072 4742 1293 4825 Theclagorum
1321 4740 1525 4804 recentiorum
1552 4738 1627 4801 haec

264 4833 412 4897 adversus
435 4835 504 4898 illos
528 4838 703 4902 criminatio.
737 4841 822 4914 Quae
844 4859 937 4922 porro
960 4841 998 4905 ad
1021 4841 1213 4906 detareudam
1235 4858 1391 4904 sacrorum
1412 4841 1530 4903 illorum
1552 4855 1628 4902 ver-

263 4931 371 4996 borum
396 4934 456 4997 vim
486 4943 517 4998 et
545 4936 719 5018 dignitatem
749 4947 875 5020 possent
903 4943 1072 5021 pertinere,
1101 4959 1162 5004 uon
1190 4940 1349 5003 divinando
1379 4946 1409 5002 et
1439 4936 1476 5000 ad
1503 4938 1630 5000 alienam

265 5034 442 5096 sententiam
465 5053 501 5097 ea
524 5035 745 5118 detorquendo,
769 5039 942 5119 quaerenda
972 5047 1055 5104 sunt:
1086 5039 1199 5103 sedin
1232 5040 1353 5122 scriptis
1382 5037 1500 5102 illonrm
1529 5053 1630 5119 agno-

265 5132 378 5195 scenda
409 5141 441 5196 et
463 5134 705 5215 demonstranda,
728 5137 809 5220 quod
831 5140 941 5201 nemini
961 5137 1081 5202 illorum
1102 5141 1154 5222 qui
1174 5138 1308 5203 Graecus
1331 5156 1368 5202 eo
1390 5137 1509 5203 nomiae
1531 5137 1632 5218 impu-
