4782 6068
739 572 817 650 584
1243 573 1602 652 tttuntttt

739 765 881 837 ministri
905 766 993 856 ignis
1020 772 1055 837 at
1080 765 1234 858 spiritus3
1267 784 1342 835 cum
1369 759 1548 838 Cherubim
1576 765 1720 855 sanctis,
1747 773 1781 837 et
1807 761 1981 862 Seraphim
2007 769 2114 865 spiri-

739 877 895 971 tualibus,
920 902 1043 953 nomen
1069 890 1157 952 mum
1184 878 1395 953 sanctificant·
1418 891 1452 953 et
1474 878 1659 971 celebrant,
1686 881 1882 974 clamantes,
1908 893 1942 956 ot
1967 883 2115 958 laudan·

740 1005 805 1088 tas,
830 996 1056 1069 indesinenter
1083 995 1258 1068 clamando
1286 995 1440 1069 altered
1467 995 1618 1070 alterum.

843 1111 975 1184 Dicam
999 1111 1073 1184 olto
1098 1134 1194 1185 occe.
1246 1111 1401 1202 Sanctus,
1428 1111 1593 1200 Sanctus,
1628 1114 1789 1202 Sanctus,
1823 1116 1986 1190 Dominus
2019 1119 2114 1192 Deus

740 1238 871 1325 potans,
897 1225 988 1324 pleni
1015 1237 1092 1302 sunt
1117 1229 1206 1302 coeli
1233 1237 1268 1300 at
1292 1237 1383 1300 terra
1409 1228 1518 1320 gloria
1546 1233 1629 1325 ejus.

843 1343 1020 1416 Sacerdos
1045 1351 1192 1418 secreto.
1237 1344 1393 1434 Saucius,
1420 1346 1576 1435 Sanctus,
1603 1346 1748 1422 Sanctus
1775 1371 1824 1438 es,
1850 1350 1994 1422 Domine
2020 1353 2114 1425 Dens

738 1470 873 1558 potens,
899 1461 994 1553 cujus
1020 1460 1130 1552 gloria
1155 1459 1246 1556 pleni
1278 1473 1354 1536 sunt
1389 1460 1475 1536 coeli
1502 1473 1537 1534 et
1561 1473 1663 1553 terra,
1690 1475 1724 1538 et
1756 1476 1875 1540 natura
1908 1465 2115 1542 substantiae

740 1581 832 1672 ejus:
858 1575 1050 1649 ethonore
1077 1577 1264 1674 splendoris
1293 1580 1365 1670 ejus
1393 1579 1550 1670 gloriosi:
1578 1580 1683 1671 (sicut
1708 1585 1866 1679 scriptum
1893 1584 1963 1674 est)
1982 1583 2114 1656 coelum

740 1705 776 1768 et
800 1704 891 1768 terra
916 1691 1016 1790 plana
1042 1696 1108 1766 mei
1135 1703 1222 1782 snut,
1251 1694 1329 1766 dicit
1353 1693 1517 1767 Dominus
1543 1707 1673 1792 potens.
1700 1697 1845 1772 Sanctus
1872 1721 1910 1771 es
1929 1699 2022 1772 Deus
2039 1702 2114 1773 Pa-

739 1824 803 1899 ter,
828 1832 914 1884 vera
940 1810 1043 1898 solus,
1072 1833 1091 1882 a
1120 1831 1186 1906 quo
1215 1812 1323 1883 omnis
1341 1813 1524 1904 paternitas
1541 1815 1574 1883 io
1590 1812 1691 1886 coelo
1718 1824 1752 1886 et
1777 1817 1811 1886 in
1838 1826 1928 1887 terra
1953 1819 2114 1889 nomina-

739 1938 803 2002 tur.
856 1925 998 2000 Sanctus
1025 1948 1064 1998 es
1090 1925 1155 1999 Fili
1181 1935 1335 2018 aeterne,
1369 1949 1431 2022 per
1458 1950 1556 2023 quem
1583 1934 1694 2003 omnia
1719 1929 1809 2004 lactu
1835 1941 1919 2004 sunt.
1969 1932 2115 2004 Sanctus

740 2067 779 2120 es
810 2044 954 2142 Spiritus
988 2055 1121 2135 sancte,
1160 2056 1315 2134 aeterne,
1360 2068 1423 2143 per
1455 2067 1555 2143 quem
1588 2050 1699 2119 omnia
1732 2047 1986 2122 sanctificantur.
2038 2048 2116 2121 Vae

738 2162 827 2251 mibi,
854 2185 922 2237 vae
948 2162 1037 2252 mibi,
1064 2166 1120 2258 qui
1155 2163 1329 2258 obstupui,
1362 2165 1437 2259 quia
1472 2167 1526 2234 vir
1559 2163 1705 2259 poDutus
1739 2162 1838 2238 labiis
1871 2186 1939 2257 ego
1973 2187 2046 2238 sum
2081 2175 2116 2238 et

739 2281 826 2354 inter
851 2279 1010 2375 populum
1037 2277 1198 2375 pollutum
1230 2278 1328 2352 labiis
1360 2277 1487 2367 habito,
1514 2287 1549 2352 et
1571 2279 1703 2373 Regem
1734 2279 1912 2354 Dominum
1942 2292 2116 2377 potentem

741 2397 899 2470 viderunt
925 2394 1014 2470 oculi
1039 2399 1116 2468 mei.
1151 2395 1259 2481 Duam
1285 2394 1442 2468 terribilis
1469 2393 1634 2470 estbodia
1660 2395 1755 2470 locus
1781 2400 1862 2486 iste3
1888 2419 1958 2471 non
1984 2408 2037 2470 cst
2061 2396 2117 2472 bie

742 2511 842 2596 alind,
856 2514 921 2586 nisi
948 2512 1066 2586 domus
1093 2510 1159 2584 Dei
1186 2522 1222 2585 et
1246 2521 1344 2608 porta
1371 2510 1469 2601 coeli,
1496 2514 1573 2608 quia
1600 2511 1698 2585 oculo
1726 2511 1769 2584 ud
1795 2512 1928 2587 oculum
1952 2518 2048 2588 visus
2075 2536 2115 2588 es

739 2629 901 2704 Domine..
947 2628 1045 2702 Nunc
1070 2648 1155 2702 vcro
1183 2629 1270 2701 adsit
1294 2628 1470 2702 nobiscum
1501 2631 1610 2720 gratm
1636 2638 1704 2720 tua,
1729 2627 1885 2720 Domine,
1910 2654 2020 2728 purga
2045 2634 2116 2703 im-

739 2744 916 2820 munditias
942 2754 1091 2836 nostrus,
1118 2755 1153 2817 et
1179 2743 1352 2820 sanctifica
1377 2742 1468 2818 lubia
1494 2754 1618 2818 nostra.
1677 2745 1789 2838 lunge
1813 2767 1921 2819 voees
1946 2751 2115 2821 tenuitatis

741 2868 898 2949 nostrae,
936 2884 1011 2934 cum
1044 2862 1306 2938 sanctificatione
1337 2859 1514 2958 Seraphim
1557 2869 1591 2932 et
1627 2860 1927 2954 mctangetorum.
1998 2863 2115 2937 Gloria

739 2975 1009 3053 miserationibus
1038 2980 1113 3066 tuis,
1140 2981 1218 3074 quia
1244 2987 1395 3051 temenos
1422 2980 1558 3051 sociasti
1585 3001 1659 3051 cnm
1686 2977 1919 3075 spiritualibus.

850 3253 899 3325 Et
920 3256 1142 3349 prosequitur
1167 3259 1302 3326 secreto
1330 3251 1449 3324 diceas
1474 3251 1659 3326 inclinatus
1683 3253 1774 3325 bunc
1801 3255 2009 3327 Orationem,

844 3441 889 3518 m
915 3466 991 3518 cum
1015 3441 1080 3517 illis
1106 3441 1332 3516 Potestatibus
1366 3441 1567 3516 coelestibus
1602 3442 1795 3516 confitemur
1821 3444 1897 3536 tibi,
1923 3467 1986 3519 nos
2013 3450 2115 3521 etiam

742 3564 920 3652 servitui,
946 3570 1076 3651 tenues,
1102 3557 1253 3632 imbelles
1280 3569 1315 3631 et
1340 3559 1475 3647 infirmi,
1508 3562 1585 3656 quia
1611 3563 1806 3657 praestitisti
1840 3562 1938 3636 nobis
1971 3568 2114 3655 gratiam

742 3690 832 3752 tuam
858 3698 1024 3770 magnam,
1052 3698 1139 3773 quaa
1164 3674 1304 3772 rependi
1328 3697 1398 3748 non
1424 3686 1545 3771 potest
1609 3675 1740 3773 Nempe
1775 3677 1907 3750 induisti
1937 3676 2113 3754 humanam

742 3804 893 3870 naturum
918 3801 1083 3867 nostram:
1116 3802 1152 3866 ut
1183 3795 1288 3865 vitam
1320 3790 1418 3864 uobis
1450 3802 1642 3888 praestares
1675 3815 1737 3890 per
1768 3793 1972 3867 divinitatem
2007 3806 2114 3870 mam:

742 3910 900 3984 exaltasti
927 3907 1141 3981 bumilitatem
1174 3918 1339 3982 nostram:
1375 3911 1515 3980 erexisti
1547 3911 1675 3981 ruinam
1706 3895 1874 3984 nostram:
1907 3917 2115 3988 resuscitasti

742 4026 975 4101 mortalitatem
1000 4035 1166 4100 nostram:
1200 4025 1350 4098 diuisisti
1379 4035 1519 4121 peccata
1550 4036 1679 4100 nostra:
1715 4036 1749 4099 et
1772 4027 1960 4120 justificasti
1984 4041 2116 4104 reamm

742 4152 960 4241 peecatorum
985 4152 1191 4215 nostrornm:
1227 4140 1418 4216 illuminasti
1443 4143 1693 4235 intelligentiam
1718 4157 1885 4236 nostrum,
1921 4156 1955 4218 ct
1981 4147 2116 4221 condo—

742 4263 862 4333 mnasti
876 4260 1020 4333 Domine
1033 4257 1127 4331 Deus
1149 4267 1267 4331 noster
1291 4259 1474 4332 inimicum:
1502 4268 1534 4332 et
1560 4260 1761 4356 triumphare
1787 4259 1896 4334 fecisti
1922 4267 2116 4336 tenuitatem

741 4386 883 4450 naturae
916 4373 1058 4448 imbellis
1090 4384 1238 4449 nostrae.
1297 4373 1364 4447 Par
1390 4377 1621 4452 miserationes
1657 4375 1780 4450 offusas
1811 4381 1943 4472 gratim
1976 4390 2115 4472 tuae,o

743 4492 903 4581 clemens,
930 4494 1060 4566 remitte
1087 4489 1207 4564 delicta
1233 4499 1268 4563 et
1302 4499 1460 4587 peccata:
1496 4490 1621 4566 dimitto
1652 4493 1773 4566 delicta
1804 4517 1893 4584 meu,
1919 4495 2115 4589 injudicio.

741 4609 787 4682 Et
811 4619 950 4709 propter
977 4611 1088 4682 omnia
1113 4606 1238 4680 auxilia
1265 4618 1333 4699 tua,
1360 4619 1394 4682 et
1428 4613 1556 4702 gratias
1581 4619 1656 4684 tuos
1690 4632 1774 4703 ergo
1808 4633 1895 4701 nos,
1927 4611 2116 4686 referemus

742 4727 800 4800 tibi
825 4726 997 4824 hymnum,
1022 4723 1194 4814 honorem,
1221 4723 1481 4818 confessionem,
1512 4736 1546 4798 et
1572 4725 1815 4820 odorationem,
1841 4750 1929 4801 nune
1956 4737 1990 4800 et
2016 4751 2116 4802 sem-

741 4865 816 4942 per,
842 4853 877 4917 et
902 4847 935 4916 in
963 4841 1102 4917 sacerdo
1125 4838 1343 4916 saeculorum.

846 4959 1024 5034 Sacerdos
1048 4960 1163 5051 ripuat
1187 4955 1425 5031 Sacramenta.
1478 4960 1729 5054 Reapondetar.
1780 4961 1904 5036 Amen.

845 5079 1035 5152 Diaconos.
1087 5075 1125 5148 ln
1151 5074 1315 5149 mentibus
1342 5079 1475 5152 vestris.
1529 5075 1633 5151 Orata
1658 5101 1777 5176 pacem
1803 5077 1988 5154 nobiscum.
