4784 6040
640 612 715 687 380
1205 615 1504 693 ΝΟΤΑΕ’

637 799 714 860 nihil
733 800 813 879 quod
833 799 983 862 haeresim
1003 801 1108 879 rapiat
1127 801 1314 864 memineo:
1335 802 1396 863 imo
1416 801 1454 863 de
1474 799 1591 863 iaccho
1614 801 1768 866 Edessam
1789 804 1899 866 amatio
1917 805 1953 884 fit
1972 805 2003 866 ia

639 897 824 961 Colendario
845 899 1063 962 Maronitarum
1085 901 1135 961 die
1155 899 1208 964 27.
1231 898 1392 976 Jonaorii,
1413 919 1475 962 ana
1497 919 1564 962 cam
1585 910 1692 974 sancto
1713 901 1854 982 Ephrem.
1898 903 2004 966 Sancti

637 997 769 1078 Ephrem
790 996 949 1074 Doctoria,
979 1005 1009 1060 et
1034 998 1375 1076 stereometriam,
1399 1002 1483 1078 cajeta
1505 1017 1583 1062 aevo
1604 1002 1717 1063 bremt
1736 999 1945 1081 Barebracua‚
1972 1003 2002 1065 id

639 1104 685 1158 est
706 1095 937 1178 Abullaragius,
966 1099 1082 1160 initim
1109 1097 1251 1160 habuisse
1277 1099 1400 1180 hymnos
1428 1099 1496 1160 iiior
1521 1101 1573 1179 qai
1594 1098 1733 1162 Coronea
1755 1101 1866 1164 Gracci
1884 1123 2003 1166 aunac-

635 1203 757 1275 pantnr.
802 1194 902 1257 Verba
925 1203 1009 1258 sunt:
1032 1196 1127 1278 Atque
1149 1199 1239 1258 eham
1261 1197 1316 1258 aab
1339 1215 1416 1260 aeao
1438 1199 1538 1260 tancti
1556 1195 1668 1260 iacobi
1687 1198 1845 1277 Ederaeai,
1867 1207 1898 1262 et
1914 1202 2002 1264 electi

638 1297 764 1375 Georpii
782 1298 913 1376 pontiam
934 1296 1152 1373 Arabicarum,
1179 1304 1341 1376 coeperant
1361 1297 1463 1378 hymni
1483 1298 1534 1377 qai
1555 1295 1694 1360 Conantes
1715 1297 1901 1361 Graecorum
1922 1319 2002 1360 aaa·

639 1405 796 1476 caparam.
819 1393 894 1456 ilinc
907 1395 1021 1476 colligit
1029 1395 1180 1459 Nairnnus
1203 1395 1354 1458 diversum
1377 1395 1457 1458 illum
1480 1413 1549 1458 esse
1565 1413 1582 1458 a
1596 1396 1738 1476 Zanzalo,
1761 1415 1851 1479 quem
1867 1397 2002 1461 eumdem

640 1493 733 1558 luisse
757 1513 823 1556 cum
845 1492 1011 1570 Edessena,
1034 1512 1123 1557 nemo
1146 1495 1225 1576 quod
1247 1496 1339 1558 sciam
1362 1495 1552 1559 existimavit.

725 1594 814 1657 Circa
837 1593 1043 1656 llnhamedani
1073 1595 1189 1675 imperii
1218 1595 1300 1656 initia
1327 1594 1442 1656 vixisse
1462 1592 1608 1656 iacobum
1630 1592 1818 1657 Edessenum
1840 1595 2002 1658 verisimile

639 1703 693 1760 est.
737 1693 778 1755 ht
800 1693 1006 1756 0rthndoxnm
1036 1694 1116 1755 illum
1138 1692 1250 1770 luisse,
1272 1709 1370 1774 neque
1392 1690 1625 1775 hhullaragius,
1647 1711 1746 1774 neque
1768 1693 1896 1758 idoneus
1918 1695 1996 1757 ullus

638 1795 717 1855 inter
745 1791 915 1854 Orientales
931 1792 1045 1870 Antor,
1076 1795 1236 1856 memoriae
1256 1792 1406 1874 prodidit.
1451 1791 1632 1874 Stephanum
1653 1791 1845 1856 Edenensem
1865 1793 2001 1856 Maroni-

638 1902 734 1956 tarum
756 1891 955 1954 l‘atriarcham
982 1892 1218 1972 Antiochenam,
1246 1912 1335 1973 quem
1357 1891 1477 1954 adducit
1498 1893 1529 1954 in
1552 1891 1751 1955 testimoninm
1774 1893 1939 1970 Nationes,
1970 1901 2002 1956 et

638 2008 754 2070 omnes,
778 1997 925 2072 quotquot
947 1999 1015 2054 sunt
1037 1999 1088 2054 aut
1109 1991 1230 2054 luerunt
1252 1992 1431 2067 Maronitas,
1453 1991 1525 2053 nihil
1546 2008 1713 2069 moramur,
1735 1993 1765 2056 in
1788 1993 1894 2074 quiam
1917 2009 2001 2054 amor

637 2092 763 2172 patriae,
787 2091 812 2152 si
835 2090 969 2152 veritatis
991 2091 1130 2154 limitibus
1154 2093 1373 2168 contineretur,
1396 2098 1479 2153 esset
1500 2091 1706 2152 excusandus:
1730 2109 1834 2153 verum
1856 2093 1886 2155 in
1908 2090 2000 2154 rebus

638 2191 676 2251 ad
698 2191 850 2252 historiam
873 2189 1116 2253 Ecclesiasticam
1138 2189 1360 2271 spectantibus,
1387 2189 1513 2252 illudere
1542 2188 1724 2268 lectoribus,
1754 2191 1822 2272 quia
1844 2191 1932 2272 pauci
1954 2190 2000 2252 his

639 2290 745 2353 studiis
767 2309 890 2370 operam
913 2288 1075 2368 dederunt,
1106 2297 1136 2352 et
1158 2288 1232 2352 alios
1256 2307 1359 2352 omnes
1381 2288 1488 2350 fallere
1511 2287 1600 2350 iacile
1623 2296 1680 2368 est,
1704 2289 1782 2351 omni
1806 2291 2000 2351 excusatione

638 2397 730 2452 caret.
776 2389 860 2463 Quae
889 2391 966 2452 enim
995 2397 1063 2452 sunt
1093 2391 1229 2451 nationes
1257 2387 1429 2454 Catholicae
1457 2387 1625 2450 Orientales
1655 2407 1671 2450 a
1703 2388 1810 2471 quibus
1832 2388 1937 2452 iacobi
1958 2386 2001 2449 illi

638 2489 697 2551 dun
720 2488 890 2551 Orthodoxi
907 2488 1031 2568 judicati
1053 2487 1173 2564 luerint,
1195 2487 1253 2550 nisi
1274 2487 1428 2551 Jacohitae
1451 2489 1668 2550 sincerissimi?
1712 2489 1787 2551 Nam
1809 2486 1851 2549 illi
1872 2489 1902 2550 in
1917 2487 2001 2551 Can-

637 2585 770 2651 lessione
800 2588 887 2666 fidei,
918 2606 995 2668 qnae
1018 2586 1054 2649 ab
1078 2586 1257 2649 Ordinandis
1280 2588 1429 2668 exigitur,
1457 2587 1535 2648 inter
1560 2585 1710 2651 Doctores
1740 2587 1897 2650 Ecclesiae
1925 2605 1998 2649 suae

637 2687 862 2766 probatissimos
879 2685 1024 2748 iacobum
1035 2684 1222 2748 Edessenum
1245 2693 1276 2747 et
1288 2683 1490 2768 Serugensem
1511 2686 1681 2749 nominant:
1705 2705 1808 2750 eorum
1832 2687 1999 2749 testimonia

636 2785 844 2866 producuntur
871 2804 888 2847 a
918 2784 1079 2868 'theologis
1115 2785 1153 2848 ad
1187 2785 1418 2867 impugnandam
1447 2783 1573 2848 Concilii
1603 2784 1858 2849 Calchedonensis
1894 2785 1998 2862 lidem;

638 2885 817 2966 tandemque
838 2884 955 2946 illorum
970 2883 1123 2966 Liturgiae
1145 2883 1292 2946 habentur
1314 2885 1344 2946 in
1360 2883 1521 2946 codicibus
1543 2866 1725 2964 Jacohiticis‚
1749 2885 1800 2946 ubi
1823 2901 1926 2946 eorum
1948 2885 1998 2965 qui

637 2992 707 3066 post
729 2983 800 3046 illud
821 2984 961 3046 vixerunt
984 2983 1226 3046 orthodoxorum
1248 2982 1328 3046 nulla
1351 2983 1511 3065 reperitur.
1554 2985 1622 3046 Pari
1644 2987 1760 3049 ratione
1783 2978 1905 3062 Severi,
1927 2981 1999 3045 Phi-

636 3084 748 3160 loxeni,
771 3083 931 3147 Barsamae
954 3091 985 3145 et
1007 3082 1132 3145 aliorum
1145 3082 1364 3145 haereticorum
1379 3082 1454 3145 fama
1466 3083 1654 3166 purgabitur,
1671 3084 1739 3164 quia
1750 3084 1868 3145 nomina
1881 3082 1999 3146 illorum

637 3191 741 3246 extant
762 3185 793 3246 in
813 3183 969 3264 Diptychis
991 3182 1207 3264 liturgiarum,
1237 3200 1311 3263 quas
1333 3182 1499 3246 Maronitaa
1522 3183 1579 3246 sihi
1602 3183 1768 3262 vindicant,
1786 3201 1853 3246 cum
1874 3182 1999 3244 Jacohi-

635 3291 730 3346 tarum
744 3283 885 3364 propriae
901 3285 968 3356 sint,
993 3290 1024 3345 ut
1045 3282 1114 3344 alibi
1135 3281 1336 3363 probavimus.
1363 3281 1445 3346 ldem
1468 3282 1505 3345 de
1519 3282 1698 3346 Calendario
1719 3282 1771 3347 illo
1789 3281 1998 3364 judicandum:

636 3401 736 3463 neque
758 3381 925 3444 Orthodoxi
944 3382 1073 3464 judicari
1095 3388 1256 3462 potuerunt
1277 3380 1408 3444 lacobus
1431 3382 1621 3460 Edessenus,
1651 3391 1681 3446 et
1703 3381 1898 3466 Sentgensis,
1929 3381 1999 3461 quia

637 3482 708 3544 nihil
732 3483 863 3546 occurrit
884 3481 914 3543 in
936 3499 1040 3543 eorum
1061 3481 1196 3562 seriptis,
1227 3497 1286 3562 qno
1309 3479 1383 3543 fides
1406 3480 1559 3543 Catholica
1582 3481 1769 3560 offendatur,
1801 3481 1857 3543 nisi
1880 3480 1997 3542 abillis

638 3582 689 3662 qui
718 3581 767 3644 illa
796 3599 835 3643 ne
866 3600 905 3643 ex
933 3580 1018 3644 titulo
1045 3581 1163 3661 quidem
1194 3589 1358 3642 noverunt:
1390 3599 1456 3642 curn
1486 3588 1590 3642 contra
1619 3581 1777 3644 laudentur
1804 3573 1998 3658 dlacohitis,

638 3681 718 3764 quod
741 3680 885 3744 adversus
908 3679 1172 3744 Calchedonenses
1195 3681 1343 3761 antiquam
1373 3679 1460 3742 iidem
1488 3688 1610 3743 strenue
1630 3680 1899 3763 propugnaverint.
1922 3679 2001 3759 Epi-

636 3799 762 3863 scopum
785 3781 878 3844 iuisse
899 3779 1042 3842 Jacohum
1059 3779 1244 3842 Edessennm
1267 3785 1379 3842 certum
1402 3787 1449 3842 est
1472 3800 1511 3843 ax
1524 3781 1718 3860 inscriptione
1730 3778 1848 3842 Codicis
1859 3777 1999 3856 Medicei,

636 3883 666 3943 in
690 3898 749 3962 quo
773 3879 1132 3959 eontinentnrlteaponea
1154 3881 1219 3960 ejus
1242 3878 1279 3941 da
1300 3879 1374 3942 lure
1389 3879 1541 3943 canonico
1565 3881 1608 3941 ad
1623 3881 2000 3960 qamrtioaeaproporitat

638 3980 677 4042 ab
699 3981 805 4044 Adoro
827 3981 956 4060 quodam
977 3979 1145 4042 monetote.
1190 3979 1223 4041 ln
1252 3980 1388 4062 margine
1416 3986 1446 4041 et
1469 3979 1574 4042 eadem
1597 3996 1655 4060 qna
1678 3978 1777 4042 codex
1798 3977 1929 4060 scriptus
1951 3984 2000 4040 est

638 4099 735 4158 manu,
762 4083 882 4161 antiqua
904 4098 978 4141 sane
1001 4087 1031 4141 et
1053 4080 1216 4157 sexcentis,
1238 4086 1271 4140 ut
1292 4079 1451 4156 minimum,
1474 4079 1559 4142 annis
1581 4079 1758 4155 vetustiore,
1781 4077 1902 4161 legitur.
1932 4077 2000 4140 lioc

638 4199 714 4259 opas
739 4178 856 4259 sacham
879 4177 977 4258 [aisse
1008 4197 1087 4239 oona
1121 4177 1307 4239 Graecorum
1336 4176 1597 4241 occccxcvnt.
1648 4178 1677 4240 ls
1706 4185 1804 4239 autem
1835 4176 2000 4258 respondet

639 4296 717 4341 anno
740 4278 841 4340 herae
865 4276 1050 4341 Christianae
1072 4275 1295 4340 Dctxxxvn.
1318 4274 1551 4338 hluhamedanae
1573 4275 1687 4340 vatt.
1721 4277 1765 4338 Ea
1787 4277 1879 4359 igitur
1900 4282 1999 4337 aetate

637 4379 754 4440 vixisse
776 4376 919 4440 iacobum
934 4376 1119 4439 Edessenum
1143 4385 1256 4440 certum
1278 4375 1407 4454 videtur,
1430 4376 1488 4439 hoc
1511 4384 1558 4438 est
1579 4375 1699 4438 labente
1722 4377 1850 4457 septimo
1865 4375 1998 4439 saeculo.

730 4640 765 4711 2.
806 4640 947 4734 Linqaie
973 4661 1062 4732 qaae
1087 4641 1262 4731 accipiant
1286 4661 1385 4709 onam
1412 4637 1543 4730 Corpora
1567 4643 1719 4708 sanctam
1744 4641 1907 4734 uaiqeaiti

1184 4755 1269 4826 Filii
1296 4758 1355 4842 toi,
1382 4759 1445 4824 etc.

738 4929 1001 5013 Faraurnrrssnm
1025 4949 1072 5003 est
1094 4893 1304 5004 haec'locutio
1326 4941 1357 5004 in
1369 4942 1512 5022 Syrorum
1534 4939 1761 5020 sacrisOlilciis,
1784 4948 1814 5004 et
1834 4939 1999 5021 praecipue

639 5045 670 5107 in
693 5045 878 5108 orationihus
900 5046 1063 5126 gratiarum
1093 5045 1218 5106 actionis
1245 5043 1594 5125 postcommunionem,
1622 5053 1680 5107 am
1707 5047 1738 5108 in
1766 5046 1831 5108 istis
1858 5059 1944 5124 quam
1966 5043 1999 5104 in
2106 5061 2110 5068 ·

640 5145 764 5209 aliarum
785 5142 990 5208 Ecclesiarum
1019 5141 1214 5207 Orientalium
1235 5142 1392 5228 liturgiis:
1422 5163 1480 5208 uec
1501 5147 1597 5208 minus
1618 5144 1772 5208 tamffinis
1793 5145 1872 5206 inter
1893 5143 1999 5204 Theo-
