4728 6028
647 617 720 692 142
1217 613 1447 692 NOTAE

746 805 984 897 Arlp'onpnntnr
1008 806 1045 875 in
1070 803 1203 898 aliquot
1228 801 1403 876 codtnlm
1429 806 1605 876 motiones
1632 803 1830 877 &odom
1862 804 2010 876 moenis

546 987 549 992 .
642 921 820 1012 dicem,
847 943 936 1014 quoe
961 941 1029 991 non
1053 923 1161 1012 moqis
1181 919 1234 989 cd
1257 918 1347 990 dmtc
1371 920 1562 1014 Liurrpiom
1588 942 1687 1014 quom
1713 920 1761 992 od
1777 919 1869 992 ottae
1890 922 2009 1013 perti-

641 1043 740 1108 nent:
765 1059 906 1131 qnorum
930 1035 1114 1108 nonnullae
1141 1040 1262 1106 octoni
1276 1039 1313 1104 in
1325 1034 1482 1130 qeneroii
1499 1037 1634 1131 Officio,
1661 1035 1755 1108 oiioe
1778 1043 1859 1131 post
1883 1036 2008 1108 [ntur-

640 1157 733 1246 qa‘crn
758 1151 894 1225 Jacobi.

822 1868 872 1960 IN
918 1865 1290 1960 LITURGIAM
1341 1863 1582 1958 sundri
1625 1865 1827 1960 XYSTI

1225 2073 1426 2159 nortl.

1100 2305 1128 2376 1.
1171 2306 1331 2399 Liurrqio
1360 2303 1398 2378 S.
1429 2303 1541 2399 Xysti.

753 2585 788 2663 lu
809 2594 924 2658 ldissali
948 2595 1074 2678 Syriaco
1094 2595 1208 2660 Romae
1236 2595 1318 2658 edito
1347 2595 1378 2658 in
1401 2613 1461 2676 quo
1483 2596 1709 2678 quatuordecim
1730 2595 1884 2678 Liturgiac
1907 2596 2007 2658 couti-

640 2708 760 2778 nentur,
783 2701 912 2762 omnium
932 2700 1029 2781 prima
1050 2701 1182 2762 occurrit
1203 2699 1271 2778 ista,
1294 2696 1384 2762 etad
1406 2698 1486 2760 illam
1510 2698 1751 2762 accommodatus
1773 2705 1821 2761 est
1838 2696 1922 2762 Ordo
1945 2717 2008 2780 ge-

640 2801 763 2862 neralis.
819 2800 971 2881 Suspicari
999 2800 1098 2862 statim
1126 2801 1252 2882 quisque
1282 2806 1386 2882 posset
1417 2797 1527 2862 laetum
1555 2799 1586 2862 id
1615 2817 1634 2862 a
1660 2798 1835 2876 Maronitis,
1867 2817 1908 2862 ex
1936 2797 2006 2863 nelo

640 2901 750 2981 potius'
764 2898 959 2963 Orthodoxae
981 2898 1066 2977 lidei,
1101 2900 1377 2980 communionisque
1406 2915 1474 2960 cum
1502 2897 1636 2960 Romana
1664 2897 1818 2974 Ecclesia,
1849 2915 1937 2978 quem
1966 2917 2007 2960 ex

642 2997 787 3062 Codicum
808 2998 1080 3081 Manuscriptorum
1102 3000 1270 3062 autoritate.
1314 2999 1426 3062 Verum
1453 3005 1527 3076 tres,
1550 3016 1677 3079 quorum
1699 2997 1758 3060 duo
1789 2999 1863 3062 satis
1893 2999 2007 3079 antiqui

641 3106 727 3174 sunt,
759 3097 893 3161 eamdem
922 3097 1034 3161 habent
1063 3097 1307 3180 dispositionem,
1338 3098 1422 3179 cujus
1451 3105 1551 3162 tamen
1579 3096 1660 3160 nulla
1689 3098 1762 3160 satis
1792 3097 1901 3160 idonea
1929 3099 2006 3160 ratio

641 3205 744 3279 potest
766 3197 960 3278 deprehendi.
1005 3197 1081 3260 Nam
1103 3199 1186 3261 multi
1216 3197 1343 3264 Codices
1366 3198 1548 3260 vetustiores
1570 3196 1734 3280 Lilurgiam
1756 3197 1843 3260 istam
1865 3214 1925 3259 uon
1948 3195 2007 3260 he-

640 3298 724 3376 bent,
747 3314 846 3378 neque
868 3295 906 3359 ad
928 3297 1007 3359 illam
1030 3296 1282 3362 commentarium
1310 3315 1396 3360 suum
1419 3296 1653 3361 accommodavit
1675 3295 1837 3379 Dionysius
1859 3295 2007 3360 Barsalibi

640 3397 767 3460 Amidae
788 3396 969 3477 Episcopus,
992 3395 1048 3459 sed
1072 3395 1110 3458 ad
1138 3396 1303 3480 Liturgiam
1329 3397 1433 3459 Jacobi
1461 3415 1539 3478 quac
1568 3397 1697 3458 omnium
1726 3397 1928 3470 vetustissima
1956 3395 2008 3459 vi-

641 3497 745 3560 detur:
776 3504 836 3558 tum
859 3494 938 3577 quod
961 3495 1097 3560 Graecae
1119 3496 1254 3577 ejusdem
1283 3497 1359 3560 tituli
1380 3515 1454 3578 prae
1476 3495 1600 3578 reliquis
1623 3495 1725 3558 similis
1749 3496 1804 3575 sit,
1834 3503 1896 3558 tum
1924 3496 2006 3576 quod

641 3597 716 3660 allas
738 3596 928 3676 simplicitate
950 3603 1090 3676 superet,
1121 3615 1200 3677 quae
1229 3614 1288 3660 non
1317 3596 1394 3664 levis
1417 3605 1464 3660 est
1486 3595 1669 3676 autithatis
1692 3602 1771 3658 nota.
1824 3594 1886 3660 Cur
1911 3613 2005 3694 porro

641 3696 728 3778 Xysti
750 3696 880 3773 nomine,
903 3693 1059 3758 Jacobitae
1081 3693 1246 3778 liturgiam
1267 3695 1406 3773 habeant,
1430 3713 1521 3758 causa
1543 3695 1601 3758 alia
1623 3695 1675 3758 vin
1689 3696 1832 3774 occurrit,
1855 3713 1943 3778 quarn
1966 3713 2004 3758 ea

641 3803 767 3877 propter
789 3813 876 3875 mam
894 3794 975 3856 Julio
997 3795 1097 3876 Papae
1119 3795 1206 3858 aliam
1228 3796 1468 3877 adscripserunt:
1491 3814 1599 3876 nempe
1620 3794 1700 3876 quod
1722 3796 1886 3859 sententias
1909 3812 2005 3875 quas-

643 3895 710 3958 dam
744 3913 784 3956 cx
811 3892 1084 3974 pseudepigraphis
1105 3894 1321 3958 transtulerunt
1347 3896 1378 3957 in
1401 3894 1594 3958 collectanea
1617 3912 1688 3972 sua,
1718 3913 1760 3956 ex
1788 3895 1895 3975 quibus
1919 3912 2005 3956 com-

641 3994 746 4056 modas
768 3993 881 4074 aliquot
902 3993 965 4055 suis
988 3993 1154 4070 erroribus,
1178 3994 1416 4057 animadvertere
1437 3993 1494 4056 sibi
1516 3995 1574 4056 visi
1595 4001 1674 4058 sunt.
1718 3993 1806 4056 Nulla
1828 4012 1903 4057 saue
1924 3992 2004 4074 apud

642 4095 715 4157 alias
737 4091 889 4154 Ecclesias
911 4094 1063 4172 reperitur
1073 4093 1207 4174 liturgia
1228 4093 1315 4174 Xysti
1336 4095 1467 4170 nondne,
1490 4113 1530 4156 ex
1552 4111 1610 4174 qua
1633 4093 1761 4174 exprimi
1782 4094 1838 4157 ista
1860 4093 2003 4176 potuerit,

642 4192 752 4256 autad
775 4192 841 4272 ejus
864 4190 989 4254 lormum
1011 4191 1119 4276 effingi.
1163 4193 1212 4256 Ad
1233 4192 1396 4256 Maronitas
1426 4193 1579 4274 pertinere
1609 4193 1778 4256 nullatenus
1806 4190 2004 4257 existimanda

643 4301 701 4368 est,
723 4291 858 4372 quamvis
881 4292 912 4354 in
934 4291 1047 4372 aliquot
1068 4293 1282 4356 recentissimis
1309 4291 1663 4374 exemplaribusmomen
1684 4293 1780 4356 sancti
1799 4293 1933 4356 Maronis
1955 4291 2004 4354 le-

642 4399 732 4474 gatur
755 4390 920 4472 praecipuo
941 4391 972 4453 in
994 4389 1149 4473 Diptychis
1171 4391 1250 4470 loco,
1273 4393 1413 4474 adjuncto
1426 4391 1538 4476 elogio,
1561 4392 1641 4474 quod
1664 4391 1768 4455 laudes
1791 4409 1895 4456 omues
1917 4406 2004 4452 com-

642 4492 794 4574 plectitur,
818 4498 985 4571 perpetuae
1008 4509 1074 4553 cum
1095 4489 1228 4555 Romana
1249 4491 1387 4556 Ecclesia
1409 4493 1635 4574 conjunctionis.
1662 4491 1773 4554 nddtm
1795 4493 1906 4573 quippe
1928 4489 2004 4553 haec

643 4591 738 4654 luisse
761 4589 798 4652 ab
821 4589 988 4654 hominibus
1010 4591 1125 4671 patriae
1148 4607 1222 4653 suae
1244 4592 1409 4654 amantibus
1430 4590 1618 4656 manifestum
1639 4600 1702 4654 est:
1724 4591 1877 4655 atliomae
1899 4607 2004 4672 parum

529 4685 531 4697 '
643 4690 770 4771 probata
792 4689 923 4764 luerunt,
947 4707 1013 4751 cum
1036 4709 1075 4754 ex
1098 4691 1165 4772 ipso
1178 4689 1332 4774 liturgiae
1354 4698 1500 4754 contextu
1520 4691 1637 4754 sublata
1660 4690 1781 4770 luerint,
1805 4699 1835 4754 ct
1857 4687 2004 4771 praelatio

644 4788 749 4850 Latine
771 4790 895 4871 scripta,
918 4807 996 4871 quae
1017 4790 1149 4854 Maronis
1171 4789 1307 4852 laudibus
1322 4790 1440 4870 plenior
1462 4797 1537 4870 erat,
1561 4791 1675 4870 pariter
1695 4797 1862 4872 expuncta;
1884 4807 1953 4851 uam
1973 4789 2005 4850 in

643 4889 831 4968 paucissimis
856 4887 1077 4969 exemplaribus
1099 4890 1258 4970 reperitur.
1308 4887 1470 4953 Enimvero
1494 4890 1520 4952 si
1542 4889 1646 4971 quales
1675 4891 1805 4970 majores
1834 4907 1906 4952 suos
1935 4887 2005 4950 lila-

642 4986 760 5047 ronitae
781 4986 969 5050 recentiores
992 4987 1086 5052 lirisse
1099 4988 1214 5068 volum,
1236 4988 1312 5054 tales
1329 4988 1510 5062 extitissent,
1529 4989 1669 5070 perpetui
1678 4990 1795 5054 scilicet
1803 4988 2004 5052 Jacobitarum

644 5092 674 5147 et
696 5085 941 5148 Nestoriauorum
967 5086 1212 5172 impugnatores,
1241 5085 1514 5169 Orthodoxaequae
1544 5089 1614 5152 fidei
1644 5089 1821 5152 defensores
1850 5087 2002 5151 acerrimi:
