4814 6060
493 689 496 696 ,
546 701 549 706 ,
603 627 605 632 ·
642 605 683 680 m
708 605 917 682 cumcito
944 602 1117 682 umoom
1143 571 1405 683 nutriatur.
1639 607 1713 680 om

333 798 402 869 test,
425 791 479 870 qui
496 789 600 870 [octus
622 797 700 865 erat,
723 796 774 851 aut
796 789 848 871 qui
868 790 971 869 socors
993 796 1039 850 cst
1060 807 1290 868 corporearum:
1313 789 1392 852 unde
1405 789 1586 871 significatio
1599 790 1713 872 duplex

332 888 481 952 nascitur:
504 889 600 969 prima
623 886 703 969 quod
726 906 793 949 cam
817 887 954 950 Christus
978 887 1132 968 discipulis
1155 886 1231 950 dixit
1243 888 1310 950 Hoc
1332 897 1378 950 est
1391 908 1503 968 corpus
1523 910 1631 966 meam,
1654 898 1711 956 etc.

333 989 417 1069 panis
437 987 500 1068 jam
523 995 589 1049 erat
611 986 708 1049 iactus
731 1004 843 1068 corpus
867 986 992 1050 Christi:
1023 986 1138 1065 altera,
1161 987 1242 1068 quod
1265 985 1362 1049 iactus
1392 989 1430 1050 sit
1457 996 1565 1068 postea
1596 1007 1710 1070 eorpus

333 1073 456 1149 Christi
489 1086 603 1148 Neutra
626 1087 774 1148 sententia
797 1085 958 1166 quidquam
981 1085 1094 1148 hahere
1117 1085 1238 1148 videtur
1262 1086 1340 1148 vitii:
1365 1104 1464 1167 neque
1489 1089 1569 1150 enim
1593 1096 1708 1151 certum

332 1193 380 1249 est
408 1186 512 1250 verhis
541 1185 616 1264 illis,
647 1185 795 1248 Christum
825 1203 1025 1248 consecrasse
1054 1186 1139 1265 panis
1168 1192 1199 1247 et
1228 1183 1290 1247 vini
1319 1185 1484 1248 elementa:
1516 1205 1585 1249 cum
1612 1188 1712 1251 multis

333 1285 497 1368 'theologis
521 1285 650 1364 placeat,
675 1292 811 1348 autorem
834 1286 1095 1364 institutorumque
1119 1283 1396 1362 Sacramentorum‚
1424 1285 1497 1358 sola.
1514 1285 1710 1365 omnipoten-

333 1385 373 1446 tia
396 1384 657 1446 consecrationem
680 1382 866 1464 perfecisse:
896 1403 964 1446 cum
986 1402 1062 1447 vero
1086 1385 1135 1446 illa
1157 1383 1252 1446 verba
1274 1385 1498 1466 pronuntiavit,
1523 1392 1639 1446 certum
1662 1392 1709 1447 est

331 1489 526 1545 transmutata
557 1490 632 1545 tunc
657 1482 752 1545 luisse
774 1481 803 1544 in
827 1501 938 1564 corpus
962 1481 1073 1546 Christi
1102 1492 1133 1546 et
1155 1482 1342 1564 sanguinem.
1387 1480 1433 1543 De
1456 1492 1606 1546 momento
1630 1501 1709 1545 con·

331 1583 523 1656 sectationis,
547 1589 599 1644 aut
622 1581 701 1644 illius
725 1580 818 1644 forma
848 1581 920 1643 nihil
943 1583 1097 1664 cogitasse
1121 1581 1300 1664 Gregorium
1324 1599 1362 1644 eo
1386 1582 1498 1644 certius
1530 1590 1595 1658 est,
1625 1581 1707 1662 quod

333 1680 370 1742 de
393 1680 444 1742 tali
468 1681 646 1760 quaestione
668 1679 749 1742 nulla
772 1697 902 1761 unquam
925 1681 1005 1742 inter
1027 1680 1196 1744 Orientales
1221 1681 1429 1743 controversia
1452 1680 1516 1743 luit.

859 1960 894 2028 ll.
932 1957 1012 2028 Cum
1040 1958 1173 2030 edocet.

437 2149 494 2225 [ro
516 2159 663 2240 quaedam
677 2159 820 2242 Syriacae
843 2160 1008 2242 Litargiae‚
1031 2168 1064 2222 ut
1086 2160 1230 2242 Copticae
1254 2167 1286 2223 et
1308 2159 1519 2224 Nestorianae:
1548 2179 1586 2224 ax
1608 2160 1707 2223 tradi-

335 2264 415 2325 tione
441 2263 603 2343 antiquitus
626 2271 765 2345 recepta,
795 2264 852 2326 sed
874 2282 951 2344 quae
980 2263 1017 2326 ah
1040 2263 1243 2346 Evangelistis
1272 2271 1303 2325 et
1330 2263 1478 2344 Apostolo
1507 2263 1599 2326 Paulo
1628 2282 1707 2327 con-

334 2363 451 2445 signata
474 2380 536 2426 non
559 2369 614 2425 est.

522 2624 557 2692 5.
595 2622 670 2692 Pro
697 2627 820 2692 sancto
846 2620 933 2692 Sion
962 2625 1106 2693 omnium
1131 2621 1370 2694 Ecoleciorom
1395 2629 1514 2692 amere.

431 2813 562 2890 Sonrrm
584 2822 614 2884 id
639 2841 678 2885 ex
700 2822 807 2886 Jacohi
829 2823 974 2905 Liturgia‚
999 2823 1204 2905 antiquissima
1234 2832 1264 2886 et
1292 2825 1458 2904 praecipua
1486 2825 1564 2905 apud
1594 2826 1704 2908 Syros:

334 2947 399 2992 cum
429 2935 527 2990 autem
555 2926 632 2988 haec
662 2928 906 2990 commemoratio
942 2927 979 2988 ad
1014 2927 1182 2990 Ecclesiam
1212 2925 1512 3007 hierosolymitanam
1543 2946 1561 2990 a
1589 2928 1705 2994 laooho

333 3027 484 3090 fundatam
510 3029 648 3109 proprie.
662 3029 823 3108 pertineat,
853 3026 1070 3089 transtulerunt
1099 3044 1166 3088 eam
1200 3024 1237 3088 ad
1265 3043 1300 3087 se
1328 3024 1486 3088 Jacobitae
1513 3025 1705 3104 Antiocheni‚

332 3128 387 3190 suh
411 3145 540 3207 quorum
562 3125 735 3190 llicrarehia
758 3126 813 3188 luit
843 3123 1021 3207 Gregorius,
1044 3133 1076 3186 ut
1097 3123 1303 3186 honestiorem
1333 3122 1403 3185 inde
1432 3125 1703 3206 cognominationis

332 3244 404 3288 suae
428 3245 445 3287 a
468 3225 584 3288 Jacoho
608 3225 756 3308 originem
776 3233 979 3288 arcesserent.
1001 3223 1135 3286 Videnda
1159 3239 1237 3304 quae
1261 3221 1298 3284 ad
1321 3239 1389 3284 eum
1411 3221 1511 3284 locum
1525 3224 1701 3289 notavimus.

606 3485 641 3558 6.
682 3484 835 3577 Regibus
862 3489 897 3554 et
922 3484 1066 3576 Reginis
1091 3483 1202 3554 Deam
1228 3479 1429 3552 timentibus.

438 3675 473 3753 lo
497 3693 664 3748 exuetere
688 3685 845 3766 disciplina
869 3703 935 3747 cum
958 3685 1081 3748 vivente
1097 3683 1245 3768 Gregorio
1268 3683 1456 3763 Provinciae,
1480 3683 1587 3764 quihus
1609 3704 1705 3766 prae-

332 3800 397 3854 erat
420 3799 558 3870 tanquam
581 3787 753 3851 Catholicus
777 3791 843 3851 sive
866 3787 1012 3865 Mofrion,
1043 3789 1072 3849 in
1101 3787 1386 3849 hluhamedanorum
1416 3792 1564 3867 potestate
1594 3788 1704 3851 dudum

332 3889 440 3953 locent.
485 3887 579 3950 Erant
602 3886 721 3968 quidem
744 3888 868 3949 Amneni
900 3886 990 3968 aliqui
1017 3885 1137 3968 Reguli,
1159 3885 1254 3948 Livon
1278 3903 1332 3948 seu
1355 3885 1431 3964 Leo,
1454 3885 1563 3949 llaiton
1585 3896 1616 3949 et
1638 3889 1702 3951 alii:

331 4006 436 4050 verum
459 3988 497 4050 de
520 3986 577 4048 illis
600 4003 660 4048 non
691 3986 844 4069 cogitasse
871 3985 1013 4048 videntur
1036 3983 1104 4066 Syri
1133 3985 1300 4064 Jacohitae‚
1326 3985 1452 4065 quihus,
1481 3987 1537 4046 etsi
1569 3985 1713 4048 eamdem'

329 4085 608 4167 hlonophysitarum
631 4094 743 4149 sectam
767 4085 982 4166 profiterentur
1005 4103 1072 4146 oum
1095 4083 1252 4162 ArmeniS,
1287 4083 1547 4164 anonymorum,
1578 4091 1608 4146 et
1629 4085 1704 4146 meri

331 4183 445 4264 ahsque
468 4203 544 4266 aqua
567 4203 653 4248 usam
675 4185 706 4246 in
728 4183 874 4267 Liturgia‚
896 4201 957 4246 non
979 4182 1069 4263 plane
1092 4184 1300 4247 conveniebat.
1357 4182 1415 4246 De¹
1429 4183 1478 4244 illa
1501 4182 1629 4246 formula
1652 4183 1701 4246 di-

331 4287 428 4348 ximus
450 4285 481 4346 in
504 4284 584 4347 notis
607 4283 645 4346 ad
668 4284 741 4346 alias
763 4283 924 4364 Litargias.
1754 4277 1775 4311 ”

331 4561 366 4632 7.
409 4560 563 4653 Propter
597 4583 713 4632 munes
745 4558 829 4630 illud
865 4559 1010 4652 duplex,
1046 4559 1137 4654 quod
1168 4559 1359 4652 duplicibus
1385 4560 1525 4647 dedisti,
1554 4563 1705 4654 quomoda

668 4699 768 4746 eoum
793 4679 839 4745 sil
865 4681 900 4747 el
925 4678 1023 4744 onies
1050 4679 1161 4768 lypum
1188 4674 1361 4746 emhiheol.

426 4865 522 4944 llam
544 4879 640 4943 oratio
654 4877 811 4958 quamdam
833 4877 1046 4941 obscuritatem
1071 4876 1184 4940 hahere
1206 4876 1336 4954 videtur,
1359 4877 1445 4958 cujus
1467 4878 1535 4952 talis
1557 4884 1604 4940 est
1626 4893 1702 4939 sen-

332 4981 434 5043 tentia.
479 4981 588 5043 hlunus
612 4979 724 5061 duplex
747 4987 804 5058 est,
829 4997 939 5060 corpus
963 4978 1074 5043 Christi
1103 4989 1133 5042 et
1156 4980 1221 5060 ejus
1252 4981 1391 5062 sanguis:
1423 4980 1503 5059 quod
1533 4978 1718 5042 hominihus

332 5078 420 5141 datur
451 5081 503 5160 qui
531 5087 669 5142 constant
697 5099 736 5141 ex
767 5096 898 5159 corpore
928 5087 958 5141 et
988 5080 1084 5142 anima
1110 5077 1260 5142 rationali.
1310 5076 1362 5140 llla
1392 5079 1595 5160 comparatio,
1623 5078 1701 5140 sicut
