4712 6032
710 565 785 670 tm
1198 561 1555 640 trruaata

1006 869 1174 941 Memento
1201 867 1346 939 Domine
1372 865 1504 958 Reponi
1528 863 1687 958 fidelium,
1714 874 1778 937 etc.

799 1061 902 1140 Nutu
924 1080 1010 1135 erant
1024 1072 1126 1154 Reges
1148 1072 1447 1154 fidetesdpostoticts
1472 1071 1672 1153 temporibus:
1695 1076 1785 1151 atque
1808 1090 1844 1135 ca
1866 1074 1984 1137 ratione
2007 1075 2072 1138 sola

709 1179 854 1240 evertitur
876 1183 1084 1259 argumentum
1107 1177 1186 1257 quod
1212 1196 1253 1239 ex
1281 1176 1367 1240 titulo
1390 1177 1458 1240 duci
1480 1183 1586 1256 posset
1608 1174 1644 1237 ad
1668 1175 1871 1255 antiquitatem
1901 1177 1986 1239 istius
2016 1178 2073 1240 Li-

707 1278 827 1358 turgiae
849 1275 1066 1353 stabiliendam,
1089 1277 1268 1356 praesertim
1290 1294 1358 1339 cum
1379 1274 1518 1356 Apostoli
1546 1293 1603 1354 pro
1626 1271 1760 1355 Regibus
1783 1277 1871 1336 etiam
1894 1276 2073 1354 infidelibus,

709 1373 895 1439 Christianos
925 1393 1033 1455 preces
1062 1373 1175 1438 ollerre
1202 1376 1356 1438 docerent.
1416 1376 1461 1438 De
1490 1375 1539 1437 illu
1567 1373 1695 1437 lormula
1723 1373 1832 1437 dictum
1867 1382 1913 1438 est
1940 1379 2072 1460 saepius,

708 1490 786 1556 quae
808 1474 838 1538 id
860 1474 1046 1538 solummodo
1069 1475 1218 1558 significat
1240 1474 1320 1556 quod
1342 1473 1495 1556 liturgiae
1517 1476 1548 1536 in
1570 1472 1679 1555 quibus
1703 1475 1847 1550 occurrit,
1870 1493 1909 1537 ex
1931 1475 1991 1538 illis
2014 1493 2073 1538 ex-

707 1593 834 1656 pressae
856 1576 916 1638 sint
938 1593 1015 1657 quae
1037 1573 1092 1636 sul)
1116 1572 1291 1637 Christianis
1314 1574 1549 1655 Imperatoribus
1571 1576 1602 1637 in
1624 1592 1681 1637 usu
1705 1583 1801 1638 erant.

1126 1935 1649 1980 ...ψ-..η

1087 2368 1687 2548 triduom

860 2683 1277 2802 ottotttd
1336 2684 1916 2803 llosttttttd

706 2923 919 3002 stttotottttu
942 2923 1035 3003 otltt
1057 2923 1235 2992 attolus
1256 2924 1361 2993 ttots
1382 2924 1607 2992 ttttdttttstt
1631 2925 1737 2992 tttdltt
1758 2925 1854 2994 rlttt
1877 2927 2071 3000 utsttt’ttta

1109 3182 1260 3253 Primam
1287 3183 1408 3253 Oratio
1436 3189 1528 3254 onte·
1538 3205 1668 3296 pacem

799 3378 965 3483 Domus
990 3403 1084 3477 Deus
1110 3409 1302 3480 misericors
1330 3417 1363 3478 et
1390 3417 1522 3495 sancte,
1556 3409 1610 3502 qui
1637 3430 1698 3502 per
1723 3411 1926 3501 unigenitum
1953 3409 2068 3484 Filium

703 3533 791 3595 tuum
818 3545 967 3594 mensam
994 3521 1080 3592 hanc
1106 3523 1307 3617 spiritualem
1335 3534 1369 3595 et
1395 3534 1542 3595 sanctam
1569 3528 1775 3617 praeparasti
1802 3523 1909 3611 nobis,
1937 3530 2069 3622 suscipe

704 3665 723 3711 a
750 3639 848 3711 nohis
875 3637 1077 3710 oblationem
1104 3639 1257 3710 sacrificii
1283 3638 1377 3732 hujus
1404 3641 1576 3726 incruenti,
1604 3649 1638 3710 et
1663 3641 1812 3712 concede
1839 3640 1935 3715 nobis
1950 3644 2068 3716 donum

704 3755 845 3850 Spiritus
873 3757 919 3825 tui
946 3757 1069 3841 sancti,
1097 3764 1130 3825 et
1156 3754 1340 3828 referemus
1367 3753 1424 3826 tibi
1449 3756 1607 3846 gloriam,
1636 3767 1698 3825 etc.

807 3871 986 3942 Diaconos
1012 3869 1085 3939 alta
1110 3893 1195 3941 occe
1217 3875 1426 3964 pronunciet
1452 3873 1608 3942 Mediana.

807 3987 981 4058 Sacerdos
1007 3986 1143 4058 eleoaos
1169 4005 1292 4058 vocent.
1328 3987 1561 4082 Tranquillitas
1588 3999 1643 4059 tua
1671 3998 1704 4059 et
1729 4011 1799 4083 pax
1826 3997 1892 4076 tua,
1914 3989 2067 4080 Domine,

704 4113 738 4174 ct
764 4102 895 4173 dilectio
923 4113 979 4174 tua
1004 4125 1106 4190 vera,
1132 4107 1240 4196 gratia
1268 4115 1340 4192 tua,
1368 4109 1600 4177 miserationes
1628 4116 1720 4190 tuae,
1748 4105 1915 4178 naturales
1942 4106 2066 4178 divini-

703 4221 760 4288 tati
788 4229 945 4290 aeternae
972 4229 1064 4306 tuae,
1093 4221 1157 4290 sint
1182 4220 1355 4292 nobiscum
1383 4233 1416 4292 et
1442 4227 1528 4293 inter
1554 4243 1629 4307 noe„
1657 4220 1809 4294 omnihus
1837 4221 2067 4294 diebusvitae

703 4344 863 4404 nostrae:
891 4343 925 4404 et
950 4332 1134 4406 referemus
1162 4335 1236 4426 tibi,
1264 4347 1326 4409 etc.

804 4449 965 4544 Populus.
1021 4452 1140 4523 Amen.

807 4566 981 4638 Sacerdos
1008 4568 1143 4638 cleoons
1176 4593 1299 4640 rocem.
1359 4571 1480 4642 Coram
1516 4583 1547 4642 te
1582 4571 1659 4642 Rex
1694 4592 1826 4660 regum:
1862 4581 1894 4640 et
1927 4569 2067 4642 Domine

704 4682 938 4755 dominantium
965 4683 1166 4774 adoram,
1193 4708 1417 4782 rogamusque
1445 4700 1477 4760 ct
1503 4687 1721 4782 deprecamur
1755 4697 1803 4756 te:
1840 4691 1972 4782 respice
2006 4711 2068 4760 nos

703 4799 962 4871 misericorditer
989 4811 1023 4872 et
1048 4813 1182 4896 praesta
1209 4799 1322 4889 nobis,
1356 4814 1391 4874 ut
1426 4826 1498 4875 cum
1530 4807 1671 4897 puritate
1698 4803 1807 4874 cordis
1835 4813 1868 4873 et
1895 4810 2068 4876 sanctitate

704 4917 845 5003 animae,
872 4913 1070 4987 accedamus
1098 4917 1139 4987 ad
1167 4916 1272 4990 altare
1299 4929 1386 4992 tuum
1413 4929 1562 4992 sanctum
1590 4930 1623 4989 et
1648 4918 1850 5005 referemus,
1879 4930 1940 4991 etc.

808 5029 968 5123 Populus.
1021 5033 1140 5104 Amen.
