<?xml version="1.0" encoding="UTF-8"?>
<!DOCTYPE html PUBLIC "-//W3C//DTD XHTML 1.0 Transitional//EN"
    "http://www.w3.org/TR/xhtml1/DTD/xhtml1-transitional.dtd">
<html xmlns="http://www.w3.org/1999/xhtml" xml:lang="en" lang="en">
 <head>
  <title>
</title>
<meta http-equiv="Content-Type" content="text/html;charset=utf-8" />
  <meta name='ocr-system' content='tesseract 3.04.00' />
  <meta name='ocr-capabilities' content='ocr_page ocr_carea ocr_par ocr_line ocrx_word'/>
</head>
<body>
  <div class='ocr_page' id='page_1' title='image "./liturgiarumorie04renagoog_0533.png"; bbox 0 0 4814 6060; ppageno 0'>
   <div class='ocr_carea' id='block_1_1' title="bbox 739 697 1605 774">
    <p class='ocr_par' dir='ltr' id='par_1_1' title="bbox 739 697 1605 774">
     <span class='ocr_line' id='line_1_1' title="bbox 739 697 1605 774; baseline 0.005 -4"><span class='ocrx_word' id='word_1_1' title='bbox 739 697 818 770; x_wconf 82' lang='grc'><strong>496</strong></span> <span class='ocrx_word' id='word_1_2' title='bbox 1246 697 1605 774; x_wconf 84' lang='lat' dir='ltr'><strong>LITURGIA</strong></span> 
     </span>
    </p>
   </div>
   <div class='ocr_carea' id='block_1_2' title="bbox 683 879 2179 5264">
    <p class='ocr_par' dir='ltr' id='par_1_2' title="bbox 740 879 2179 1210">
     <span class='ocr_line' id='line_1_2' title="bbox 743 879 2179 980; baseline 0.001 -24"><span class='ocrx_word' id='word_1_3' title='bbox 743 894 872 956; x_wconf 89' lang='lat' dir='ltr'><strong>amator</strong></span> <span class='ocrx_word' id='word_1_4' title='bbox 897 884 1078 973; x_wconf 88' lang='lat' dir='ltr'><strong>hominurn,</strong></span> <span class='ocrx_word' id='word_1_5' title='bbox 1104 885 1309 978; x_wconf 88' lang='lat' dir='ltr'><strong>insipientias</strong></span> <span class='ocrx_word' id='word_1_6' title='bbox 1335 884 1449 979; x_wconf 92' lang='lat' dir='ltr'><strong>populi</strong></span> <span class='ocrx_word' id='word_1_7' title='bbox 1475 886 1531 954; x_wconf 87' lang='lat' dir='ltr'><strong>tui.</strong></span> <span class='ocrx_word' id='word_1_8' title='bbox 1573 879 1632 954; x_wconf 86' lang='lat' dir='ltr'><strong>lde</strong></span> <span class='ocrx_word' id='word_1_9' title='bbox 1658 905 1792 978; x_wconf 91' lang='lat' dir='ltr'><strong>quoque</strong></span> <span class='ocrx_word' id='word_1_10' title='bbox 1817 895 2029 980; x_wconf 88' lang='lat' dir='ltr'><strong>peccatorem</strong></span> <span class='ocrx_word' id='word_1_11' title='bbox 2055 885 2115 958; x_wconf 89' lang='lat' dir='ltr'><strong>la·</strong></span> <span class='ocrx_word' id='word_1_12' title='bbox 2175 970 2179 980; x_wconf 28' lang='grc' dir='ltr'>Ι</span> 
     </span>
     <span class='ocr_line' id='line_1_3' title="bbox 740 997 2116 1094; baseline 0.004 -25"><span class='ocrx_word' id='word_1_13' title='bbox 740 998 863 1070; x_wconf 92' lang='lat' dir='ltr'><strong>mulum</strong></span> <span class='ocrx_word' id='word_1_14' title='bbox 889 1009 980 1070; x_wconf 90' lang='lat' dir='ltr'><strong>tuum</strong></span> <span class='ocrx_word' id='word_1_15' title='bbox 1007 1001 1140 1093; x_wconf 86' lang='lat' dir='ltr'><strong>suscipe</strong></span> <span class='ocrx_word' id='word_1_16' title='bbox 1167 1003 1253 1070; x_wconf 89' lang='lat' dir='ltr'><strong>inter</strong></span> <span class='ocrx_word' id='word_1_17' title='bbox 1279 997 1518 1093; x_wconf 75' lang='lat' dir='ltr'><strong>deprecatores</strong></span> <span class='ocrx_word' id='word_1_18' title='bbox 1550 1007 1641 1086; x_wconf 90' lang='lat' dir='ltr'><strong>tuns,</strong></span> <span class='ocrx_word' id='word_1_19' title='bbox 1675 1021 1785 1093; x_wconf 90' lang='lat' dir='ltr'><strong>neque</strong></span> <span class='ocrx_word' id='word_1_20' title='bbox 1811 1000 1957 1094; x_wconf 86' lang='lat' dir='ltr'><strong>repellas</strong></span> <span class='ocrx_word' id='word_1_21' title='bbox 1990 1025 2046 1074; x_wconf 91' lang='lat' dir='ltr'><strong>me</strong></span> <span class='ocrx_word' id='word_1_22' title='bbox 2073 1003 2116 1074; x_wconf 87' lang='lat' dir='ltr'><strong>ab</strong></span> 
     </span>
     <span class='ocr_line' id='line_1_4' title="bbox 740 1113 1884 1210; baseline 0.002 -26"><span class='ocrx_word' id='word_1_23' title='bbox 740 1113 944 1186; x_wconf 86' lang='lat' dir='ltr'><strong>haereditate</strong></span> <span class='ocrx_word' id='word_1_24' title='bbox 971 1124 1040 1200; x_wconf 85' lang='lat' dir='ltr'><strong>tua,</strong></span> <span class='ocrx_word' id='word_1_25' title='bbox 1066 1123 1204 1210; x_wconf 89' lang='lat' dir='ltr'><strong>propter</strong></span> <span class='ocrx_word' id='word_1_26' title='bbox 1231 1134 1335 1208; x_wconf 88' lang='lat' dir='ltr'><strong>opera</strong></span> <span class='ocrx_word' id='word_1_27' title='bbox 1362 1137 1437 1185; x_wconf 87' lang='lat' dir='ltr'><strong>mea</strong></span> <span class='ocrx_word' id='word_1_28' title='bbox 1464 1135 1551 1208; x_wconf 88' lang='lat' dir='ltr'><strong>quae</strong></span> <span class='ocrx_word' id='word_1_29' title='bbox 1576 1125 1611 1185; x_wconf 87' lang='lat' dir='ltr'><strong>te</strong></span> <span class='ocrx_word' id='word_1_30' title='bbox 1637 1113 1770 1207; x_wconf 89' lang='lat' dir='ltr'><strong>indigna</strong></span> <span class='ocrx_word' id='word_1_31' title='bbox 1799 1128 1884 1188; x_wconf 89' lang='lat' dir='ltr'><strong>sunt.</strong></span> 
     </span>
    </p>

    <p class='ocr_par' dir='ltr' id='par_1_3' title="bbox 683 1227 2118 1557">
     <span class='ocr_line' id='line_1_5' title="bbox 849 1227 2118 1304; baseline 0.003 -4"><span class='ocrx_word' id='word_1_32' title='bbox 849 1229 1027 1300; x_wconf 78' lang='lat' dir='ltr'><strong>Sacerdos</strong></span> <span class='ocrx_word' id='word_1_33' title='bbox 1053 1228 1191 1300; x_wconf 81' lang='lat' dir='ltr'><strong>cleaana</strong></span> <span class='ocrx_word' id='word_1_34' title='bbox 1216 1251 1341 1300; x_wconf 78' lang='lat' dir='ltr'><strong>accan.</strong></span> <span class='ocrx_word' id='word_1_35' title='bbox 1396 1227 1564 1300; x_wconf 86' lang='lat' dir='ltr'><strong>Coniirma</strong></span> <span class='ocrx_word' id='word_1_36' title='bbox 1590 1239 1625 1300; x_wconf 90' lang='lat' dir='ltr'><strong>et</strong></span> <span class='ocrx_word' id='word_1_37' title='bbox 1640 1240 1788 1302; x_wconf 87' lang='lat' dir='ltr'><strong>sustenta</strong></span> <span class='ocrx_word' id='word_1_38' title='bbox 1813 1228 2003 1304; x_wconf 82' lang='lat' dir='ltr'><strong>Ecclesiam</strong></span> <span class='ocrx_word' id='word_1_39' title='bbox 2028 1242 2118 1304; x_wconf 75' lang='lat' dir='ltr'><strong>mam</strong></span> 
     </span>
     <span class='ocr_line' id='line_1_6' title="bbox 740 1343 2117 1442; baseline 0.002 -26"><span class='ocrx_word' id='word_1_40' title='bbox 740 1345 885 1418; x_wconf 86' lang='lat' dir='ltr'><strong>Domine</strong></span> <span class='ocrx_word' id='word_1_41' title='bbox 911 1368 972 1440; x_wconf 92' lang='lat' dir='ltr'><strong>per</strong></span> <span class='ocrx_word' id='word_1_42' title='bbox 999 1349 1170 1418; x_wconf 88' lang='lat' dir='ltr'><strong>orationes</strong></span> <span class='ocrx_word' id='word_1_43' title='bbox 1198 1344 1423 1439; x_wconf 82' lang='lat' dir='ltr'><strong>acceptabiles</strong></span> <span class='ocrx_word' id='word_1_44' title='bbox 1441 1353 1476 1416; x_wconf 90' lang='lat' dir='ltr'><strong>et</strong></span> <span class='ocrx_word' id='word_1_45' title='bbox 1489 1343 1661 1440; x_wconf 85' lang='lat' dir='ltr'><strong>pacificas,</strong></span> <span class='ocrx_word' id='word_1_46' title='bbox 1687 1346 1865 1417; x_wconf 79' lang='lat' dir='ltr'><strong>Pastorum</strong></span> <span class='ocrx_word' id='word_1_47' title='bbox 1882 1347 2012 1420; x_wconf 92' lang='lat' dir='ltr'><strong>illorum</strong></span> <span class='ocrx_word' id='word_1_48' title='bbox 2031 1370 2117 1442; x_wconf 85' lang='lat' dir='ltr'><strong>quos</strong></span> 
     </span>
     <span class='ocr_line' id='line_1_7' title="bbox 683 1460 2117 1557; baseline 0.002 -24"><span class='ocrx_word' id='word_1_49' title='bbox 683 1533 686 1540; x_wconf 79' lang='grc'>,</span> <span class='ocrx_word' id='word_1_50' title='bbox 742 1461 874 1554; x_wconf 76' lang='lat' dir='ltr'><strong>elegisti</strong></span> <span class='ocrx_word' id='word_1_51' title='bbox 902 1471 934 1534; x_wconf 91' lang='lat' dir='ltr'><strong>et</strong></span> <span class='ocrx_word' id='word_1_52' title='bbox 965 1463 1147 1548; x_wconf 86' lang='lat' dir='ltr'><strong>vocavisti,</strong></span> <span class='ocrx_word' id='word_1_53' title='bbox 1182 1463 1418 1555; x_wconf 75' lang='lat' dir='ltr'><strong>mysteriisque</strong></span> <span class='ocrx_word' id='word_1_54' title='bbox 1451 1463 1514 1532; x_wconf 92' lang='lat' dir='ltr'><strong>tuis</strong></span> <span class='ocrx_word' id='word_1_55' title='bbox 1548 1464 1672 1534; x_wconf 84' lang='lat' dir='ltr'><strong>sanctis</strong></span> <span class='ocrx_word' id='word_1_56' title='bbox 1704 1460 1896 1557; x_wconf 82' lang='lat' dir='ltr'><strong>perfecisti,</strong></span> <span class='ocrx_word' id='word_1_57' title='bbox 1931 1471 1965 1534; x_wconf 90' lang='lat' dir='ltr'><strong>et</strong></span> <span class='ocrx_word' id='word_1_58' title='bbox 1997 1463 2117 1557; x_wconf 89' lang='lat' dir='ltr'><strong>quibus</strong></span> 
     </span>
    </p>

    <p class='ocr_par' dir='ltr' id='par_1_4' title="bbox 723 1575 2121 3289">
     <span class='ocr_line' id='line_1_8' title="bbox 742 1575 2118 1668; baseline -0.002 -17"><span class='ocrx_word' id='word_1_59' title='bbox 742 1579 973 1651; x_wconf 89' lang='lat' dir='ltr'><strong>oeconomiam</strong></span> <span class='ocrx_word' id='word_1_60' title='bbox 1002 1575 1119 1648; x_wconf 91' lang='lat' dir='ltr'><strong>domus</strong></span> <span class='ocrx_word' id='word_1_61' title='bbox 1147 1585 1234 1664; x_wconf 90' lang='lat' dir='ltr'><strong>tuae,</strong></span> <span class='ocrx_word' id='word_1_62' title='bbox 1261 1599 1337 1648; x_wconf 93' lang='lat' dir='ltr'><strong>cum</strong></span> <span class='ocrx_word' id='word_1_63' title='bbox 1364 1579 1540 1648; x_wconf 84' lang='lat' dir='ltr'><strong>autoritate</strong></span> <span class='ocrx_word' id='word_1_64' title='bbox 1566 1576 1745 1648; x_wconf 88' lang='lat' dir='ltr'><strong>credidisti.</strong></span> <span class='ocrx_word' id='word_1_65' title='bbox 1791 1579 1844 1649; x_wconf 88' lang='lat' dir='ltr'><strong>Da</strong></span> <span class='ocrx_word' id='word_1_66' title='bbox 1870 1575 1935 1650; x_wconf 91' lang='lat' dir='ltr'><strong>illis</strong></span> <span class='ocrx_word' id='word_1_67' title='bbox 1962 1580 2118 1668; x_wconf 84' lang='lat' dir='ltr'><strong>Domine,</strong></span> 
     </span>
     <span class='ocr_line' id='line_1_9' title="bbox 742 1689 2119 1789; baseline 0.001 -24"><span class='ocrx_word' id='word_1_68' title='bbox 742 1705 777 1764; x_wconf 92' lang='lat' dir='ltr'><strong>ut</strong></span> <span class='ocrx_word' id='word_1_69' title='bbox 804 1718 823 1765; x_wconf 90' lang='lat' dir='ltr'><strong>a</strong></span> <span class='ocrx_word' id='word_1_70' title='bbox 850 1692 935 1786; x_wconf 88' lang='lat' dir='ltr'><strong>lupis</strong></span> <span class='ocrx_word' id='word_1_71' title='bbox 962 1689 1209 1764; x_wconf 89' lang='lat' dir='ltr'><strong>insidiatoribus</strong></span> <span class='ocrx_word' id='word_1_72' title='bbox 1237 1714 1323 1763; x_wconf 89' lang='lat' dir='ltr'><strong>oves</strong></span> <span class='ocrx_word' id='word_1_73' title='bbox 1352 1703 1425 1763; x_wconf 90' lang='lat' dir='ltr'><strong>tuas</strong></span> <span class='ocrx_word' id='word_1_74' title='bbox 1461 1691 1639 1782; x_wconf 85' lang='lat' dir='ltr'><strong>vigilanter</strong></span> <span class='ocrx_word' id='word_1_75' title='bbox 1673 1691 1878 1781; x_wconf 88' lang='lat' dir='ltr'><strong>custodiant,</strong></span> <span class='ocrx_word' id='word_1_76' title='bbox 1910 1706 2119 1789; x_wconf 82' lang='lat' dir='ltr'><strong>pascentque</strong></span> 
     </span>
     <span class='ocr_line' id='line_1_10' title="bbox 742 1806 2120 1906; baseline 0.001 -27"><span class='ocrx_word' id='word_1_77' title='bbox 742 1831 809 1880; x_wconf 92' lang='lat' dir='ltr'><strong>non</strong></span> <span class='ocrx_word' id='word_1_78' title='bbox 837 1811 1028 1895; x_wconf 82' lang='lat' dir='ltr'><strong>oscitanter,</strong></span> <span class='ocrx_word' id='word_1_79' title='bbox 1059 1807 1161 1878; x_wconf 89' lang='lat' dir='ltr'><strong>etad</strong></span> <span class='ocrx_word' id='word_1_80' title='bbox 1189 1819 1284 1903; x_wconf 89' lang='lat' dir='ltr'><strong>prata</strong></span> <span class='ocrx_word' id='word_1_81' title='bbox 1311 1811 1514 1894; x_wconf 88' lang='lat' dir='ltr'><strong>securitatis,</strong></span> <span class='ocrx_word' id='word_1_82' title='bbox 1543 1817 1642 1902; x_wconf 87' lang='lat' dir='ltr'><strong>atque</strong></span> <span class='ocrx_word' id='word_1_83' title='bbox 1669 1806 1710 1879; x_wconf 88' lang='lat' dir='ltr'><strong>ad</strong></span> <span class='ocrx_word' id='word_1_84' title='bbox 1738 1829 1843 1901; x_wconf 90' lang='lat' dir='ltr'><strong>aquas</strong></span> <span class='ocrx_word' id='word_1_85' title='bbox 1870 1813 2007 1902; x_wconf 87' lang='lat' dir='ltr'><strong>quietis,</strong></span> <span class='ocrx_word' id='word_1_86' title='bbox 2034 1833 2120 1906; x_wconf 88' lang='lat' dir='ltr'><strong>pure</strong></span> 
     </span>
     <span class='ocr_line' id='line_1_11' title="bbox 742 1920 2119 2020; baseline 0.001 -26"><span class='ocrx_word' id='word_1_87' title='bbox 742 1934 776 1994; x_wconf 90' lang='lat' dir='ltr'><strong>et</strong></span> <span class='ocrx_word' id='word_1_88' title='bbox 803 1946 876 1994; x_wconf 94' lang='lat' dir='ltr'><strong>cum</strong></span> <span class='ocrx_word' id='word_1_89' title='bbox 903 1922 1032 1994; x_wconf 90' lang='lat' dir='ltr'><strong>honore</strong></span> <span class='ocrx_word' id='word_1_90' title='bbox 1058 1945 1118 1996; x_wconf 88' lang='lat' dir='ltr'><strong>eas</strong></span> <span class='ocrx_word' id='word_1_91' title='bbox 1144 1923 1328 2010; x_wconf 86' lang='lat' dir='ltr'><strong>deducant,</strong></span> <span class='ocrx_word' id='word_1_92' title='bbox 1361 1920 1552 2016; x_wconf 88' lang='lat' dir='ltr'><strong>talentaque</strong></span> <span class='ocrx_word' id='word_1_93' title='bbox 1585 1945 1646 1996; x_wconf 87' lang='lat' dir='ltr'><strong>sua</strong></span> <span class='ocrx_word' id='word_1_94' title='bbox 1680 1922 1861 2018; x_wconf 90' lang='lat' dir='ltr'><strong>prudenter</strong></span> <span class='ocrx_word' id='word_1_95' title='bbox 1887 1924 2119 2020; x_wconf 89' lang='lat' dir='ltr'><strong>multiplicent:</strong></span> 
     </span>
     <span class='ocr_line' id='line_1_12' title="bbox 743 2037 2119 2136; baseline -0.001 -25"><span class='ocrx_word' id='word_1_96' title='bbox 743 2050 902 2112; x_wconf 88' lang='lat' dir='ltr'><strong>avertens</strong></span> <span class='ocrx_word' id='word_1_97' title='bbox 922 2042 1049 2110; x_wconf 85' lang='lat' dir='ltr'><strong>interea</strong></span> <span class='ocrx_word' id='word_1_98' title='bbox 1073 2038 1236 2134; x_wconf 89' lang='lat' dir='ltr'><strong>apopulo</strong></span> <span class='ocrx_word' id='word_1_99' title='bbox 1262 2050 1333 2126; x_wconf 86' lang='lat' dir='ltr'><strong>tuo,</strong></span> <span class='ocrx_word' id='word_1_100' title='bbox 1359 2048 1392 2109; x_wconf 90' lang='lat' dir='ltr'><strong>et</strong></span> <span class='ocrx_word' id='word_1_101' title='bbox 1417 2037 1622 2110; x_wconf 87' lang='lat' dir='ltr'><strong>haereditate</strong></span> <span class='ocrx_word' id='word_1_102' title='bbox 1640 2049 1696 2110; x_wconf 89' lang='lat' dir='ltr'><strong>tua</strong></span> <span class='ocrx_word' id='word_1_103' title='bbox 1714 2060 1776 2134; x_wconf 94' lang='lat' dir='ltr'><strong>per</strong></span> <span class='ocrx_word' id='word_1_104' title='bbox 1798 2042 1968 2136; x_wconf 81' lang='lat' dir='ltr'><strong>orationes</strong></span> <span class='ocrx_word' id='word_1_105' title='bbox 1990 2061 2119 2126; x_wconf 91' lang='lat' dir='ltr'><strong>eornm,</strong></span> 
     </span>
     <span class='ocr_line' id='line_1_13' title="bbox 744 2145 2119 2250; baseline -0.001 -24"><span class='ocrx_word' id='word_1_106' title='bbox 744 2145 875 2226; x_wconf 80' lang='lat' dir='ltr'><strong>omnem</strong></span> <span class='ocrx_word' id='word_1_107' title='bbox 890 2157 1115 2249; x_wconf 89' lang='lat' dir='ltr'><strong>captivitatem</strong></span> <span class='ocrx_word' id='word_1_108' title='bbox 1129 2157 1369 2250; x_wconf 82' lang='lat' dir='ltr'><strong>perniciosum3</strong></span> <span class='ocrx_word' id='word_1_109' title='bbox 1384 2175 1515 2224; x_wconf 90' lang='lat' dir='ltr'><strong>omnem</strong></span> <span class='ocrx_word' id='word_1_110' title='bbox 1531 2152 1817 2226; x_wconf 87' lang='lat' dir='ltr'><strong>conturbationem</strong></span> <span class='ocrx_word' id='word_1_111' title='bbox 1829 2157 2119 2242; x_wconf 85' lang='lat' dir='ltr'><strong>noxiam,omncm</strong></span> 
     </span>
     <span class='ocr_line' id='line_1_14' title="bbox 741 2267 2118 2365; baseline -0.002 -24"><span class='ocrx_word' id='word_1_112' title='bbox 741 2271 937 2343; x_wconf 72' lang='lat' dir='ltr'><strong>violentiam</strong></span> <span class='ocrx_word' id='word_1_113' title='bbox 963 2274 1199 2365; x_wconf 90' lang='lat' dir='ltr'><strong>cujuscumque</strong></span> <span class='ocrx_word' id='word_1_114' title='bbox 1225 2272 1379 2363; x_wconf 90' lang='lat' dir='ltr'><strong>generis,</strong></span> <span class='ocrx_word' id='word_1_115' title='bbox 1415 2291 1546 2340; x_wconf 92' lang='lat' dir='ltr'><strong>omnem</strong></span> <span class='ocrx_word' id='word_1_116' title='bbox 1583 2267 1845 2361; x_wconf 85' lang='lat' dir='ltr'><strong>alienigenarum</strong></span> <span class='ocrx_word' id='word_1_117' title='bbox 1875 2271 2118 2342; x_wconf 89' lang='lat' dir='ltr'><strong>incursionem:</strong></span> 
     </span>
     <span class='ocr_line' id='line_1_15' title="bbox 744 2385 2120 2480; baseline -0.001 -22"><span class='ocrx_word' id='word_1_118' title='bbox 744 2408 877 2458; x_wconf 84' lang='lat' dir='ltr'><strong>ornnem</strong></span> <span class='ocrx_word' id='word_1_119' title='bbox 903 2390 1159 2480; x_wconf 86' lang='lat' dir='ltr'><strong>perversitatem</strong></span> <span class='ocrx_word' id='word_1_120' title='bbox 1187 2397 1222 2457; x_wconf 89' lang='lat' dir='ltr'><strong>et</strong></span> <span class='ocrx_word' id='word_1_121' title='bbox 1247 2388 1444 2479; x_wconf 87' lang='lat' dir='ltr'><strong>nequitiam,</strong></span> <span class='ocrx_word' id='word_1_122' title='bbox 1472 2405 1605 2456; x_wconf 92' lang='lat' dir='ltr'><strong>omnem</strong></span> <span class='ocrx_word' id='word_1_123' title='bbox 1630 2388 1832 2457; x_wconf 87' lang='lat' dir='ltr'><strong>inimicitiam</strong></span> <span class='ocrx_word' id='word_1_124' title='bbox 1858 2397 1892 2458; x_wconf 91' lang='lat' dir='ltr'><strong>et</strong></span> <span class='ocrx_word' id='word_1_125' title='bbox 1917 2389 2013 2472; x_wconf 89' lang='lat' dir='ltr'><strong>iram,</strong></span> <span class='ocrx_word' id='word_1_126' title='bbox 2037 2385 2120 2479; x_wconf 87' lang='lat' dir='ltr'><strong>pla-</strong></span> 
     </span>
     <span class='ocr_line' id='line_1_16' title="bbox 743 2500 2120 2595; baseline 0 -22"><span class='ocrx_word' id='word_1_127' title='bbox 743 2523 807 2593; x_wconf 89' lang='lat' dir='ltr'><strong>gas</strong></span> <span class='ocrx_word' id='word_1_128' title='bbox 835 2501 952 2575; x_wconf 87' lang='lat' dir='ltr'><strong>omnes</strong></span> <span class='ocrx_word' id='word_1_129' title='bbox 979 2513 1013 2575; x_wconf 92' lang='lat' dir='ltr'><strong>et</strong></span> <span class='ocrx_word' id='word_1_130' title='bbox 1038 2500 1267 2575; x_wconf 91' lang='lat' dir='ltr'><strong>rebellionem.</strong></span> <span class='ocrx_word' id='word_1_131' title='bbox 1310 2502 1412 2592; x_wconf 88' lang='lat' dir='ltr'><strong>Auge</strong></span> <span class='ocrx_word' id='word_1_132' title='bbox 1437 2500 1599 2589; x_wconf 87' lang='lat' dir='ltr'><strong>Domine,</strong></span> <span class='ocrx_word' id='word_1_133' title='bbox 1632 2522 1694 2595; x_wconf 94' lang='lat' dir='ltr'><strong>per</strong></span> <span class='ocrx_word' id='word_1_134' title='bbox 1727 2500 1989 2574; x_wconf 86' lang='lat' dir='ltr'><strong>misericordiam</strong></span> <span class='ocrx_word' id='word_1_135' title='bbox 2016 2511 2120 2591; x_wconf 76' lang='lat' dir='ltr'><strong>uam,</strong></span> 
     </span>
     <span class='ocr_line' id='line_1_17' title="bbox 723 2615 2120 2712; baseline -0.001 -24"><span class='ocrx_word' id='word_1_136' title='bbox 723 2628 777 2689; x_wconf 59' lang='lat' dir='ltr'><strong>‘et</strong></span> <span class='ocrx_word' id='word_1_137' title='bbox 805 2639 951 2691; x_wconf 89' lang='lat' dir='ltr'><strong>amorem</strong></span> <span class='ocrx_word' id='word_1_138' title='bbox 980 2640 1064 2709; x_wconf 87' lang='lat' dir='ltr'><strong>erga</strong></span> <span class='ocrx_word' id='word_1_139' title='bbox 1089 2615 1241 2688; x_wconf 90' lang='lat' dir='ltr'><strong>homines</strong></span> <span class='ocrx_word' id='word_1_140' title='bbox 1268 2626 1369 2704; x_wconf 87' lang='lat' dir='ltr'><strong>tuum,</strong></span> <span class='ocrx_word' id='word_1_141' title='bbox 1397 2637 1495 2688; x_wconf 91' lang='lat' dir='ltr'><strong>omne</strong></span> <span class='ocrx_word' id='word_1_142' title='bbox 1521 2615 1646 2689; x_wconf 90' lang='lat' dir='ltr'><strong>bonum</strong></span> <span class='ocrx_word' id='word_1_143' title='bbox 1671 2616 1874 2712; x_wconf 83' lang='lat' dir='ltr'><strong>perfectum,</strong></span> <span class='ocrx_word' id='word_1_144' title='bbox 1901 2639 2000 2690; x_wconf 91' lang='lat' dir='ltr'><strong>omne</strong></span> <span class='ocrx_word' id='word_1_145' title='bbox 2026 2639 2120 2709; x_wconf 88' lang='lat' dir='ltr'><strong>gau-</strong></span> 
     </span>
     <span class='ocr_line' id='line_1_18' title="bbox 744 2731 2121 2829; baseline 0.001 -27"><span class='ocrx_word' id='word_1_146' title='bbox 744 2731 832 2803; x_wconf 92' lang='lat' dir='ltr'><strong>dium</strong></span> <span class='ocrx_word' id='word_1_147' title='bbox 865 2736 1059 2829; x_wconf 84' lang='lat' dir='ltr'><strong>pacificum,</strong></span> <span class='ocrx_word' id='word_1_148' title='bbox 1096 2754 1227 2804; x_wconf 88' lang='lat' dir='ltr'><strong>omnem</strong></span> <span class='ocrx_word' id='word_1_149' title='bbox 1261 2731 1500 2802; x_wconf 87' lang='lat' dir='ltr'><strong>exultationem</strong></span> <span class='ocrx_word' id='word_1_150' title='bbox 1534 2742 1569 2802; x_wconf 92' lang='lat' dir='ltr'><strong>et</strong></span> <span class='ocrx_word' id='word_1_151' title='bbox 1604 2735 1766 2826; x_wconf 90' lang='lat' dir='ltr'><strong>quietern,</strong></span> <span class='ocrx_word' id='word_1_152' title='bbox 1802 2737 2048 2806; x_wconf 85' lang='lat' dir='ltr'><strong>unanimitatem</strong></span> <span class='ocrx_word' id='word_1_153' title='bbox 2083 2742 2121 2804; x_wconf 89' lang='lat' dir='ltr'><strong>et</strong></span> 
     </span>
     <span class='ocr_line' id='line_1_19' title="bbox 743 2846 2119 2942; baseline 0.002 -25"><span class='ocrx_word' id='word_1_154' title='bbox 743 2848 971 2939; x_wconf 88' lang='lat' dir='ltr'><strong>concordiam,</strong></span> <span class='ocrx_word' id='word_1_155' title='bbox 998 2868 1127 2920; x_wconf 91' lang='lat' dir='ltr'><strong>ornnem</strong></span> <span class='ocrx_word' id='word_1_156' title='bbox 1155 2849 1337 2920; x_wconf 88' lang='lat' dir='ltr'><strong>castitatem</strong></span> <span class='ocrx_word' id='word_1_157' title='bbox 1365 2855 1400 2916; x_wconf 91' lang='lat' dir='ltr'><strong>et</strong></span> <span class='ocrx_word' id='word_1_158' title='bbox 1425 2849 1613 2942; x_wconf 88' lang='lat' dir='ltr'><strong>puritatem,</strong></span> <span class='ocrx_word' id='word_1_159' title='bbox 1640 2846 1878 2940; x_wconf 85' lang='lat' dir='ltr'><strong>benignitatem</strong></span> <span class='ocrx_word' id='word_1_160' title='bbox 1897 2860 1932 2921; x_wconf 92' lang='lat' dir='ltr'><strong>et</strong></span> <span class='ocrx_word' id='word_1_161' title='bbox 1951 2852 2119 2935; x_wconf 90' lang='lat' dir='ltr'><strong>unionem,</strong></span> 
     </span>
     <span class='ocr_line' id='line_1_20' title="bbox 743 2961 2120 3059; baseline 0.001 -24"><span class='ocrx_word' id='word_1_162' title='bbox 743 2973 780 3035; x_wconf 90' lang='lat' dir='ltr'><strong>ut</strong></span> <span class='ocrx_word' id='word_1_163' title='bbox 805 2967 921 3037; x_wconf 89' lang='lat' dir='ltr'><strong>unitati</strong></span> <span class='ocrx_word' id='word_1_164' title='bbox 948 2975 1024 3037; x_wconf 89' lang='lat' dir='ltr'><strong>tuae</strong></span> <span class='ocrx_word' id='word_1_165' title='bbox 1052 2963 1181 3037; x_wconf 89' lang='lat' dir='ltr'><strong>sublimi</strong></span> <span class='ocrx_word' id='word_1_166' title='bbox 1209 2984 1291 3059; x_wconf 85' lang='lat' dir='ltr'><strong>prae</strong></span> <span class='ocrx_word' id='word_1_167' title='bbox 1319 2961 1488 3049; x_wconf 89' lang='lat' dir='ltr'><strong>omnibus,</strong></span> <span class='ocrx_word' id='word_1_168' title='bbox 1522 2962 1700 3038; x_wconf 85' lang='lat' dir='ltr'><strong>offeramus</strong></span> <span class='ocrx_word' id='word_1_169' title='bbox 1732 2969 1914 3057; x_wconf 88' lang='lat' dir='ltr'><strong>gratiarum</strong></span> <span class='ocrx_word' id='word_1_170' title='bbox 1941 2967 2120 3050; x_wconf 89' lang='lat' dir='ltr'><strong>actionem,</strong></span> 
     </span>
     <span class='ocr_line' id='line_1_21' title="bbox 744 3078 2120 3176; baseline 0 -24"><span class='ocrx_word' id='word_1_171' title='bbox 744 3081 850 3175; x_wconf 88' lang='lat' dir='ltr'><strong>qualis</strong></span> <span class='ocrx_word' id='word_1_172' title='bbox 877 3082 1007 3174; x_wconf 89' lang='lat' dir='ltr'><strong>gloriae</strong></span> <span class='ocrx_word' id='word_1_173' title='bbox 1035 3092 1110 3154; x_wconf 88' lang='lat' dir='ltr'><strong>tuae</strong></span> <span class='ocrx_word' id='word_1_174' title='bbox 1137 3078 1295 3168; x_wconf 77' lang='lat' dir='ltr'><strong>detetur,</strong></span> <span class='ocrx_word' id='word_1_175' title='bbox 1322 3078 1633 3175; x_wconf 87' lang='lat' dir='ltr'><strong>adorationemque,</strong></span> <span class='ocrx_word' id='word_1_176' title='bbox 1668 3081 1775 3176; x_wconf 91' lang='lat' dir='ltr'><strong>qualis</strong></span> <span class='ocrx_word' id='word_1_177' title='bbox 1809 3081 1906 3153; x_wconf 90' lang='lat' dir='ltr'><strong>decet</strong></span> <span class='ocrx_word' id='word_1_178' title='bbox 1940 3085 2120 3154; x_wconf 87' lang='lat' dir='ltr'><strong>essentiam</strong></span> 
     </span>
     <span class='ocr_line' id='line_1_22' title="bbox 743 3193 2121 3289; baseline -0.001 -21"><span class='ocrx_word' id='word_1_179' title='bbox 743 3208 831 3268; x_wconf 90' lang='lat' dir='ltr'><strong>tuam</strong></span> <span class='ocrx_word' id='word_1_180' title='bbox 859 3209 893 3269; x_wconf 92' lang='lat' dir='ltr'><strong>et</strong></span> <span class='ocrx_word' id='word_1_181' title='bbox 907 3197 992 3269; x_wconf 89' lang='lat' dir='ltr'><strong>Filio</strong></span> <span class='ocrx_word' id='word_1_182' title='bbox 1021 3207 1077 3270; x_wconf 89' lang='lat' dir='ltr'><strong>tuo</strong></span> <span class='ocrx_word' id='word_1_183' title='bbox 1105 3199 1289 3288; x_wconf 90' lang='lat' dir='ltr'><strong>unigenito,</strong></span> <span class='ocrx_word' id='word_1_184' title='bbox 1317 3203 1350 3266; x_wconf 90' lang='lat' dir='ltr'><strong>et</strong></span> <span class='ocrx_word' id='word_1_185' title='bbox 1364 3193 1500 3289; x_wconf 86' lang='lat' dir='ltr'><strong>Spiritui</strong></span> <span class='ocrx_word' id='word_1_186' title='bbox 1528 3204 1583 3268; x_wconf 91' lang='lat' dir='ltr'><strong>tuo</strong></span> <span class='ocrx_word' id='word_1_187' title='bbox 1610 3199 1693 3268; x_wconf 90' lang='lat' dir='ltr'><strong>vivo</strong></span> <span class='ocrx_word' id='word_1_188' title='bbox 1721 3206 1755 3268; x_wconf 91' lang='lat' dir='ltr'><strong>et</strong></span> <span class='ocrx_word' id='word_1_189' title='bbox 1782 3206 1900 3269; x_wconf 89' lang='lat' dir='ltr'><strong>sancto</strong></span> <span class='ocrx_word' id='word_1_190' title='bbox 1927 3220 2027 3286; x_wconf 90' lang='lat' dir='ltr'><strong>nunc,</strong></span> <span class='ocrx_word' id='word_1_191' title='bbox 2054 3207 2121 3268; x_wconf 89' lang='lat' dir='ltr'><strong>etc.</strong></span> 
     </span>
    </p>

    <p class='ocr_par' dir='ltr' id='par_1_5' title="bbox 847 3313 1768 3406">
     <span class='ocr_line' id='line_1_23' title="bbox 847 3313 1768 3406; baseline 0.007 -24"><span class='ocrx_word' id='word_1_192' title='bbox 847 3313 1009 3406; x_wconf 77' lang='lat' dir='ltr'><strong>Populus.</strong></span> <span class='ocrx_word' id='word_1_193' title='bbox 1064 3315 1184 3385; x_wconf 83' lang='lat' dir='ltr'><strong>Arnen.</strong></span> <span class='ocrx_word' id='word_1_194' title='bbox 1762 3376 1768 3388; x_wconf 93' lang='lat'>.</span> 
     </span>
    </p>

    <p class='ocr_par' dir='ltr' id='par_1_6' title="bbox 693 3426 2123 4218">
     <span class='ocr_line' id='line_1_24' title="bbox 847 3426 2122 3524; baseline -0.001 -24"><span class='ocrx_word' id='word_1_195' title='bbox 847 3429 1023 3500; x_wconf 80' lang='lat' dir='ltr'><strong>Sacerdos</strong></span> <span class='ocrx_word' id='word_1_196' title='bbox 1055 3429 1247 3499; x_wconf 78' lang='lat' dir='ltr'><strong>inclinatus.</strong></span> <span class='ocrx_word' id='word_1_197' title='bbox 1300 3429 1469 3500; x_wconf 86' lang='lat' dir='ltr'><strong>Memento</strong></span> <span class='ocrx_word' id='word_1_198' title='bbox 1492 3426 1636 3500; x_wconf 91' lang='lat' dir='ltr'><strong>Domine</strong></span> <span class='ocrx_word' id='word_1_199' title='bbox 1663 3430 1777 3524; x_wconf 90' lang='lat' dir='ltr'><strong>populi</strong></span> <span class='ocrx_word' id='word_1_200' title='bbox 1803 3431 1850 3500; x_wconf 92' lang='lat' dir='ltr'><strong>tui</strong></span> <span class='ocrx_word' id='word_1_201' title='bbox 1877 3429 1932 3521; x_wconf 94' lang='lat' dir='ltr'><strong>qui</strong></span> <span class='ocrx_word' id='word_1_202' title='bbox 1959 3436 2023 3498; x_wconf 89' lang='lat' dir='ltr'><strong>stat</strong></span> <span class='ocrx_word' id='word_1_203' title='bbox 2049 3450 2122 3500; x_wconf 92' lang='lat' dir='ltr'><strong>no-</strong></span> 
     </span>
     <span class='ocr_line' id='line_1_25' title="bbox 743 3541 2122 3639; baseline 0.002 -25"><span class='ocrx_word' id='word_1_204' title='bbox 743 3541 890 3632; x_wconf 90' lang='lat' dir='ltr'><strong>biscum,</strong></span> <span class='ocrx_word' id='word_1_205' title='bbox 923 3553 956 3615; x_wconf 88' lang='lat' dir='ltr'><strong>et</strong></span> <span class='ocrx_word' id='word_1_206' title='bbox 982 3544 1181 3639; x_wconf 87' lang='lat' dir='ltr'><strong>deprecatur</strong></span> <span class='ocrx_word' id='word_1_207' title='bbox 1206 3567 1330 3617; x_wconf 91' lang='lat' dir='ltr'><strong>nomen</strong></span> <span class='ocrx_word' id='word_1_208' title='bbox 1355 3555 1464 3632; x_wconf 90' lang='lat' dir='ltr'><strong>tuum,</strong></span> <span class='ocrx_word' id='word_1_209' title='bbox 1496 3565 1579 3638; x_wconf 87' lang='lat' dir='ltr'><strong>prae</strong></span> <span class='ocrx_word' id='word_1_210' title='bbox 1613 3542 1765 3620; x_wconf 84' lang='lat' dir='ltr'><strong>omnibus</strong></span> <span class='ocrx_word' id='word_1_211' title='bbox 1795 3564 1924 3638; x_wconf 90' lang='lat' dir='ltr'><strong>purum.</strong></span> <span class='ocrx_word' id='word_1_212' title='bbox 1958 3543 2122 3639; x_wconf 80' lang='lat' dir='ltr'><strong>¹Suscipe</strong></span> 
     </span>
     <span class='ocr_line' id='line_1_26' title="bbox 744 3657 2123 3755; baseline 0.004 -27"><span class='ocrx_word' id='word_1_213' title='bbox 744 3657 804 3732; x_wconf 83' lang='lat' dir='ltr'><strong>luas</strong></span> <span class='ocrx_word' id='word_1_214' title='bbox 832 3659 1036 3746; x_wconf 87' lang='lat' dir='ltr'><strong>oblationes,</strong></span> <span class='ocrx_word' id='word_1_215' title='bbox 1064 3681 1147 3754; x_wconf 89' lang='lat' dir='ltr'><strong>quas</strong></span> <span class='ocrx_word' id='word_1_216' title='bbox 1174 3658 1363 3733; x_wconf 87' lang='lat' dir='ltr'><strong>obtulerunt</strong></span> <span class='ocrx_word' id='word_1_217' title='bbox 1390 3660 1466 3748; x_wconf 89' lang='lat' dir='ltr'><strong>tibi,</strong></span> <span class='ocrx_word' id='word_1_218' title='bbox 1493 3657 1718 3748; x_wconf 87' lang='lat' dir='ltr'><strong>confidentes,</strong></span> <span class='ocrx_word' id='word_1_219' title='bbox 1746 3659 1834 3755; x_wconf 90' lang='lat' dir='ltr'><strong>quod</strong></span> <span class='ocrx_word' id='word_1_220' title='bbox 1860 3683 1921 3755; x_wconf 93' lang='lat' dir='ltr'><strong>per</strong></span> <span class='ocrx_word' id='word_1_221' title='bbox 1948 3661 2123 3733; x_wconf 88' lang='lat' dir='ltr'><strong>orationes</strong></span> 
     </span>
     <span class='ocr_line' id='line_1_27' title="bbox 745 3773 2123 3871; baseline 0 -25"><span class='ocrx_word' id='word_1_222' title='bbox 745 3786 879 3848; x_wconf 88' lang='lat' dir='ltr'><strong>nostras</strong></span> <span class='ocrx_word' id='word_1_223' title='bbox 913 3775 1052 3848; x_wconf 87' lang='lat' dir='ltr'><strong>humiles</strong></span> <span class='ocrx_word' id='word_1_224' title='bbox 1087 3775 1354 3871; x_wconf 81' lang='lat' dir='ltr'><strong>acceptabantur.</strong></span> <span class='ocrx_word' id='word_1_225' title='bbox 1414 3777 1558 3869; x_wconf 87' lang='lat' dir='ltr'><strong>Suscipe</strong></span> <span class='ocrx_word' id='word_1_226' title='bbox 1591 3797 1651 3848; x_wconf 89' lang='lat' dir='ltr'><strong>eas</strong></span> <span class='ocrx_word' id='word_1_227' title='bbox 1685 3773 1727 3846; x_wconf 89' lang='lat' dir='ltr'><strong>ab</strong></span> <span class='ocrx_word' id='word_1_228' title='bbox 1762 3775 1826 3848; x_wconf 89' lang='lat' dir='ltr'><strong>illis</strong></span> <span class='ocrx_word' id='word_1_229' title='bbox 1858 3776 2021 3860; x_wconf 87' lang='lat' dir='ltr'><strong>Domine,</strong></span> <span class='ocrx_word' id='word_1_230' title='bbox 2057 3798 2123 3871; x_wconf 92' lang='lat' dir='ltr'><strong>per</strong></span> 
     </span>
     <span class='ocr_line' id='line_1_28' title="bbox 693 3889 2122 3987; baseline 0.003 -26"><span class='ocrx_word' id='word_1_231' title='bbox 693 3903 698 3908; x_wconf 84' lang='lat'>&#39;</span> <span class='ocrx_word' id='word_1_232' title='bbox 746 3912 895 3963; x_wconf 88' lang='lat' dir='ltr'><strong>amorem</strong></span> <span class='ocrx_word' id='word_1_233' title='bbox 922 3913 1005 3984; x_wconf 88' lang='lat' dir='ltr'><strong>erga</strong></span> <span class='ocrx_word' id='word_1_234' title='bbox 1031 3892 1183 3963; x_wconf 90' lang='lat' dir='ltr'><strong>homines</strong></span> <span class='ocrx_word' id='word_1_235' title='bbox 1210 3902 1315 3982; x_wconf 92' lang='lat' dir='ltr'><strong>tuum,</strong></span> <span class='ocrx_word' id='word_1_236' title='bbox 1349 3902 1384 3963; x_wconf 90' lang='lat' dir='ltr'><strong>ut</strong></span> <span class='ocrx_word' id='word_1_237' title='bbox 1416 3913 1484 3964; x_wconf 93' lang='lat' dir='ltr'><strong>non</strong></span> <span class='ocrx_word' id='word_1_238' title='bbox 1520 3889 1689 3962; x_wconf 84' lang='lat' dir='ltr'><strong>auferatur</strong></span> <span class='ocrx_word' id='word_1_239' title='bbox 1724 3913 1803 3987; x_wconf 88' lang='lat' dir='ltr'><strong>spes</strong></span> <span class='ocrx_word' id='word_1_240' title='bbox 1835 3890 2041 3962; x_wconf 87' lang='lat' dir='ltr'><strong>adorantium</strong></span> <span class='ocrx_word' id='word_1_241' title='bbox 2068 3904 2122 3965; x_wconf 90' lang='lat' dir='ltr'><strong>te:</strong></span> 
     </span>
     <span class='ocr_line' id='line_1_29' title="bbox 746 4005 2123 4105; baseline 0.001 -27"><span class='ocrx_word' id='word_1_242' title='bbox 746 4017 780 4078; x_wconf 91' lang='lat' dir='ltr'><strong>et</strong></span> <span class='ocrx_word' id='word_1_243' title='bbox 808 4029 923 4079; x_wconf 90' lang='lat' dir='ltr'><strong>eorum</strong></span> <span class='ocrx_word' id='word_1_244' title='bbox 951 4011 1050 4079; x_wconf 89' lang='lat' dir='ltr'><strong>etiarn</strong></span> <span class='ocrx_word' id='word_1_245' title='bbox 1078 4011 1131 4102; x_wconf 93' lang='lat' dir='ltr'><strong>qui</strong></span> <span class='ocrx_word' id='word_1_246' title='bbox 1157 4007 1335 4079; x_wconf 89' lang='lat' dir='ltr'><strong>volucrunt</strong></span> <span class='ocrx_word' id='word_1_247' title='bbox 1361 4010 1495 4095; x_wconf 89' lang='lat' dir='ltr'><strong>cllerre,</strong></span> <span class='ocrx_word' id='word_1_248' title='bbox 1526 4006 1587 4078; x_wconf 90' lang='lat' dir='ltr'><strong>sed</strong></span> <span class='ocrx_word' id='word_1_249' title='bbox 1614 4005 1803 4079; x_wconf 79' lang='lat' dir='ltr'><strong>facultatem</strong></span> <span class='ocrx_word' id='word_1_250' title='bbox 1829 4029 1897 4079; x_wconf 93' lang='lat' dir='ltr'><strong>non</strong></span> <span class='ocrx_word' id='word_1_251' title='bbox 1925 4006 2123 4105; x_wconf 84' lang='lat' dir='ltr'><strong>babuerunt</strong></span> 
     </span>
     <span class='ocr_line' id='line_1_30' title="bbox 746 4120 1931 4218; baseline 0.001 -26"><span class='ocrx_word' id='word_1_252' title='bbox 746 4120 857 4218; x_wconf 83' lang='lat' dir='ltr'><strong>Exple</strong></span> <span class='ocrx_word' id='word_1_253' title='bbox 884 4122 1098 4215; x_wconf 89' lang='lat' dir='ltr'><strong>indigentium</strong></span> <span class='ocrx_word' id='word_1_254' title='bbox 1124 4145 1251 4211; x_wconf 91' lang='lat' dir='ltr'><strong>eorum,</strong></span> <span class='ocrx_word' id='word_1_255' title='bbox 1279 4147 1340 4218; x_wconf 93' lang='lat' dir='ltr'><strong>per</strong></span> <span class='ocrx_word' id='word_1_256' title='bbox 1367 4145 1517 4197; x_wconf 89' lang='lat' dir='ltr'><strong>arnorem</strong></span> <span class='ocrx_word' id='word_1_257' title='bbox 1543 4133 1632 4193; x_wconf 90' lang='lat' dir='ltr'><strong>tuum</strong></span> <span class='ocrx_word' id='word_1_258' title='bbox 1660 4143 1742 4214; x_wconf 90' lang='lat' dir='ltr'><strong>erga</strong></span> <span class='ocrx_word' id='word_1_259' title='bbox 1770 4121 1931 4195; x_wconf 88' lang='lat' dir='ltr'><strong>homines.</strong></span> 
     </span>
    </p>

    <p class='ocr_par' dir='ltr' id='par_1_7' title="bbox 745 4237 2131 5264">
     <span class='ocr_line' id='line_1_31' title="bbox 851 4237 2126 4332; baseline 0.002 -22"><span class='ocrx_word' id='word_1_260' title='bbox 851 4238 1027 4311; x_wconf 73' lang='lat' dir='ltr'><strong>Sacerdos</strong></span> <span class='ocrx_word' id='word_1_261' title='bbox 1053 4239 1190 4310; x_wconf 74' lang='lat' dir='ltr'><strong>elevans</strong></span> <span class='ocrx_word' id='word_1_262' title='bbox 1220 4260 1346 4311; x_wconf 85' lang='lat' dir='ltr'><strong>ccccm.</strong></span> <span class='ocrx_word' id='word_1_263' title='bbox 1388 4239 1434 4322; x_wconf 83' lang='lat' dir='ltr'><strong>Et</strong></span> <span class='ocrx_word' id='word_1_264' title='bbox 1460 4249 1496 4310; x_wconf 89' lang='lat' dir='ltr'><strong>ut</strong></span> <span class='ocrx_word' id='word_1_265' title='bbox 1522 4237 1679 4312; x_wconf 82' lang='lat' dir='ltr'><strong>iratribus</strong></span> <span class='ocrx_word' id='word_1_266' title='bbox 1706 4237 1770 4310; x_wconf 87' lang='lat' dir='ltr'><strong>illis</strong></span> <span class='ocrx_word' id='word_1_267' title='bbox 1797 4243 1922 4310; x_wconf 89' lang='lat' dir='ltr'><strong>nostris</strong></span> <span class='ocrx_word' id='word_1_268' title='bbox 1949 4260 2126 4332; x_wconf 86' lang='lat' dir='ltr'><strong>praesen-</strong></span> 
     </span>
     <span class='ocr_line' id='line_1_32' title="bbox 746 4351 2126 4449; baseline 0.001 -24"><span class='ocrx_word' id='word_1_269' title='bbox 746 4353 850 4440; x_wconf 85' lang='lat' dir='ltr'><strong>titus,</strong></span> <span class='ocrx_word' id='word_1_270' title='bbox 883 4363 917 4425; x_wconf 92' lang='lat' dir='ltr'><strong>et</strong></span> <span class='ocrx_word' id='word_1_271' title='bbox 943 4351 1116 4426; x_wconf 89' lang='lat' dir='ltr'><strong>nobiscum</strong></span> <span class='ocrx_word' id='word_1_272' title='bbox 1143 4355 1326 4442; x_wconf 86' lang='lat' dir='ltr'><strong>stantibus,</strong></span> <span class='ocrx_word' id='word_1_273' title='bbox 1353 4357 1628 4448; x_wconf 82' lang='lat' dir='ltr'><strong>clementiamque</strong></span> <span class='ocrx_word' id='word_1_274' title='bbox 1658 4363 1745 4426; x_wconf 87' lang='lat' dir='ltr'><strong>tuam</strong></span> <span class='ocrx_word' id='word_1_275' title='bbox 1772 4355 1926 4426; x_wconf 92' lang='lat' dir='ltr'><strong>omnibus</strong></span> <span class='ocrx_word' id='word_1_276' title='bbox 1951 4375 2126 4449; x_wconf 86' lang='lat' dir='ltr'><strong>praesen-</strong></span> 
     </span>
     <span class='ocr_line' id='line_1_33' title="bbox 745 4469 2124 4567; baseline 0.002 -26"><span class='ocrx_word' id='word_1_277' title='bbox 745 4477 812 4541; x_wconf 88' lang='lat' dir='ltr'><strong>tem</strong></span> <span class='ocrx_word' id='word_1_278' title='bbox 840 4469 1107 4565; x_wconf 89' lang='lat' dir='ltr'><strong>deprecantibus,</strong></span> <span class='ocrx_word' id='word_1_279' title='bbox 1135 4472 1346 4567; x_wconf 79' lang='lat' dir='ltr'><strong>s&#39;uscipiendc</strong></span> <span class='ocrx_word' id='word_1_280' title='bbox 1374 4482 1465 4560; x_wconf 90' lang='lat' dir='ltr'><strong>vota,</strong></span> <span class='ocrx_word' id='word_1_281' title='bbox 1494 4469 1696 4557; x_wconf 83' lang='lat' dir='ltr'><strong>oblationes,</strong></span> <span class='ocrx_word' id='word_1_282' title='bbox 1723 4472 1883 4566; x_wconf 89' lang='lat' dir='ltr'><strong>primitias</strong></span> <span class='ocrx_word' id='word_1_283' title='bbox 1911 4480 1945 4541; x_wconf 87' lang='lat' dir='ltr'><strong>et</strong></span> <span class='ocrx_word' id='word_1_284' title='bbox 1971 4471 2124 4544; x_wconf 84' lang='lat' dir='ltr'><strong>decimas</strong></span> 
     </span>
     <span class='ocr_line' id='line_1_34' title="bbox 748 4583 2126 4682; baseline 0.001 -25"><span class='ocrx_word' id='word_1_285' title='bbox 748 4607 882 4672; x_wconf 88' lang='lat' dir='ltr'><strong>eorum,</strong></span> <span class='ocrx_word' id='word_1_286' title='bbox 910 4589 1070 4678; x_wconf 89' lang='lat' dir='ltr'><strong>ignoscas</strong></span> <span class='ocrx_word' id='word_1_287' title='bbox 1096 4591 1405 4682; x_wconf 88' lang='lat' dir='ltr'><strong>praevaricationes</strong></span> <span class='ocrx_word' id='word_1_288' title='bbox 1432 4608 1512 4660; x_wconf 87' lang='lat' dir='ltr'><strong>suas</strong></span> <span class='ocrx_word' id='word_1_289' title='bbox 1544 4597 1578 4658; x_wconf 90' lang='lat' dir='ltr'><strong>et</strong></span> <span class='ocrx_word' id='word_1_290' title='bbox 1612 4595 1764 4678; x_wconf 88' lang='lat' dir='ltr'><strong>nostras,</strong></span> <span class='ocrx_word' id='word_1_291' title='bbox 1799 4583 2012 4679; x_wconf 85' lang='lat' dir='ltr'><strong>stabiliasque</strong></span> <span class='ocrx_word' id='word_1_292' title='bbox 2044 4585 2126 4659; x_wconf 88' lang='lat' dir='ltr'><strong>illos</strong></span> 
     </span>
     <span class='ocr_line' id='line_1_35' title="bbox 746 4699 2126 4800; baseline 0.003 -28"><span class='ocrx_word' id='word_1_293' title='bbox 746 4699 893 4793; x_wconf 90' lang='lat' dir='ltr'><strong>benigne</strong></span> <span class='ocrx_word' id='word_1_294' title='bbox 920 4712 954 4774; x_wconf 92' lang='lat' dir='ltr'><strong>et</strong></span> <span class='ocrx_word' id='word_1_295' title='bbox 979 4703 1131 4797; x_wconf 83' lang='lat' dir='ltr'><strong>pacifice,</strong></span> <span class='ocrx_word' id='word_1_296' title='bbox 1157 4714 1360 4800; x_wconf 88' lang='lat' dir='ltr'><strong>avertasque</strong></span> <span class='ocrx_word' id='word_1_297' title='bbox 1388 4703 1430 4776; x_wconf 89' lang='lat' dir='ltr'><strong>ab</strong></span> <span class='ocrx_word' id='word_1_298' title='bbox 1457 4703 1520 4776; x_wconf 86' lang='lat' dir='ltr'><strong>illis</strong></span> <span class='ocrx_word' id='word_1_299' title='bbox 1547 4723 1609 4798; x_wconf 89' lang='lat' dir='ltr'><strong>per</strong></span> <span class='ocrx_word' id='word_1_300' title='bbox 1635 4701 1905 4797; x_wconf 88' lang='lat' dir='ltr'><strong>deprecationem</strong></span> <span class='ocrx_word' id='word_1_301' title='bbox 1925 4723 2040 4772; x_wconf 93' lang='lat' dir='ltr'><strong>eorum</strong></span> <span class='ocrx_word' id='word_1_302' title='bbox 2065 4708 2126 4797; x_wconf 89' lang='lat' dir='ltr'><strong>qui</strong></span> 
     </span>
     <span class='ocr_line' id='line_1_36' title="bbox 746 4815 2125 4908; baseline 0.004 -21"><span class='ocrx_word' id='word_1_303' title='bbox 746 4815 871 4889; x_wconf 88' lang='lat' dir='ltr'><strong>iaciunt</strong></span> <span class='ocrx_word' id='word_1_304' title='bbox 895 4817 1101 4891; x_wconf 89' lang='lat' dir='ltr'><strong>voluntatem</strong></span> <span class='ocrx_word' id='word_1_305' title='bbox 1127 4828 1236 4908; x_wconf 82' lang='lat' dir='ltr'><strong>tuam,</strong></span> <span class='ocrx_word' id='word_1_306' title='bbox 1263 4841 1393 4892; x_wconf 88' lang='lat' dir='ltr'><strong>ornnem</strong></span> <span class='ocrx_word' id='word_1_307' title='bbox 1422 4821 1523 4906; x_wconf 89' lang='lat' dir='ltr'><strong>iram,</strong></span> <span class='ocrx_word' id='word_1_308' title='bbox 1552 4829 1584 4890; x_wconf 89' lang='lat' dir='ltr'><strong>et</strong></span> <span class='ocrx_word' id='word_1_309' title='bbox 1610 4816 1840 4904; x_wconf 77' lang='lat' dir='ltr'><strong>afflictionem,</strong></span> <span class='ocrx_word' id='word_1_310' title='bbox 1871 4839 1970 4890; x_wconf 90' lang='lat' dir='ltr'><strong>omne</strong></span> <span class='ocrx_word' id='word_1_311' title='bbox 1996 4815 2125 4892; x_wconf 88' lang='lat' dir='ltr'><strong>bellum</strong></span> 
     </span>
     <span class='ocr_line' id='line_1_37' title="bbox 748 4933 2128 5025; baseline 0.002 -22"><span class='ocrx_word' id='word_1_312' title='bbox 748 4942 782 5003; x_wconf 90' lang='lat' dir='ltr'><strong>et</strong></span> <span class='ocrx_word' id='word_1_313' title='bbox 809 4933 991 5024; x_wconf 83' lang='lat' dir='ltr'><strong>dissidium,</strong></span> <span class='ocrx_word' id='word_1_314' title='bbox 1018 4935 1156 5006; x_wconf 89' lang='lat' dir='ltr'><strong>caedem</strong></span> <span class='ocrx_word' id='word_1_315' title='bbox 1184 4945 1218 5006; x_wconf 90' lang='lat' dir='ltr'><strong>et</strong></span> <span class='ocrx_word' id='word_1_316' title='bbox 1244 4935 1368 5025; x_wconf 89' lang='lat' dir='ltr'><strong>dolum,</strong></span> <span class='ocrx_word' id='word_1_317' title='bbox 1401 4935 1645 5009; x_wconf 88' lang='lat' dir='ltr'><strong>dissensionem</strong></span> <span class='ocrx_word' id='word_1_318' title='bbox 1671 4953 1803 5005; x_wconf 91' lang='lat' dir='ltr'><strong>omnem</strong></span> <span class='ocrx_word' id='word_1_319' title='bbox 1830 4943 1864 5005; x_wconf 92' lang='lat' dir='ltr'><strong>et</strong></span> <span class='ocrx_word' id='word_1_320' title='bbox 1890 4933 2128 5024; x_wconf 87' lang='lat' dir='ltr'><strong>rebellionem,</strong></span> 
     </span>
     <span class='ocr_line' id='line_1_38' title="bbox 749 5047 2127 5144; baseline 0.003 -24"><span class='ocrx_word' id='word_1_321' title='bbox 749 5047 1012 5143; x_wconf 90' lang='lat' dir='ltr'><strong>seditionemque</strong></span> <span class='ocrx_word' id='word_1_322' title='bbox 1038 5053 1278 5144; x_wconf 83' lang='lat' dir='ltr'><strong>perniciosam3</strong></span> <span class='ocrx_word' id='word_1_323' title='bbox 1312 5071 1443 5124; x_wconf 88' lang='lat' dir='ltr'><strong>omnem</strong></span> <span class='ocrx_word' id='word_1_324' title='bbox 1471 5061 1600 5126; x_wconf 88' lang='lat' dir='ltr'><strong>reatum</strong></span> <span class='ocrx_word' id='word_1_325' title='bbox 1628 5071 1694 5144; x_wconf 91' lang='lat' dir='ltr'><strong>quo</strong></span> <span class='ocrx_word' id='word_1_326' title='bbox 1722 5051 1926 5120; x_wconf 88' lang='lat' dir='ltr'><strong>conscientia</strong></span> <span class='ocrx_word' id='word_1_327' title='bbox 1953 5048 2127 5124; x_wconf 88' lang='lat' dir='ltr'><strong>turbetur:</strong></span> 
     </span>
     <span class='ocr_line' id='line_1_39' title="bbox 747 5157 2131 5264; baseline 0.007 -32"><span class='ocrx_word' id='word_1_328' title='bbox 747 5175 930 5236; x_wconf 87' lang='lat' dir='ltr'><strong>commutes</strong></span> <span class='ocrx_word' id='word_1_329' title='bbox 966 5157 1074 5238; x_wconf 86' lang='lat' dir='ltr'><strong>autem</strong></span> <span class='ocrx_word' id='word_1_330' title='bbox 1110 5166 1253 5239; x_wconf 89' lang='lat' dir='ltr'><strong>Domine</strong></span> <span class='ocrx_word' id='word_1_331' title='bbox 1285 5189 1347 5264; x_wconf 94' lang='lat' dir='ltr'><strong>per</strong></span> <span class='ocrx_word' id='word_1_332' title='bbox 1384 5190 1497 5240; x_wconf 90' lang='lat' dir='ltr'><strong>curam</strong></span> <span class='ocrx_word' id='word_1_333' title='bbox 1531 5178 1619 5240; x_wconf 91' lang='lat' dir='ltr'><strong>tuam</strong></span> <span class='ocrx_word' id='word_1_334' title='bbox 1655 5167 1933 5260; x_wconf 90' lang='lat' dir='ltr'><strong>omnipotentem,</strong></span> <span class='ocrx_word' id='word_1_335' title='bbox 1968 5185 2030 5260; x_wconf 93' lang='lat' dir='ltr'><strong>pro</strong></span> <span class='ocrx_word' id='word_1_336' title='bbox 2072 5169 2131 5242; x_wconf 85' lang='lat' dir='ltr'><strong>ira</strong></span> 
     </span>
    </p>
   </div>
   <div class='ocr_carea' id='block_1_3' title="bbox 0 0 2424 6052">
    <p class='ocr_par' dir='ltr' id='par_1_8' title="bbox 0 0 2424 6052">
     <span class='ocr_line' id='line_1_40' title="bbox 0 0 2424 6052; baseline 0 0"><span class='ocrx_word' id='word_1_337' title='bbox 0 0 2424 6052; x_wconf 95' lang='lat' dir='ltr'><strong> </strong></span> 
     </span>
    </p>
   </div>
  </div>
 </body>
</html>
