4814 6060
764 650 794 727 S.
821 647 1046 729 uroscott
1077 651 1301 748 trisuorl,
1329 667 1380 728 uc.
1608 731 1611 738 ,
1689 655 1766 730 499

398 837 600 913 dubitatione
626 839 715 912 viam
742 843 872 932 regiam
899 839 1168 928 ambulavemnt,
1193 838 1357 936 legesque
1377 849 1487 913 rectas
1502 839 1595 914 nobis
1612 843 1767 916 tradide-

396 965 488 1028 runt:
515 977 654 1050 quorum
682 953 886 1028 orationibus
913 954 1192 1051 acceptabilibus,
1220 966 1356 1028 avertas
1383 959 1467 1029 iram
1494 979 1514 1029 a
1541 956 1665 1053 populo
1691 969 1766 1032 tuo:

396 1079 431 1142 et
456 1093 654 1167 compescas
681 1071 863 1144 seditiones
890 1094 911 1142 a
937 1094 1046 1165 grege
1072 1081 1149 1161 tuo,
1176 1082 1210 1144 et
1237 1075 1346 1144 omnia
1374 1071 1611 1144 adversitatum
1638 1096 1766 1166 genera

396 1208 482 1281 quaa
513 1209 576 1261 nos
609 1187 820 1260 circumdant.
875 1187 1107 1281 Cogitationes
1147 1192 1246 1261 etiam
1287 1210 1403 1261 eorum
1443 1193 1498 1283 qui
1533 1189 1653 1264 inieusi
1688 1202 1765 1264 sunt

394 1303 519 1400 populo
546 1312 605 1376 tuo
630 1303 777 1400 depelle,
806 1313 840 1376 et
866 1304 908 1376 ad
935 1303 1086 1377 ellectum
1114 1309 1165 1376 ne'
1181 1306 1315 1400 patiaris
1341 1307 1539 1399 pervenire,
1567 1310 1642 1401 quia
1670 1308 1765 1382 Deus

395 1441 434 1492 as
460 1429 511 1510 tu,
539 1423 594 1516 qui
621 1424 674 1493 vis
702 1423 847 1492 omnium
873 1424 993 1509 vitam,
1022 1432 1056 1492 et
1082 1419 1140 1492 tibi
1165 1421 1308 1514 gloriam
1336 1419 1512 1522 oderimus.

498 1537 660 1630 Populus.
712 1535 832 1608 Amen.

497 1652 673 1725 Sacerdos
699 1652 889 1724 inclinatus.
942 1651 1111 1724 blemento
1137 1653 1280 1724 Domine
1306 1675 1367 1749 per
1394 1675 1541 1726 amoram
1568 1663 1659 1726 tuum
1680 1677 1763 1750 erga

394 1766 544 1840 homines
571 1770 714 1840 omnium
742 1771 939 1853 animamm,
966 1779 1108 1864 patmm,
1134 1766 1342 1864 liliorumque
1366 1780 1576 1857 nostrorum,
1605 1774 1659 1865 qui
1686 1775 1763 1867 pri-

395 1883 469 1956 dem
496 1882 762 1974 obdormierunt,
788 1907 861 1957 cuun
888 1883 953 1956 fida
985 1889 1019 1957 in
1052 1895 1086 1957 te
1117 1907 1202 1957 vera
1237 1893 1270 1956 et
1304 1883 1515 1959 Ortbodoxa:
1552 1886 1763 1960 sacerdotum

391 2022 549 2096 purorum
577 2005 696 2096 quiin
732 2013 766 2073 te
799 1999 943 2073 defuncti
976 2009 1071 2090 suat3
1097 2001 1324 2074 Diaconorum
1360 2003 1416 2095 qui
1448 2000 1624 2097 praeclare
1657 1989 1761 2076 mini-

393 2125 584 2190 stravcmnt
610 2117 686 2206 tibi,
712 2117 981 2211 Religiosorum,
1007 2116 1207 2209 lugentium,
1234 2115 1478 2212 perlectorum,
1510 2118 1762 2213 blagistromm,

391 2240 426 2304 et
443 2231 629 2306 Doctorum
648 2233 834 2322 Ecclesiae,
861 2233 1115 2322 Monacborum,
1141 2232 1326 2326 Virginum,
1352 2236 1588 2308 continentium
1615 2247 1649 2310 et
1675 2259 1762 2310 san-

269 2397 272 2404 .
391 2358 520 2422 ctomm
545 2347 819 2443 conjugatorum:
846 2353 901 2445 qui
927 2351 1047 2446 pudica
1073 2347 1338 2440 ambulaverunt,
1364 2354 1615 2444 peregrinorum
1643 2364 1677 2426 et
1691 2377 1762 2449 pa-

393 2469 455 2538 tria
481 2465 670 2561 pulsorum,
697 2467 793 2540 simul
819 2490 893 2540 cum
920 2465 1071 2541 omnibus
1098 2464 1162 2538 illis
1190 2467 1245 2562 qui
1270 2487 1354 2561 pure
1370 2467 1473 2539 vitam
1489 2489 1583 2540 suam
1598 2468 1761 2558 linierunt,

391 2591 425 2654 et
450 2585 483 2653 in
509 2581 574 2654 lide
601 2581 799 2657 Ortbodoxa
826 2583 971 2656 defuncti
998 2592 1084 2656 suunt.
1249 2661 1251 2669 ¹

495 2698 645 2770 Elaeam
674 2722 800 2772 nocem
852 2699 978 2774 Eorum
1005 2701 1060 2794 qui
1086 2700 1161 2793 pie,
1188 2709 1223 2771 et
1249 2699 1408 2771 decenter
1434 2699 1627 2792 sacerdotio
1658 2698 1761 2772 iuncti

391 2823 467 2887 sunt
493 2835 605 2887 eoram
633 2825 684 2906 te,
710 2825 745 2888 et
770 2827 865 2889 caste
889 2819 1159 2888 ministraverunt
1185 2813 1260 2886 tibi:
1297 2817 1352 2910 qui
1384 2813 1499 2910 populi
1533 2817 1579 2889 tui
1615 2817 1759 2910 quietam

314 3010 317 3016 ¹
390 2931 568 3004 sacerdotii
594 2933 645 3005 sui
672 2931 775 3004 divini
800 2930 1023 3004 functionibus
1049 2941 1306 3026 promovemnt,
1335 2940 1368 3002 et
1393 2930 1586 3026 temporalis
1613 2930 1759 3006 alimenti
1800 3001 1802 3012 ,

390 3045 634 3120 distributione:
661 3050 715 3142 qui
740 3047 916 3121 Ecclesiae
942 3046 1029 3119 filios
1056 3047 1214 3120 doctrinis
1241 3049 1343 3118 rectis
1369 3048 1592 3135 instituemnt‚
1619 3059 1653 3121 et
1668 3070 1757 3121 con-

388 3163 604 3237 lirmavanmt
630 3185 691 3236 eus
717 3167 752 3236 in
776 3163 841 3236 lide
868 3162 1081 3236 Ortbodoxa:
1116 3162 1170 3257 qui
1206 3164 1310 3234 vitam
1344 3183 1438 3234 suam
1473 3160 1692 3258 profudemnt
1723 3167 1757 3236 in

388 3277 548 3372 religiosa
575 3281 836 3368 exercitatione,
863 3282 998 3374 uitaque
1024 3278 1186 3352 solitaria:
1213 3300 1322 3373 neque
1349 3277 1391 3349 de
1404 3287 1438 3350 te
1452 3276 1650 3368 dubitantes,
1678 3281 1757 3350 ani-

389 3417 461 3468 mas
488 3417 568 3470 suas
595 3393 684 3467 nibili
709 3395 862 3468 iccenmt
886 3395 1074 3469 voluntarie
1100 3403 1240 3492 propter
1270 3415 1412 3487 regnum
1444 3402 1547 3467 tuum:
1580 3397 1759 3469 vicerunt-

388 3533 453 3607 que
479 3522 513 3583 et
539 3512 777 3607 perfectionem
803 3515 973 3585 consecuti
999 3521 1095 3601 suut,
1121 3509 1272 3584 moribus
1289 3509 1464 3606 inculpatis
1478 3532 1585 3605 usque
1601 3510 1642 3583 ad
1657 3509 1756 3585 linem

390 3630 571 3723 conspicui.
626 3628 689 3714 Qui
716 3628 896 3702 secundum
922 3627 1111 3700 facultatem
1137 3649 1252 3717 suam,
1278 3622 1512 3699 habitationem
1538 3626 1756 3724 temporalem

388 3751 694 3834 conservaverunt,
721 3754 755 3816 et
780 3753 1066 3817 sustentavcmnt:
1094 3746 1149 3838 qui
1182 3743 1407 3832 Mouastaria,
1439 3752 1474 3814 et
1506 3742 1571 3816 alia
1605 3741 1755 3816 aedilicia

387 3863 510 3933 nomini
548 3869 605 3932 tuo
639 3869 836 3934 consecrata
869 3859 1092 3934 fundaverunt
1130 3869 1164 3932 et
1198 3856 1423 3933 stabilierunt:
1456 3861 1510 3953 qui
1544 3881 1657 3932 moras
1691 3862 1749 3931 in-

387 3975 538 4072 culpatos
565 3980 598 4048 in
624 3974 778 4049 Ecclesia
803 3985 859 4047 tua
886 3974 1121 4048 exbibuamnt:
1149 3984 1308 4070 casteque
1339 3977 1513 4060 vixerunt,
1547 3984 1581 4047 et
1612 3975 1754 4049 fructum

386 4090 508 4166 bonum
535 4091 659 4189 tibique
684 4090 869 4187 placentem
897 4091 1099 4180 obtulerunt,
1125 4091 1211 4164 lilios
1239 4113 1319 4164 suos
1346 4094 1379 4162 iu
1407 4091 1603 4165 sacrificium
1624 4091 1752 4164 voluu-

385 4211 502 4282 tarium
529 4211 653 4282 nomini
679 4220 753 4298 tuo,
779 4202 943 4304 fidemlpue
969 4191 1133 4282 sinceram
1163 4210 1244 4305 ipsis
1275 4207 1543 4296 transmiserunt,
1579 4206 1669 4280 velut
1683 4231 1751 4304 pa-

386 4333 513 4396 ternam
539 4324 793 4398 haereditatem:
826 4323 901 4398 illos
935 4327 989 4419 qui
1025 4334 1180 4420 tanquam
1214 4324 1367 4396 advenae
1390 4325 1426 4397 in
1458 4322 1580 4396 mundo
1610 4328 1750 4414 versati,

385 4450 420 4513 et
444 4463 613 4538 pauperes
639 4445 755 4537 spiritu
780 4439 860 4513 iacti
885 4440 1033 4529 luerunt,
1061 4441 1241 4514 secundum
1268 4460 1457 4513 sermonem
1470 4447 1569 4526 tuum,
1596 4440 1630 4511 in
1642 4461 1751 4532 regno

387 4567 443 4630 tuo
468 4555 525 4630 iac
552 4560 735 4654 quiescere.
789 4557 948 4630 Omnibus
976 4559 1075 4630 etiam
1101 4556 1183 4647 illia,
1218 4566 1356 4654 propter
1382 4575 1466 4650 quos
1502 4554 1663 4627 destinata
1699 4565 1751 4628 est

383 4671 470 4748 baec
498 4673 639 4765 oblatio,
666 4683 699 4745 et
726 4695 865 4768 quorum
892 4675 1163 4747 commemoratio
1191 4694 1307 4745 coram
1332 4681 1366 4746 te
1390 4670 1480 4743 facta
1496 4678 1563 4763 est,
1589 4668 1751 4766 simulque

382 4788 450 4864 illis.
475 4812 613 4886 quorum
638 4811 706 4862 nou
732 4791 949 4879 meminimus,
976 4801 1132 4886 tanquam
1156 4789 1319 4862 Dominus
1331 4784 1457 4862 bonus:
1485 4789 1625 4882 quietem
1643 4809 1750 4883 prae-

383 4916 457 4995 sta,
484 4927 585 5003 parce
613 4915 647 4978 et
673 4907 816 4995 dimitte,
843 4904 936 4977 aufer
963 4916 996 4977 et
1023 4904 1098 4978 dele
1124 4906 1285 4992 Domine,
1316 4905 1522 4999 insipientias
1554 4902 1694 4986 illorum,
1717 4912 1752 4975 et

382 5033 535 5113 nostras,
571 5045 640 5096 non
674 5043 841 5095 revocans
876 5023 911 5094 in
944 5024 1138 5095 memoriam
1171 5020 1331 5094 humanos
1358 5017 1507 5093 deiectus
1541 5021 1658 5112 gregis
1684 5021 1749 5108 tui3

384 5143 460 5234 quia
486 5139 594 5214 nullus
620 5140 719 5214 bomo
748 5148 996 5236 superterram
1021 5136 1083 5211 fuit
1107 5137 1193 5212 liber
1219 5161 1238 5210 a
1266 5139 1395 5234 peccati
1410 5131 1576 5225 sordibus,
1602 5136 1666 5206 nisi
1692 5137 1748 5230 qui
