4784 6040
686 475 761 552 396
1057 543 1059 548 .
1193 479 1554 557 LITURGIA

787 664 974 737 Sacerdrm
1000 662 1255 737 Misericordiae
1281 666 1345 737 Dei
1374 669 1448 738 sint.

786 781 967 853 Diaconos
993 781 1079 852 dicit
1105 779 1326 852 Catbolicom.

781 1053 958 1126 Sacerdos
985 1054 1078 1125 dicet
1106 1053 1305 1126 Orationem
1331 1079 1420 1152 qaae
1447 1055 1575 1127 dicitur
1602 1063 1682 1128 onte
1709 1058 1811 1130 Pater
1837 1069 1965 1134 noster.

784 1242 878 1316 Deus
906 1240 1122 1317 absconditus
1150 1255 1184 1316 et
1211 1243 1573 1340 incomprehensibilis,
1601 1245 1772 1336 occultus,
1798 1268 1862 1318 nec
1896 1268 2060 1344 eompre-

680 1355 869 1448 bensibilis,
897 1369 930 1430 et
956 1359 1145 1450 gloriosus,
1172 1383 1236 1433 nec
1263 1359 1424 1449 visibilis,
1451 1359 1510 1431 lux
1544 1369 1694 1448 aeterna,
1728 1371 1763 1433 et
1795 1363 2059 1455 inaestimabilis,

681 1478 853 1562 existens,
881 1475 1073 1568 excellens,
1099 1499 1164 1549 nec
1190 1489 1300 1549 mente
1327 1474 1651 1571 comprehensibilis:
1686 1481 1818 1569 genitor
1848 1476 1955 1552 Verbi
1989 1503 2059 1554 nou

680 1589 894 1685 temporalis,
922 1595 976 1662 cui
1002 1615 1077 1664 cum
1104 1597 1223 1665 timore
1248 1595 1434 1665 ministrant
1461 1591 1604 1664 Ordines
1639 1590 1760 1664 ardore
1794 1597 1966 1667 succensi:
2002 1601 2058 1691 qui

678 1705 798 1778 videns
826 1728 933 1799 genus
961 1719 1108 1782 nostrum
1137 1711 1226 1805 quod
1253 1706 1424 1781 ceciderat
1449 1711 1483 1779 in
1510 1707 1669 1802 abyssum
1702 1705 1899 1801 profundum
1936 1710 2058 1806 perdi-

678 1825 797 1912 tionis,
834 1834 868 1894 et
904 1846 923 1894 a
959 1823 1034 1896 Deo
1072 1824 1267 1913 menarum,
1300 1847 1368 1897 non
1402 1823 1582 1917 neglexisti
1619 1824 1759 1896 salutem
1793 1835 1961 1916 nostram,
1995 1828 2057 1900 sed

679 1937 799 2009 Filium
827 1949 916 2009 tuum
942 1941 1147 2032 unigenitum
1173 1965 1194 2012 e
1221 1945 1294 2013 sinu
1320 1951 1378 2012 tuo
1405 1943 1523 2014 misisti
1549 1939 1592 2010 ad
1618 1960 1698 2028 nos,
1727 1941 1781 2032 qui
1800 1945 1957 2016 assumsit
1972 1964 2056 2014 eor-

678 2076 741 2149 pus
769 2052 945 2127 humaoum
971 2066 1142 2147 nostrum,
1170 2066 1204 2128 et
1229 2055 1402 2128 nobiscum
1427 2057 1461 2126 in
1488 2053 1608 2126 mundo
1633 2063 1791 2127 versatus
1807 2066 1859 2127 est
1872 2056 1916 2129 ud
1933 2080 2056 2130 cnaeu-

679 2169 846 2242 dationem
882 2180 1050 2260 nostram,
1087 2183 1120 2244 et
1154 2171 1347 2244 Orationem
1383 2170 1580 2244 dominicam
1615 2168 1727 2242 docuit
1758 2191 1841 2258 nos,
1882 2183 1918 2244 ut
1952 2173 2056 2246 corde

677 2306 762 2379 puro
790 2295 824 2357 et
850 2289 959 2357 anima
985 2286 1094 2359 lueida
1121 2288 1302 2360 clamemus
1336 2286 1378 2360 ad
1411 2298 1461 2378 te,
1494 2309 1647 2377 oremus,
1683 2295 1718 2357 et
1751 2286 1918 2360 dicamus:
1954 2289 2056 2362 Pater

677 2411 795 2473 noster
821 2403 876 2496 qui
904 2423 942 2473 es
969 2405 1003 2472 in
1031 2404 1147 2476 coelis.

781 2515 943 2610 Populos.
998 2517 1229 2591 Sanctificetur
1255 2541 1378 2592 nomeu
1405 2529 1505 2590 tuum.

780 2629 965 2703 Sacerdos.
1020 2633 1177 2708 0Pster
1203 2639 1401 2726 miserator,
1440 2645 1474 2706 et
1499 2635 1714 2722 misericors,
1749 2634 1850 2706 Pater
1894 2636 2052 2723 clemens,
2155 2643 2160 2658 '

677 2749 860 2818 civeniae
886 2747 1037 2841 largitor,
1066 2776 1085 2824 a
1113 2762 1147 2823 te
1171 2755 1314 2848 petimus
1342 2761 1376 2822 et
1402 2749 1621 2847 deprecamur
1646 2759 1698 2839 te,
1730 2760 1765 2821 ut
1798 2748 1912 2824 salves
1939 2775 2004 2826 nos
2033 2777 2053 2827 a

675 2862 775 2951 malo,
804 2873 837 2933 et
864 2865 1068 2941 exercitibus
1095 2869 1182 2960 ejus,
1209 2876 1243 2940 et
1266 2868 1391 2940 liberes
1414 2888 1477 2940 nos
1495 2891 1516 2939 a
1536 2863 1782 2956 tentationibus,
1810 2867 2054 2958 afflictionibus,

674 2978 784 3073 plagis
811 2987 845 3049 et
870 2983 978 3074 virgis
1007 2980 1146 3057 furoris:
1174 2984 1297 3056 dimitte
1325 2985 1423 3055 etiam
1444 2985 1542 3058 nobis
1569 2982 1688 3055 debota
1715 2993 1749 3055 et
1764 2993 1904 3079 pecode
1926 2995 2052 3074 nostre,

674 3115 736 3188 per
762 3095 999 3186 multitudinem
1029 3121 1185 3192 magnam
1213 3100 1411 3172 clementiae
1436 3109 1525 3190 tuae,
1553 3102 1630 3194 quia
1656 3109 1746 3170 tuum
1773 3110 1826 3172 est
1850 3121 1990 3193 regnum
2019 3112 2053 3174 et

675 3218 840 3301 potestas,
869 3221 902 3282 et
931 3212 1119 3287 referemus
1146 3213 1205 3285 tibi
1232 3215 1375 3305 laudem,
1403 3226 1436 3288 et
1462 3217 1632 3308 unigenito
1659 3214 1746 3286 Filio
1773 3225 1841 3287 tuo.

778 3324 940 3418 Populus.
994 3331 1114 3402 Arnen.

777 3439 962 3515 Sacerdos.
1017 3445 1101 3517 Pax.

777 3556 966 3631 Diaconos.
1019 3562 1121 3650 Ante,
1149 3571 1213 3634 etc.
1801 3629 1803 3634 .

776 3670 962 3747 Sacerdos.
1003 3677 1072 3748 'l'er
1098 3677 1155 3751 tibi
1181 3679 1309 3770 gratias
1337 3679 1478 3771 agimus,
1506 3687 1540 3749 te
1566 3675 1746 3749 adoramus
1773 3678 1887 3748 unice:
1914 3685 1947 3748 te
1974 3701 2050 3751 oum

669 3790 788 3859 timore
815 3788 999 3882 laudamus,
1026 3791 1084 3864 tibi
1112 3793 1341 3868 adorationem
1367 3792 1535 3866 offerimus
1562 3790 1796 3881 inclinabundi,
1824 3802 1857 3863 et
1884 3814 1904 3863 a
1932 3801 1966 3864 te
1979 3797 2048 3865 nri-

671 3902 888 3978 sericordiam
923 3906 1170 4004 deprecabundi
1204 3911 1359 4004 petimus.
1411 3910 1505 3982 blitte
1541 3907 1791 3982 benedictiones
1827 3918 1902 3980 tuas
1935 3908 2048 3982 abun-

671 4018 807 4110 danter,
848 4033 882 4093 et
914 4021 1057 4095 benedic
1091 4025 1249 4122 populum
1284 4036 1373 4098 tuum
1400 4037 1435 4099 et
1467 4047 1608 4118 gregem
1641 4034 1732 4096 tuum
1770 4023 1973 4120 aequaliter,
2013 4033 2049 4096 ut

670 4137 841 4230 mysteriis
878 4139 950 4210 istis
984 4145 1268 4214 communicemus
1301 4151 1437 4232 sancte,
1465 4151 1498 4214 et
1518 4140 1719 4228 ¹referamus
1754 4137 1813 4212 b'bi
1844 4139 1988 4233 gloriam
2014 4150 2049 4212 et

670 4248 813 4321 laudem.

772 4365 933 4457 Populus.
985 4367 1106 4442 Amen.

772 4479 956 4554 Sacerdos.
1009 4487 1094 4558 Pax.

773 4594 934 4689 Populos.
988 4599 1132 4674 Etcum
1160 4603 1275 4697 spiritu
1301 4613 1368 4676 tuo.

771 4709 957 4812 Sacerdos.
1011 4716 1062 4788 Sit
1088 4722 1206 4810 gratia.

772 4824 961 4901 Diaconos.
1016 4830 1101 4905 cum
1128 4837 1247 4906 timore
1275 4835 1485 4930 aspiciamus.

771 4938 956 5017 Sacerdos.
1011 4946 1136 5020 Sancta
1163 4953 1299 5026 sanctis.
