4784 6040
679 646 894 726 GREGORll
932 647 1181 726 eluuettdt
1219 649 1450 746 OROENTIS,
1486 665 1536 728 dc.
1714 641 1798 727 ‘459

432 855 503 909 rum
532 856 685 924 suorum,
712 835 880 908 admonuit
906 858 976 922 ees,
1003 839 1239 933 praecepitque
1268 840 1329 926 eie,
1358 837 1487 909 dicens:
1516 843 1710 934 mysterium
1736 839 1800 912 bec

432 961 594 1048 perpetue
630 951 795 1047 perficite:
832 955 907 1046 quia
939 974 1012 1023 eum
1047 975 1167 1047 panem
1194 953 1279 1024 bunc
1304 955 1563 1045 manducabitis,
1597 967 1631 1028 et
1669 959 1799 1029 mistum

433 1067 519 1162 quod
553 1071 586 1138 in
622 1067 685 1140 hec
717 1065 822 1139 calice
854 1077 905 1139 est
931 1067 1069 1160 bibetis,
1104 1072 1297 1141 memoriam
1329 1073 1444 1167 mertis
1472 1081 1505 1143 et
1545 1078 1798 1146 resurrectionis

433 1199 530 1256 meae
555 1183 704 1273 iacietis,
732 1185 843 1280 denec¹
866 1188 1008 1258 venium.

537 1300 699 1394 Populus.
752 1299 868 1371 Mortis
895 1309 971 1370 tuae
998 1299 1151 1388 Domine,
1180 1311 1242 1373 etc.

535 1415 719 1496 Sacerdos.
773 1414 840 1486 Sed
865 1419 964 1486 etiam
983 1425 1085 1490 tetam
1110 1427 1197 1490 tuam
1218 1417 1507 1511 dispensationem,
1533 1419 1680 1494 Verbum
1694 1423 1799 1508 Deus,

432 1555 513 1605 earo
540 1531 680 1619 iactum,
707 1553 1021 1621 commemoramus,
1047 1555 1114 1604 nen
1141 1531 1383 1628 perfunctorie,
1415 1556 1482 1605 nen
1509 1536 1718 1629 negligenter
1745 1546 1801 1610 aut

433 1653 555 1736 otiose,
584 1647 645 1720 sed
677 1650 786 1719 anime
820 1656 943 1720 attente
975 1649 1219 1744 perpendentes
1254 1661 1287 1722 et
1323 1650 1499 1743 diligenter
1534 1653 1799 1742 considerantes,

432 1770 587 1838 miramur
615 1774 647 1835 et
674 1775 810 1860 stupore
838 1765 1011 1853 aldeimum
1038 1769 1184 1837 maxime
1218 1789 1303 1838 vere
1336 1765 1496 1838 laetamur
1532 1779 1566 1840 et
1601 1768 1798 1856 exultamus,

431 1905 499 1956 nen
526 1884 571 1952 ita
598 1890 708 1952 tamen
734 1883 811 1974 quin
840 1885 1011 1952 timeamus
1038 1891 1072 1953 et
1105 1885 1416 1986 contremiscamus,
1448 1887 1481 1953 in
1514 1905 1613 1955 unum
1646 1885 1799 1979 quodque

433 2001 586 2070 attentius
613 1999 848 2091 inspicientes,
876 2005 909 2067 et
935 1997 1065 2090 singula
1093 2020 1179 2092 quac
1212 2020 1274 2093 pre
1308 1999 1414 2072 salute
1449 2010 1564 2071 nestra
1599 1998 1689 2072 iacta
1725 2010 1799 2071 sunt

434 2116 543 2185 anime
561 2121 746 2185 versantes.
789 2113 1086 2184 denunciationem
1114 2135 1199 2208 quae
1219 2117 1392 2186 suscitavit
1407 2136 1500 2207 spem
1515 2115 1648 2188 salutis:
1676 2126 1798 2208 gesta-

431 2233 554 2301 tionem
582 2231 614 2299 in
641 2239 734 2300 utere
763 2237 850 2300 tuam
877 2231 1157 2322 propitiatoriam3
1184 2233 1388 2301 nativitatem
1416 2251 1466 2300 ex·
1494 2231 1648 2323 Virgine,
1685 2232 1797 2325 depe-

432 2349 583 2418 sitionem
610 2349 643 2416 in
669 2348 867 2439 praesepio,
893 2343 1129 2417 involutionem
1157 2347 1242 2416 inter
1268 2367 1414 2441 pannea,
1441 2349 1664 2438 gestationem
1696 2369 1798 2442 super

432 2483 559 2554 genua,
586 2464 795 2534 nutritionem
822 2483 867 2532 ex
893 2459 997 2548 lacte,
1025 2464 1261 2533 incrementum
1288 2466 1406 2532 aetatis
1433 2468 1658 2555 cumgratia,
1695 2463 1796 2535 ebla-

431 2581 554 2651 tienem
583 2578 624 2650 ad
651 2576 824 2672 templum,
850 2577 1047 2671 baptismum
1073 2575 1282 2671 praeclarum
1309 2587 1344 2649 et
1368 2578 1501 2673 plenum
1526 2578 1660 2666 lumine,
1686 2578 1798 2650 bene-

431 2691 611 2765 volentiam
647 2694 754 2766 Patris
794 2692 1014 2781 declaratam,
1049 2691 1295 2765 irradiationem
1332 2697 1483 2788 spiritus,
1517 2697 1731 2767 tentationem
1764 2698 1798 2765 in

432 2809 585 2897 deserte,
612 2808 774 2903 triplicem
799 2811 990 2896 victoriam,
1018 2811 1208 2881 sanationes
1225 2809 1448 2899 admirabiles,
1474 2813 1622 2904 virtutes
1636 2811 1797 2907 praeela-

431 2911 488 2998 ras
515 2933 548 2995 et
575 2925 725 3014 divinas,
752 2927 965 3019 operationes
991 2923 1067 2996 Dee
1095 2926 1225 3018 dignas,
1252 2925 1412 2998 beneficia
1439 2929 1665 3020 pergratiam
1693 2949 1799 3022 proe-

432 3045 528 3129 stita,
555 3043 747 3136 mysterium
774 3038 852 3112 illud
878 3043 1046 3136 mysteriis
1072 3040 1224 3135 plenum,
1250 3040 1400 3114 fraudem
1429 3042 1595 3138 discipudi,
1623 3045 1797 3138 pecuniam

432 3160 629 3252 iniquitatis,
657 3155 804 3230 osculum
819 3154 981 3263 dolesum,
1005 3155 1236 3251 impudentiam
1260 3157 1522 3246 audacissimam,
1540 3157 1799 3250 flagellationem

431 3278 679 3369 vituperosam,
705 3275 938 3346 ascensionem
953 3272 995 3343 ad
1010 3294 1142 3344 erucem
1157 3272 1390 3362 voluntariam,
1418 3284 1546 3346 acetum
1566 3285 1599 3345 et
1612 3273 1797 3370 myrrham:

431 3393 736 3463 transmutationem
762 3397 967 3476 naturarum,
994 3397 1174 3460 tremerem
1200 3388 1465 3476 elementorum,
1480 3411 1603 3462 vocem
1618 3403 1798 3485 petrarum,

432 3510 630 3579 scissionem
656 3502 786 3598 templi,
812 3503 935 3575 lluxum
962 3506 1133 3596 sanguinis
1155 3514 1188 3575 et
1207 3526 1332 3598 aquae,
1360 3503 1612 3577 descensionem
1630 3505 1671 3577 de
1686 3527 1796 3590 curce,

433 3623 672 3718 depositionem
698 3623 731 3692 in
757 3602 1098 3708 monumente'nevo,
1126 3622 1409 3692 annunciationem
1436 3620 1706 3692 Resurrectienis
1737 3619 1798 3690 ia·-

433 3749 536 3829 ctam,
562 3736 856 3809 Resurrectionem
880 3717 903 3807 ¹a
931 3739 1067 3808 mortuis
1094 3739 1190 3832 tertia
1217 3735 1291 3825 die,
1317 3737 1561 3811 Ascensienem
1587 3740 1621 3809 in
1655 3733 1797 3820 coelum,

433 3852 696 3926 consolationem
723 3853 921 3941 secundam,
948 3855 1133 3925 sessionem
1161 3850 1201 3922 ad
1230 3851 1401 3923 dexteram
1436 3853 1563 3940 Patris,
1598 3858 1797 3946 potestatem

433 3970 541 4042 datam
569 3970 627 4042 tibi
654 3973 708 4063 qui
734 3968 1020 4041 consubstantialis
1048 3991 1085 4041 es
1113 3969 1221 4056 Patri,
1250 3967 1412 4040 adventus
1440 3967 1576 4040 secundi
1589 3969 1711 4038 tonitru
1724 3987 1796 4042 ⁴va-

432 4085 548 4173 lidum,
583 4085 725 4177 gloriam
761 4088 869 4156 crucis
902 4106 1073 4176 magnam,
1109 4083 1316 4156 tribunalium
1353 4083 1609 4171 ordinationem,
1639 4080 1796 4172 judicium

434 4224 574 4296 aequum
603 4212 637 4272 et
661 4211 805 4288 rectum,
832 4201 1080 4273 retributionem
1098 4210 1348 4296 praeparatam,
1376 4199 1526 4271 fiduciam
1547 4197 1700 4283 ablatam,
1727 4196 1796 4266 lin-

433 4340 532 4410 guam
570 4316 869 4404 obmutescentem,
908 4316 1034 4388 vultum
1065 4316 1247 4408 dejectum,
1283 4324 1382 4410 eaput
1414 4315 1622 4402 inclinatum,
1658 4335 1796 4407 eperum

432 4433 598 4531 publicam
624 4431 939 4521 manifestationem,
967 4433 1126 4529 pudorem
1154 4455 1199 4503 ex
1232 4430 1368 4519 verbis,
1404 4433 1647 4527 separationem
1682 4450 1796 4521 agne-

433 4572 505 4622 rum
546 4547 588 4620 ab
628 4548 761 4637 baadis,
809 4571 964 4623 severam
1006 4551 1275 4636 accusationem,
1321 4546 1505 4641 gebennam
1552 4545 1795 4628 incessabilem,

433 4670 546 4760 ignem
572 4665 742 4738 ardentem
769 4676 802 4736 et
836 4687 902 4737 nen
938 4664 1184 4762 splendentem,
1218 4663 1374 4737 tenebras
1408 4665 1613 4750 exteriores,
1645 4682 1796 4734 manuum

435 4783 681 4875 colligationes,
709 4803 856 4852 vermem
885 4785 939 4876 qui
964 4804 1032 4854 nen
1059 4785 1212 4869 meritur,
1240 4779 1415 4852 stridorem
1443 4779 1605 4864 dentium,
1637 4779 1796 4872 poenitu-

434 4897 542 4969 dinem
570 4922 656 4992 quae
683 4897 817 4970 deleres
839 4909 955 4990 auget:
981 4898 1170 4993 voluptates
1184 4919 1340 4986 summas,
1367 4899 1525 4968 convivia
1547 4893 1603 4965 illa
1625 4893 1797 4980 eoelestia,

434 5025 550 5086 coetus
576 5014 804 5107 Angelorum,
830 5018 931 5086 vitam
966 5013 1184 5108 spiritualem,
1217 5012 1402 5085 habitacula
1434 5011 1551 5103 beata,
1584 5009 1796 5082 tabernacula

435 5128 561 5217 lucida,
588 5134 824 5223 generationes
843 5121 1088 5220 sacerdotates,
1115 5129 1410 5223 contemplationes
1429 5138 1575 5224 apertas,
1603 5149 1644 5210 ee
1663 5127 1714 5196 die
1730 5147 1794 5219 que

486 5268 574 5312 Temos
591 5269 618 5312 11.
1549 5247 1593 5318 (ll
