4784 6040
702 607 777 682 392
1208 594 1568 674 litoteta
1682 683 1686 686 ,

702 805 778 882 cta,
812 791 988 884 factusque
1020 798 1072 860 est
1102 785 1222 872 bomo,
1257 804 1358 869 vere,
1398 792 1432 853 et
1465 782 1602 876 propria
1634 800 1781 875 persona
1815 799 1876 850 sua
1909 776 2075 866 liberavit,

702 909 916 1000 salvavitque
940 891 1092 976 ianuam
1119 901 1293 972 humanam
1322 898 1364 970 ab
1392 897 1575 984 erroribus,
1603 907 1637 967 et
1665 919 1685 966 a
1712 904 1862 990 peccato.

807 1022 958 1092 Elaeam
983 1040 1108 1089 ccccm.
1162 1015 1310 1088 Verbum
1337 1017 1424 1086 enirn
1454 1013 1547 1085 Deus
1574 1011 1682 1083 lactus
1710 1021 1761 1084 est
1793 1008 1910 1094 bomo,
1942 1009 2076 1101 propria

702 1138 892 1212 voluntate:
919 1156 986 1206 non
1013 1136 1200 1204 immutatus
1228 1154 1248 1201 a
1274 1140 1391 1203 natura
1420 1127 1624 1200 substantiae
1652 1147 1746 1212 suae,
1774 1124 1835 1198 sed
1861 1126 1984 1195 unione
2010 1145 2079 1194 na-

702 1250 800 1326 turali
828 1261 862 1322 et
887 1247 1077 1346 personali,
1112 1249 1221 1318 omnia
1256 1243 1339 1316 haec
1372 1253 1488 1316 nostra
1522 1246 1689 1338 suscepit,
1726 1251 1758 1312 et
1791 1261 1912 1336 passus
1939 1246 1992 1310 est
2017 1258 2078 1332 pro

703 1368 802 1440 nobis
829 1370 862 1438 in
890 1387 1001 1437 carne.
1055 1363 1210 1457 Vespere
1244 1373 1354 1432 autern
1386 1347 1554 1455 passionis
1590 1358 1762 1444 salutaris,
1799 1378 1921 1449 agnum
1949 1352 2078 1448 quidem

703 1481 851 1575 legalem
887 1479 1032 1554 comedit
1064 1490 1099 1550 et
1132 1476 1326 1570 abrogavit:
1365 1485 1432 1548 tum
1466 1478 1597 1569 accepit
1628 1495 1749 1568 panem
1782 1477 1817 1544 in
1851 1491 1985 1543 manus·
2001 1491 2079 1542 suas

705 1608 853 1684 sancms,
881 1607 914 1668 et
941 1597 1075 1690 aspexit
1108 1593 1149 1665 ad
1177 1602 1226 1679 te,
1253 1591 1346 1663 Deus
1373 1590 1490 1678 Pater,
1514 1592 1641 1681 gratim
1669 1610 1787 1680 agens,
1813 1594 1834 1669 †
1860 1585 2033 1658 benedixit
2058 1590 2078 1665 †

707 1726 743 1787 ct
769 1711 989 1787 sanctificavit
1015 1718 1036 1793 †
1063 1718 1098 1781 et
1131 1707 1253 1799 fregit,
1288 1707 1442 1802 deditque
1478 1704 1646 1800 discipulis
1679 1707 1748 1777 suis
1784 1706 1920 1791 sanctis,
1947 1700 2078 1772 dicens:

705 1830 871 1923 Accipite,
898 1827 986 1899 edite
1014 1847 1060 1897 ex
1088 1847 1140 1897 eo.
1195 1824 1270 1895 Hoc
1297 1833 1349 1894 est
1375 1844 1497 1918 corpus
1525 1842 1635 1892 meum
1662 1818 1751 1913 quod
1778 1840 1840 1913 pro
1867 1815 2020 1889 omnibus
2048 1817 2080 1886 in

705 1967 760 2018 me
787 1941 998 2016 credentibus
1024 1941 1188 2034 frangitur
1214 1951 1248 2010 et
1275 1938 1441 2027 dividitur,
1468 1941 1502 2008 iu
1529 1939 1753 2030 expiationem
1782 1933 1989 2022 delictorum,
2016 1953 2078 2002 rc-

705 2061 967 2151 missicnemque
993 2066 1220 2153 peccatorum,
1249 2065 1282 2127 et
1308 2058 1410 2128 vitam
1438 2064 1617 2124 aeternam.

811 2173 973 2266 Populus.
1026 2153 1149 2244 Amen?

811 2287 996 2358 Sacerdos.
1050 2285 1207 2358 Similiter
1235 2294 1269 2356 et
1295 2282 1433 2356 calicem
1458 2288 1587 2356 mistum
1607 2292 1790 2378 temperate
1815 2303 1900 2375 aqua
1919 2290 1961 2352 'et
1986 2283 2079 2366 vino,

709 2406 858 2499 accepit,
895 2413 929 2474 et
963 2404 1091 2494 gratias
1128 2422 1234 2492 agens
1267 2406 1288 2481 †
1314 2399 1487 2472 benedixit
1519 2407 1540 2482 †
1574 2381 1608 2470 et
1634 2398 1853 2472 sanctificavit
1878 2404 1899 2479 †
1927 2395 2079 2490 deditque

709 2519 879 2614 discipulis
907 2528 941 2589 et
961 2515 1136 2612 Apostolis
1160 2514 1322 2608 omnibus,
1350 2515 1479 2588 dicens:
1505 2517 1672 2614 Accipite,
1699 2514 1802 2585 bibite
1827 2535 1872 2584 ex
1892 2535 1935 2584 eo
1954 2533 2080 2584 ornnes.

707 2633 772 2706 Hic
799 2642 853 2706 est
886 2634 1023 2724 sanguis
1057 2653 1171 2721 meus,
1207 2634 1262 2724 qui
1296 2652 1358 2725 pro
1386 2629 1507 2718 vobis,
1535 2638 1568 2702 et
1593 2653 1656 2727 pro
1684 2629 1748 2704 illis
1776 2631 1890 2723 quiin
1917 2649 2079 2699 mecne-

708 2746 799 2834 dunt
826 2745 1019 2834 effunditur,
1055 2755 1089 2817 et
1121 2745 1238 2837 datur,
1272 2768 1390 2818 omnes
1421 2745 1510 2818 illum
1538 2749 1760 2842 suscipientes
1796 2765 2003 2840 praeparans
2036 2741 2076 2813 ad

708 2866 813 2935 vitam
842 2873 1021 2935 aeternam.

813 2978 975 3071 Populus.
1028 2978 1149 3048 Amen.

812 3092 998 3164 Sacerdos.
1053 3091 1336 3185 Quotiescumque
1362 3091 1447 3163 baec
1473 3094 1518 3162 ita
1545 3090 1775 3188 perfeceritis,
1811 3089 1937 3164 credite
1963 3099 1997 3161 et
2022 3112 2082 3184 pro

709 3218 802 3282 carto
829 3208 961 3296 habete,
989 3206 1078 3301 quod
1104 3227 1228 3300 corpus
1255 3227 1365 3278 meum
1392 3205 1506 3298 editis,
1535 3217 1568 3278 et
1594 3209 1790 3300 sanguinem
1824 3227 1934 3276 meum
1959 3204 2081 3296 bibitis,

710 3326 907 3418 mortisque,
935 3323 1126 3417 sepulturae
1154 3332 1188 3394 et
1214 3325 1470 3394 resurrectionis
1498 3345 1594 3395 meae
1621 3325 1816 3394 memoriam
1844 3323 1948 3413 agite,
1975 3321 2082 3394 donec

709 3440 851 3508 veniam.

814 3552 977 3646 Populea.
1028 3551 1148 3624 Mortis
1176 3563 1265 3639 tuac,
1292 3550 1445 3638 Domine,
1473 3554 1667 3624 memoriam
1695 3554 1837 3644 egimus,
1866 3561 1928 3624 etc·

813 3667 998 3738 Sacerdos.
1053 3665 1172 3738 Omnia
1199 3670 1298 3738 etiam
1326 3665 1382 3736 illa
1408 3689 1494 3760 quae
1526 3667 1635 3740 iecisti
1669 3690 1732 3763 pro
1768 3665 1865 3739 nobis
1901 3667 2081 3762 dispensa-

711 3785 809 3871 toria,
836 3786 990 3856 novimus
1018 3792 1052 3853 et
1078 3780 1184 3855 oculis
1211 3783 1351 3854 secretis
1379 3784 1607 3855 conscientiae
1633 3794 1770 3856 nostrae
1797 3787 1968 3854 intuemur.
2001 3782 2082 3856 Ad-

710 3907 846 3968 ventum
874 3919 1008 3991 quoque
1034 3906 1124 3968 tuum
1151 3896 1332 3968 secundum
1359 3898 1511 3968 timemus
1546 3907 1581 3969 et
1615 3920 1822 3994 magnopere
1857 3895 2083 3985 lormidamus,

711 4022 789 4082 tunc
816 4035 891 4084 cum
913 4015 1003 4103 juste
1029 4015 1063 4084 in
1086 4015 1212 4103 Justitia
1240 4010 1413 4099 advenies,
1442 4011 1574 4105 quando
1593 4035 1694 4109 super
1714 4010 1857 4086 tribunal
1880 4012 1995 4102 judicii
2022 4037 2084 4088 se-

711 4124 817 4212 debis,
854 4137 887 4198 ct
921 4148 995 4198 cum
1030 4130 1195 4222 aequitate
1227 4126 1392 4200 retribues
1428 4129 1603 4223 unicnique
1646 4127 1826 4202 secundum
1867 4148 1971 4222 opera
2011 4152 2082 4204 sua.

712 4237 796 4311 Cum
823 4239 1059 4332 vehementer,
1087 4253 1121 4314 et
1147 4246 1180 4312 in
1206 4241 1334 4331 furore,
1361 4241 1468 4315 latera
1496 4243 1561 4315 duc
1595 4245 1787 4340 separabis,
1822 4251 1856 4314 et
1888 4246 2009 4337 impios
2043 4246 2083 4318 ad

709 4353 797 4452 latus
824 4359 992 4429 sinistrum
1019 4361 1218 4430 constitues:
1246 4357 1378 4452 quando
1406 4379 1494 4430 voce
1520 4357 1598 4432 forti
1625 4370 1681 4433 tua
1704 4360 1797 4434 dices
1823 4359 1907 4430 illis:
1935 4363 1980 4440 ite
2005 4383 2084 4434 ma-

711 4467 823 4541 ledicti
855 4473 889 4542 iu
926 4475 1041 4564 ignem
1075 4477 1131 4568 qui
1164 4495 1232 4544 non
1266 4467 1478 4565 extinguitur.
1540 4475 1578 4546 ln
1610 4475 1666 4548 illa
1699 4475 1781 4548 bora
1815 4473 1970 4562 terribili,
1998 4499 2085 4570 pro-

712 4588 811 4679 pitius
839 4597 912 4660 esto
940 4588 1085 4660 Domine
1111 4611 1172 4685 per
1198 4587 1462 4662 misericordiam
1497 4599 1585 4662 tuam
1612 4592 1736 4687 populo
1764 4601 1838 4678 tuo,
1872 4612 1981 4685 neque
2009 4603 2084 4666 sta-

712 4708 785 4774 tuas
812 4724 875 4775 nos
903 4703 1055 4776 adlatus
1083 4708 1263 4795 sinistrum,
1290 4726 1400 4798 neque
1427 4725 1548 4776 vocem
1575 4706 1662 4779 illam
1698 4709 1940 4781 amarissimam
1971 4710 2086 4780 intona

712 4815 877 4890 adversus
903 4841 979 4909 nos,
1007 4841 1092 4913 quae
1119 4818 1162 4892 ad
1188 4823 1300 4912 ignem
1328 4818 1474 4892 deducit:
1502 4821 1564 4894 sed
1590 4832 1624 4894 te
1650 4827 1758 4920 ipsum
1784 4845 1847 4919 pro
1874 4799 1972 4895 uobis
1996 4846 2085 4897 con-

711 4932 799 5024 cilia,
827 4945 861 5008 et
887 4935 929 5008 ab
957 4933 1110 5006 incendio
1136 4958 1199 5009 nos
1226 4935 1349 5007 libera:
1377 4958 1397 5005 a
1424 4927 1614 5027 gebennae'
1626 4937 1798 5013 doloribus
1821 4961 1884 5012 nos
1913 4941 2025 5034 eripe3
2054 4950 2086 5011 et

711 5070 732 5119 a
759 5061 854 5123 reatu
879 5060 1096 5146 peccatorum
1122 5049 1228 5123 libera
1254 5073 1327 5124 nos.
1360 5050 1545 5145 Propterea
1572 5053 1726 5130 Ecclesia
1753 5066 1808 5130 tua
1839 5065 1955 5130 sancta
1990 5078 2088 5150 quam
