4784 6040
696 546 917 624 GREGflllll
949 546 1204 626 olrnottol
1240 548 1471 635 orientis,
1506 563 1557 626 bc.
1745 552 1816 628 461

483 777 489 792 ,
560 731 721 826 Populea.
774 733 893 806 Amen.
1436 825 1440 837 1

560 846 744 919 Sacerdos.
795 848 840 922 Et
872 847 940 951 boc¹
967 853 1074 945 ipsum
1099 849 1178 922 illud
1203 853 1333 924 mistum
1361 851 1448 948 quod
1476 865 1527 925 est
1553 855 1587 922 in
1613 853 1678 926 boc
1705 854 1820 941 calice,

456 967 562 1059 ipsum
591 966 787 1058 sanguinem
814 963 936 1038 Christi
962 965 1027 1036 Dei
1053 970 1167 1040 nostri.
1759 961 1762 974 ⁴

559 1079 718 1172 Populea.
773 1080 893 1152 Amen.
970 1085 975 1100 '

559 1194 743 1266 Sacerdos.
796 1195 870 1269 Nos
898 1205 1006 1298 autem
1033 1196 1151 1268 efliciat
1176 1221 1289 1294 puros,
1317 1203 1362 1273 ita
1389 1212 1425 1273 ut
1450 1223 1637 1273 mereamur
1657 1201 1823 1272 accedere

457 1310 499 1382 ad
533 1321 674 1381 montem
708 1320 874 1398 sanctum,
906 1333 1014 1404 neque
1048 1311 1210 1408 lapidibus
1246 1313 1424 1388 obruamur
1456 1326 1491 1389 ut
1522 1316 1619 1388 bruta
1656 1315 1821 1405 animalia,

455 1435 593 1522 propter
620 1446 724 1519 opera
751 1436 865 1498 nostra
892 1426 1104 1521 passionibus
1130 1429 1288 1502 obnoxia.
1346 1431 1415 1505 Sed
1449 1433 1490 1503 ad
1524 1443 1667 1506 montem
1695 1453 1821 1506 ascen-

457 1540 591 1628 damus,
621 1543 654 1612 iu
681 1541 791 1613 medio
818 1540 913 1614 nubis
941 1545 1060 1632 simus,
1093 1548 1345 1646 participatione
1372 1550 1822 1646 mysteriorumsanotorum

456 1655 683 1753 perfruamur,
717 1668 751 1728 et
780 1656 1002 1730 familiaritate
1035 1658 1133 1732 beata
1165 1661 1388 1754 gaudeamus,
1424 1675 1523 1760 atque
1555 1668 1589 1735 in
1621 1663 1821 1735 habitatione

455 1773 694 1864 Angelicorum
722 1773 879 1846 Ordiuum
907 1778 1123 1871 reperiamur,
1151 1788 1186 1850 ut
1212 1798 1285 1850 cum
1312 1779 1494 1853 electorum
1522 1792 1649 1852 tuorum
1670 1801 1821 1871 congre-

454 1892 590 1981 gatione
624 1887 733 1962 locum
769 1889 968 1976 habeamus,
1005 1895 1276 1988 sanctitatemque
1310 1904 1344 1966 et
1379 1900 1554 1992 puritatem
1590 1908 1656 1969 tam
1693 1899 1821 1967 animae

453 2029 551 2100 quam
569 2009 721 2100 corporis
739 2029 996 2101 consequamur:
1015 2020 1050 2080 ut
1068 2014 1166 2082 etiam
1182 2011 1467 2086 confirmationem
1482 2012 1658 2084 Ecclesiae
1673 1995 1820 2093 sunone,

454 2144 541 2216 quae
568 2126 730 2214 sarrguine
756 2125 984 2217 propitiatorio
1012 2123 1143 2196 salvata
1171 2137 1240 2216 est,
1274 2138 1308 2199 et
1341 2149 1443 2224 super
1476 2140 1603 2226 petram
1631 2127 1706 2199 fidei
1733 2147 1821 2197 oon-

453 2236 609 2322 stabilita,
636 2249 671 2308 ut
698 2237 739 2309 ab
769 2238 933 2326 omnibuS,
962 2250 995 2310 et
1020 2262 1082 2335 per
1109 2246 1236 2331 omnia,
1264 2243 1424 2334 gloriam,
1450 2244 1629 2333 bonorem,
1657 2254 1690 2315 et
1717 2244 1819 2315 exal-

454 2356 611 2424 tationem
637 2337 821 2426 referamus
848 2352 905 2426 tibi
931 2355 1040 2441 Patri,
1056 2341 1170 2447 filio,
1199 2369 1233 2430 et
1258 2359 1395 2454 Spiritui
1421 2370 1559 2450 sancto,
1586 2370 1648 2432 etc.

557 2468 720 2562 Populus.
772 2470 891 2541 Amen.

558 2583 733 2655 Sacerdos
759 2585 950 2656 inclinatae.
1004 2586 1146 2684 Suscipe
1170 2590 1313 2664 Domine
1341 2589 1535 2664 sacrificium
1563 2590 1627 2664 boc
1658 2600 1819 2676 noenum,
1935 2601 1943 2606 “

456 2698 543 2794 quod
576 2697 724 2771 ⁵meute
751 2710 785 2772 et
811 2705 920 2772 animo
949 2702 1007 2774 tibi
1033 2703 1178 2794 offertur,
1205 2728 1266 2801 pro
1294 2707 1376 2781 Sion
1404 2717 1530 2791 sancta,
1557 2719 1661 2779 matre
1677 2709 1819 2778 omnium

455 2811 691 2904 Ecclesiarnm,
718 2827 751 2887 et
776 2837 840 2912 pro
866 2815 1028 2890 Ecclesiis
1057 2824 1120 2893 tuis
1147 2827 1270 2894 sanctis
1298 2826 1442 2918 quaein
1470 2834 1540 2897 toto
1568 2825 1650 2897 orbe
1678 2834 1763 2914 sunt,
1787 2832 1820 2892 et

455 2952 517 3026 pro
545 2931 661 3002 ordine
685 2934 843 3027 primario
870 2931 1062 3023 Pastorum,
1095 2934 1330 3026 Sacerdotum,
1364 2950 1398 3012 et
1423 2939 1604 3011 Raetorum
1621 2941 1723 3030 ejus:
1757 2960 1818 3034 pro

455 3050 556 3120 venia
582 3056 616 3120 et
642 3051 752 3143 quiete
777 3047 916 3120 liliorum
945 3051 1035 3140 eJus,
1069 3073 1131 3145 pro
1167 3059 1424 3127 conservatione
1456 3054 1596 3126 filiorum
1630 3057 1721 3146 ejus,
1758 3077 1819 3150 per

456 3168 597 3256 gratiam
623 3173 726 3252 tuam,
753 3167 854 3236 visita
880 3186 943 3237 nos
970 3187 1105 3253 omnes,
1131 3169 1164 3239 in
1192 3168 1354 3241 omnibus.

558 3279 732 3351 Sacerdos
759 3280 896 3351 cloccae
916 3303 1041 3352 coccae.
1095 3283 1181 3369 Quia
1207 3306 1253 3354 ex
1279 3295 1313 3356 te
1339 3285 1489 3380 procedit
1520 3296 1552 3357 et
1585 3289 1689 3357 oritur
1721 3305 1817 3356 omne

455 3394 589 3484 bouum,
616 3406 650 3468 et
676 3419 774 3469 omne
801 3395 921 3467 donum
939 3397 1135 3492 perfectum,
1163 3402 1524 3498 omniseontemplatio
1547 3405 1674 3488 suavis,
1702 3423 1817 3473 omnes

455 3515 662 3584 visitationes
689 3512 870 3606 perfectae,
898 3516 1004 3584 omnis
1031 3512 1201 3587 abundans
1226 3515 1432 3606 benedictio,
1460 3540 1558 3590 omne
1585 3518 1756 3611 gaudium,
1785 3527 1819 3588 et

456 3631 561 3700 omnis
588 3629 768 3716 exultatio,
797 3633 904 3700 omnis
931 3631 1035 3701 virtus
1063 3643 1097 3702 et
1122 3630 1294 3719 fortitudo,
1323 3655 1421 3704 omne
1447 3632 1550 3706 robur
1577 3634 1617 3705 ad
1644 3632 1817 3734 praelian-

455 3744 542 3834 dum,
570 3749 676 3817 omnis
703 3748 960 3838 insipientiarum
989 3745 1165 3834 abstersio,
1186 3739 1299 3821 ‘omnis
1327 3749 1525 3822 condonatio
1548 3753 1818 3846 praevaricatio-

453 3884 546 3933 num:
573 3871 711 3957 propter
738 3882 843 3955 quae,
871 3871 905 3934 et
929 3884 991 3957 pro
1019 3863 1169 3935 omuibus
1196 3863 1336 3956 gloriam
1373 3867 1608 3962 amplissimam
1642 3865 1816 3936 referimus

456 3977 528 4064 tibi,
554 3978 648 4050 Deus
675 3977 793 4066 Pater,
821 3988 854 4050 et
879 3977 964 4050 Filio
992 3986 1064 4066 tuo,
1093 3990 1127 4051 et
1152 3981 1288 4075 Spiritui
1315 3993 1431 4054 sancto
1459 3993 1524 4054 tuo.
1677 3977 1679 3991 '

557 4093 718 4186 Populus.
769 4097 888 4166 Amen.

555 4209 730 4282 Sacerdos
756 4211 947 4282 inclinatae.
974 4210 1120 4300 Exaudi,
1147 4213 1300 4304 Domine,
1327 4236 1389 4310 per
1405 4216 1676 4285 intercessionem
1696 4235 1816 4301 meam,

453 4347 568 4397 omnes
596 4329 650 4421 qui
675 4330 833 4398 invocant
859 4336 910 4399 te:
937 4351 1053 4400 omnes
1080 4331 1135 4422 qui
1161 4333 1265 4400 variis
1293 4333 1507 4401 tentationum
1533 4329 1711 4422 generibus
1729 4350 1815 4420 gra-

440 4446 541 4514 ,viter
566 4443 763 4535 affliguntur:
798 4443 873 4515 illos
907 4447 960 4538 qui
994 4447 1084 4516 omui
1117 4467 1243 4536 genere
1275 4448 1442 4540 spinarum
1478 4457 1511 4517 et
1546 4448 1685 4520 sentium
1718 4445 1814 4538 buius

453 4557 562 4629 muudi
595 4562 773 4654 iniquitatis
803 4551 942 4631 involuti
977 4559 1141 4650 laborant,
1167 4560 1289 4649 libera,
1321 4573 1355 4633 et
1382 4561 1520 4634 salutem
1547 4564 1628 4657 ipsis
1655 4561 1814 4634 concede.

453 4673 587 4767 Adjuva
621 4678 720 4747 etiam
753 4697 814 4748 eos
848 4679 902 4770 qui
935 4699 1045 4749 curam
1079 4689 1199 4769 gerunt
1230 4676 1406 4750 Ecclesiae
1433 4688 1510 4751 tuae
1536 4689 1681 4750 sanctae.
1733 4677 1815 4748 lle-

454 4799 564 4864 mento
590 4802 718 4886 patrum
746 4801 780 4863 et
805 4790 942 4863 fratrum
969 4802 1172 4880 nostrorum,
1209 4805 1242 4864 et
1269 4817 1384 4884 eorum
1411 4797 1465 4889 qui
1501 4793 1543 4866 ad
1570 4805 1603 4865 te
1636 4797 1813 4886 migrave-

453 4917 540 4996 runt,
568 4918 601 4979 et
627 4930 742 4979 eorum
761 4909 815 5002 qui
843 4911 968 5002 spirant
990 4908 1052 4984 sub
1074 4932 1153 4983 cura
1180 4921 1214 4982 et
1239 4914 1446 5006 protectione
1473 4921 1546 4984 tua:
1568 4921 1604 4982 ut
1622 4915 1719 4982 etiam
1747 4933 1814 4983 eo-

1526 5028 1609 5103 61*
