4730 6038
579 521 629 597 tn
660 520 918 598 tttunotntt
948 519 1119 633 JACOBI
1154 517 1444 598 SERUGENSIS.
1613 519 1689 594 367

324 705 403 788 apud
426 707 521 788 Syros
543 706 584 768 ita
606 704 783 788 appellatur,
806 705 878 768 urbs
902 713 949 769 est
964 705 1080 786 Syriae,
1103 703 1262 769 Orroenae
1284 703 1349 766 sive
1372 710 1515 767 tractatus
1529 703 1690 788 Edessam,

325 825 412 887 quem
442 816 547 874 *nuntia
574 812 693 869 vocant.
740 803 909 886 Stephanus
936 792 1061 867 Baianae
1089 794 1189 876 πόλις
1215 800 1274 888 τῆς
1304 790 1464 888 ὀῤῥοὴιης,
1490 790 1528 866 sd
1558 793 1689 866 ἐθνικόν

290 889 296 900 ’
323 905 485 986 penates.
513 905 633 968 Butrcue
653 903 728 968 orbs
750 903 940 966 Osrhoenos:
963 903 1109 984 Procopio
1129 889 1241 988 -Bcigrp
1264 902 1409 986 singulari
1432 921 1556 966 numero
1579 904 1688 984 appel-

324 1005 411 1070 latur.
455 1006 507 1068 Ait
529 1023 599 1068 csse
621 989 770 1080 πόλισμα
791 991 898 1088 βραχύ
927 997 982 1064 καὶ
1004 990 1102 1084 λόγου
1131 994 1262 1074 οὐδένες
1289 991 1381 1079 ἄξιον
1406 991 1528 1086 ἡμέρας
1557 996 1594 1065 δὲ
1623 992 1689 1084 ὁδῷ

325 1098 460 1189 &diceps
485 1098 600 1183 διέχον.
654 1102 830 1166 Urbecutum
856 1103 966 1164 nudius
993 1102 1123 1162 nomime
1150 1103 1240 1164 unius
1268 1102 1332 1163 diei
1362 1102 1469 1163 itinere
1503 1101 1543 1164 ab
1568 1100 1689 1164 Edessa
1735 1101 1764 1156 ¹1·
1782 1103 1808 1155 2.
1826 1102 1856 1154 de
1873 1100 2010 1157 tettJ’m.

324 1206 493 1269 destuntern.
520 1203 652 1267 Meminit
673 1201 810 1266 Julianus
831 1200 905 1282 lmp.
928 1199 983 1282 Ep.
1006 1200 1058 1263 2⁷.
1082 1199 1235 1262 Oenomao
1256 1200 1417 1282 legendum
1439 1210 1541 1264 monet
1563 1200 1725 1264 ttotsn-a·
1752 1188 1813 1240 ¹¹9·
1840 1187 1891 1284 act·
1908 1187 2009 1256 ΒΨ
2057 1269 2060 1274 ,

323 1305 390 1368 nius
413 1304 492 1385 apud
515 1302 708 1384 Stephanum,
731 1319 788 1364 nee
812 1307 941 1378 temere,
971 1317 1040 1361 nam
1061 1298 1103 1360 ita
1125 1298 1218 1382 vulgo
1240 1298 1316 1361 haec
1337 1298 1425 1379 regio
1456 1319 1474 1363 a
1504 1299 1627 1364 Graecis
1657 1275 1733 1363 ειΕι
1742 1275 1796 1409 25⁶
1826 1272 1909 1339 ΜΨ·
1941 1272 1957 1324 ¹*
1982 1275 2009 1324 ²·

322 1403 436 1468 Latinis
459 1402 612 1466 autoribus
636 1400 817 1484 appellatum
840 1399 912 1462 nihil
935 1407 1035 1462 tamen
1058 1396 1239 1477 mutandum,
1261 1405 1294 1460 ut
1311 1398 1417 1460 saltem
1430 1418 1507 1479 quae
1529 1401 1610 1484 apud
1632 1376 1724 1465 eosp.
1779 1395 1786 1410 '

323 1510 478 1566 remanent
499 1503 668 1584 scripturae
691 1499 851 1563 Orientalis
876 1507 906 1562 et
927 1499 1077 1579 genuinae
1099 1498 1240 1580 vestigia,
1262 1499 1372 1561 intacta
1395 1508 1564 1564 serventur.
1587 1501 1688 1564 Urbe-

324 1603 419 1666 culam
434 1600 510 1664 hanc
525 1600 704 1682 praesertim
722 1597 923 1661 alilictissimis
938 1596 1173 1660 Christianorum
1184 1597 1286 1676 rebus,
1310 1597 1365 1659 sub
1379 1614 1439 1660 uno
1450 1597 1603 1681 Episcopo
1621 1619 1688 1662 cum

325 1699 441 1781 Seruga
463 1699 556 1762 luisse
578 1699 778 1780 conjunctam,
800 1697 963 1760 verisimile
987 1703 1042 1759 est.
1092 1695 1165 1758 Nam
1187 1705 1220 1759 ut
1243 1716 1282 1759 ex
1304 1696 1392 1778 hujus
1414 1696 1569 1782 Liturgiae
1591 1699 1687 1778 titulo,

325 1798 449 1879 aliisque
472 1797 557 1880 Syris
580 1806 611 1862 et
633 1798 770 1861 Arabicis
793 1796 991 1860 monumentis
1019 1794 1205 1878 intelligitur,
1227 1795 1347 1876 utrique
1369 1795 1436 1858 urbi
1457 1796 1589 1863 lacobus
1611 1799 1689 1880 Epi-

324 1915 441 1986 scopus¹
456 1896 659 1979 praesidebat.
703 1897 768 1959 Neo
798 1897 945 1959 immerito
974 1895 1267 1978 vocaturSpromm
1289 1895 1413 1959 Doetor.
1457 1896 1531 1959 Nam
1561 1899 1587 1960 si
1614 1919 1689 1964 vera

325 2005 371 2060 est
392 1999 524 2061 namatio
547 1997 585 2061 de
607 1999 699 2062 rebus
722 1997 884 2060 Armeniae
907 2013 995 2076 quam
1018 2013 1036 2057 e
1057 1995 1153 2077 Regio
1177 1994 1288 2058 Codice
1311 1994 1403 2058 edidit
1419 1995 1627 2076 Combehsius,
1650 1999 1687 2062 ab

323 2097 382 2158 isto
403 2097 519 2161 Jaeobo
552 2115 661 2161 nornen
690 2095 846 2160 Jacobitae
875 2095 1059 2170 habuerunt,
1091 2112 1179 2176 quem
1206 2080 1362 2174 Ἰάκωβον
1388 2093 1555 2161 Πιτνανοῦ
1582 2107 1688 2176 vocat;

325 2197 437 2276 quain
468 2214 544 2260 voce
567 2196 688 2260 Booten
709 2194 797 2258 lacile
832 2202 879 2256 est
908 2211 1086 2278 agnoscere.
1137 2193 1322 2274 Quamquam
1349 2195 1540 2260 verisimilior
1568 2199 1687 2262 omnino

326 2297 499 2377 conjectura
522 2296 652 2373 videtur,
676 2313 780 2358 corum
804 2294 855 2374 qui
876 2291 1091 2375 Nicephorum·
1109 2301 1140 2355 et
1163 2290 1297 2356 Graecos
1328 2293 1402 2357 alios
1430 2304 1551 2360 autores
1579 2299 1687 2378 secuti,

277 2449 283 2479 ,
323 2393 474 2458 lacobitas
496 2413 559 2458 non
581 2415 598 2458 a
620 2395 802 2459 Botnanensi
825 2391 951 2478 Jacoho,
981 2392 1036 2455 sed
1058 2411 1076 2454 a
1098 2391 1263 2470 Baradaeo,
1286 2390 1352 2455 sive
1374 2391 1522 2460 Baradato
1544 2416 1633 2478 mem
1655 2405 1687 2462 et

324 2480 502 2570 τζᾰνζαλον
522 2511 579 2574 per
601 2502 803 2577 contemptum
826 2492 989 2576 appellant,
1011 2493 1052 2554 ita
1074 2492 1301 2574 cognominatos
1325 2494 1505 2561 existimant.
1551 2497 1687 2561 l'abelita

325 2592 403 2656 unde
426 2593 522 2656 dictus
545 2595 595 2670 sit,
617 2594 697 2658 hand
720 2594 807 2656 aliter
829 2593 938 2656 scimus
967 2609 1055 2674 mant
1085 2609 1125 2653 ex
1148 2589 1222 2656 Cod.
1243 2591 1305 2657 MS.
1327 2592 1537 2675 inscriptione:
1565 2580 1605 2658 ex
1627 2615 1687 2678 qua

324 2692 412 2754 etiam
434 2693 598 2773 conjectari
624 2692 695 2756 licet
723 2711 783 2757 non
806 2708 903 2773 panca
931 2690 1181 2755 Constitutionum
1210 2690 1491 2756 Ecclesiasticarum
1518 2692 1687 2778 fragmenta

324 2811 401 2872 quae
430 2793 461 2855 in
488 2792 702 2857 Nomocanone
726 2794 870 2874 Syrorum
900 2790 1060 2873 leguntur,
1090 2791 1209 2854 nomine
1238 2790 1408 2864 Tabelitae,
1443 2792 1480 2854 ad
1510 2793 1588 2856 huno
1616 2812 1687 2856 esse

323 2889 492 2954 referenda.
543 2891 609 2953 Fuit
639 2899 737 2954 autern
767 2891 832 2970 ille,
862 2898 893 2954 nt
923 2888 1083 2952 Christiani
1112 2897 1171 2952 tarn
1200 2889 1368 2954 Orthodoxi
1398 2910 1486 2973 qnam
1514 2891 1686 2957 Nestoriani

323 2997 481 3066 testantur,
504 2988 611 3053 Severi
634 2990 813 3054 Antiocheni
837 2988 1011 3071 discipulus,
1043 2996 1074 3051 ει
1094 2991 1239 3052 maximus
1261 2989 1445 3054 Jacob'itioae
1476 2991 1546 3055 fidei
1568 3011 1688 3076 propu-

323 3097 442 3171 gnator,
466 3107 533 3152 oum
555 3089 632 3152 alter
653 3091 682 3152 in
706 3091 827 3153 exilium
856 3089 961 3170 pulsus
989 3087 1080 3151 toret:
1111 3106 1382 3172 successoremque
1409 3092 1440 3152 in
1467 3091 1573 3154 eadem
1595 3110 1687 3158 causa

324 3189 497 3252 sustinenda
519 3188 621 3251 habuit
637 3188 784 3252 Jacobum
807 3187 897 3250 alium
908 3185 1096 3262 Baradatum,
1120 3206 1213 3269 aquo
1226 3186 1379 3252 Jacobitas
1401 3191 1568 3255 nominatos
1591 3190 1685 3256 luisse

323 3287 502 3370 Nicephori,
537 3287 676 3370 Eutychii
706 3287 919 3365 Alexandrini,
955 3295 985 3350 ει
1014 3287 1141 3352 aliorum
1169 3288 1329 3352 multorum
1365 3291 1467 3370 opinio
1495 3288 1559 3352 init.
1612 3291 1686 3355 Cum

323 3395 422 3451 autem
442 3386 575 3451 Jacobus
597 3387 796 3452 Botnanensis
818 3385 910 3450 multa
932 3387 1099 3467 scripserit,
1122 3404 1182 3450 non
1204 3387 1293 3452 modo
1315 3389 1394 3452 inter
1414 3386 1569 3452 Ecclesiae
1591 3389 1686 3456 Jaco-

324 3485 432 3549 biticae
453 3487 603 3552 Doctores
634 3494 807 3551 numeratur
837 3487 868 3549 in
896 3473 1083 3569 Ὁμολογίᾳ,
1114 3489 1181 3550 sive
1212 3486 1413 3552 consessione
1440 3487 1510 3550 fidei
1542 3507 1620 3570 quae
1647 3493 1685 3555 ab

323 3586 496 3650 ordinandis
518 3587 661 3671 exigitur,
683 3587 739 3650 sed
758 3585 850 3649 mtdta
873 3587 938 3669 ejus
961 3586 1130 3649 testimonia
1152 3594 1314 3649 occurrunt
1336 3587 1366 3649 in
1389 3587 1529 3650 'tractatu
1559 3589 1596 3653 de
1626 3591 1685 3656 lide
1801 3629 1805 3636 -

322 3686 451 3750 Patroni.
496 3686 645 3750 Historiae
669 3687 867 3750 Nestorianac
889 3686 1053 3766 scriptores
1076 3685 1214 3765 tradunt,
1244 3685 1390 3749 Jacobum
1412 3687 1568 3767 aequalem
1591 3687 1685 3754 luisse

323 3785 447 3864 Acacio‚
471 3804 560 3867 quem
582 3787 759 3870 vigesimum
792 3784 956 3849 secundum
986 3782 1207 3848 Catholicorum
1236 3803 1360 3849 suorum
1387 3795 1559 3850 numerant:
1589 3789 1685 3853 literis

324 3885 417 3948 sacris
440 3903 564 3967 operam
586 3885 708 3950 dedisse
735 3887 766 3948 in
789 3884 897 3949 Schola
926 3883 1082 3949 Edessena
1110 3902 1187 3966 quae
1218 3883 1429 3949 florentissima
1456 3894 1526 3949 tunc
1554 3885 1623 3951 luit:
1654 3898 1685 3952 et

323 3985 406 4047 initio
428 3985 675 4049 Nestorianorum
697 3985 830 4068 opinioni
859 3983 1044 4048 adhaesisse.
1088 3984 1247 4065 Postquam
1274 4003 1349 4049 vero
1371 3986 1562 4049 Anastasium
1583 3987 1685 4068 lmpc·

323 4091 454 4147 retorem
476 4087 593 4150 Severo
616 4085 774 4168 plurimum
795 4084 939 4161 tribuere,
962 4091 993 4146 et
1022 4085 1052 4147 in
1075 4085 1141 4167 ejus
1163 4087 1342 4149 sententiam
1372 4087 1566 4150 consensisse
1591 4088 1685 4151 intel-

323 4181 406 4262 lexit,
428 4185 516 4248 nnius
539 4192 663 4248 naturae
685 4183 774 4247 tidem
795 4183 966 4266 professum
988 4181 1093 4262 inisse,
1115 4182 1256 4265 illamque
1278 4185 1389 4248 acriter
1410 4183 1590 4250 defendisse.

409 4283 439 4347 2.
472 4284 506 4347 ln
529 4283 633 4348 codice
657 4281 841 4350 colbertino,
854 4289 973 4346 vetusto
996 4290 1027 4346 et
1047 4284 1146 4348 bonae
1168 4293 1259 4348 notae
1281 4283 1377 4349 torma
1398 4284 1560 4349 verborum
1574 4286 1685 4350 Christi

323 4381 410 4445 aliter
431 4401 466 4446 se
488 4383 593 4460 habet;
627 4385 783 4464 magisque
816 4382 1043 4465 paraphrastica
1065 4392 1128 4460 est;
1158 4383 1213 4447 sed
1243 4383 1312 4465 quia
1341 4384 1522 4448 luculentam
1551 4391 1684 4451 continet

321 4480 523 4545 Jacobitarum
545 4483 584 4546 de
605 4482 810 4546 Eucharistiae
833 4475 891 4545 lide
913 4481 1146 4562 confessionem,
1169 4502 1234 4547 eant
1255 4483 1434 4548 referemus.
1478 4485 1514 4548 ln
1535 4505 1574 4549 eo
1595 4495 1683 4550 noete

322 4599 383 4661 pua
405 4580 589 4660 tradebatur,
612 4589 646 4643 nt
665 4584 785 4644 animos
805 4589 929 4644 nostros
949 4583 982 4643 in
996 4583 1171 4661 captivitate
1187 4585 1343 4646 servitutis
1363 4586 1545 4648 constrictos
1565 4585 1683 4648 troan-

322 4687 376 4758 rct,
400 4687 489 4761 otone
510 4698 531 4742 o
552 4681 761 4743 meledictione
787 4689 817 4743 ct
844 4681 990 4743 scandolo
1012 4681 1161 4744 idolorum
1182 4691 1329 4746 moeonas
1355 4691 1385 4745 ct
1409 4691 1595 4748 marmenem
1622 4688 1683 4750 bo-

322 4779 418 4840 mincs
439 4782 586 4859 eriperem
609 4787 748 4842 mabam
769 4781 935 4858 sacerdotii
960 4781 1176 4844 demonstravit
1204 4788 1234 4844 et
1255 4801 1314 4862 pro
1335 4781 1444 4863 Ephod
1465 4790 1553 4865 utpote
1576 4783 1685 4850 Oidora'

324 4879 494 4940 sacerdotii
515 4880 647 4960 animai,
670 4886 849 4960 potestatem
870 4879 936 4942 beo
964 4880 1086 4961 dignum
1114 4900 1219 4944 coram
1240 4880 1393 4962 Apostolis
1414 4885 1529 4946 sorotis
1549 4886 1683 4965 monife-

324 4979 423 5040 stnca't.
456 4977 618 5059 Accipimus
634 4995 746 5060 ponem
766 4981 798 5041 in
818 4997 926 5041 neumas
947 4998 1020 5042 auos
1041 4989 1174 5056 sanctos,
1196 4983 1318 5062 aspecit
1337 4983 1381 5045 ud
1401 4989 1430 5045 te
1443 4982 1539 5046 Deum
1549 4983 1684 5064 Putrem,
