4712 6032
619 673 649 749 S.
701 673 901 749 JULII
952 673 1181 750 Plrls
1232 673 1516 753 ROlldlll.
1672 674 1749 748 229

488 859 649 952 Populus.
676 861 794 932 Amen.

486 974 662 1047 Sacerdos
687 975 878 1047 inclinetur.
933 973 1108 1049 Offerimus
1141 979 1242 1068 igitur
1279 976 1339 1048 tibi
1371 977 1515 1049 Domine
1551 976 1751 1050 sacrificium

382 1087 446 1162 boc
472 1112 533 1187 pro
551 1091 712 1163 ‘omnibus
740 1090 910 1165 ordinibus
936 1091 1194 1180 Ecclesiasticis‚
1222 1103 1257 1164 et
1281 1114 1344 1188 prn
1371 1102 1569 1188 paupertate
1596 1114 1688 1194 mea,
1717 1099 1752 1163 et
1806 1089 1808 1094 ’

383 1209 557 1300 unicuique
585 1205 742 1278 auxilium
768 1205 884 1281 tribue.

486 1321 636 1392 Elenmu
665 1343 791 1400 nocem.
844 1324 1004 1396 Pastores
1046 1333 1079 1395 et
1116 1323 1283 1396 Doctores
1323 1320 1540 1396 Orthodoxns
1573 1321 1751 1396 Ecclesiae

382 1447 458 1511 tuae
485 1447 633 1526 sanctae,
661 1440 823 1534 sapientia
850 1448 884 1510 et
908 1437 1035 1510 viribus
1062 1440 1186 1510 instrue
1219 1439 1383 1527 Domine,
1416 1449 1450 1510 nt
1485 1449 1637 1534 quantum
1665 1459 1749 1534 opus

383 1562 435 1626 est
461 1564 548 1626 stent
574 1575 676 1649 super
702 1575 828 1646 greges
854 1563 930 1626 tuos
957 1553 1204 1642 sacerdotales,
1235 1556 1269 1624 in
1300 1556 1404 1650 pratis
1437 1552 1501 1624 illis
1535 1552 1750 1644 coelestibus,

381 1667 590 1762 Evangelice
620 1679 798 1764 pascentes
834 1691 942 1763 agnos
977 1673 1128 1762 signatos
1161 1672 1295 1742 nomine
1325 1678 1382 1741 tuo
1416 1677 1554 1760 sancto,
1589 1691 1676 1739 nunc
1717 1678 1751 1741 et

383 1806 527 1880 semper.

484 1900 644 1994 Populus.
695 1902 815 1972 Amen.

484 2015 659 2086 Sacerdos
684 2016 877 2088 inclinatus.
929 2013 1097 2088 Memento
1132 2016 1275 2087 Domine
1308 2037 1423 2087 eorum
1468 2019 1522 2109 qui
1557 2038 1749 2110 praecepe-

380 2111 455 2218 runt
481 2130 589 2218 nobis,
615 2141 656 2202 ut
676 2131 807 2203 illorum
832 2151 998 2201 memores
1026 2152 1177 2201 essemus
1212 2131 1244 2199 in
1281 2129 1486 2202 orationibus
1519 2139 1552 2200 et
1579 2131 1748 2225 depreca-

381 2243 524 2320 tionibus
559 2250 682 2319 nostris
716 2245 758 2317 ad
790 2256 841 2317 te:
878 2253 911 2316 et
943 2267 1060 2316 eorum
1093 2247 1148 2339 qui
1182 2243 1376 2338 praeclarae
1420 2249 1511 2316 vitee
1554 2246 1748 2341 triumphum

381 2372 522 2454 egerunt
547 2365 579 2433 in
606 2360 760 2434 Ecclesia
786 2369 853 2448 tua,
881 2370 914 2432 et
939 2381 1121 2456 paupemm
1148 2358 1261 2454 populi
1288 2362 1342 2430 tui.

484 2479 634 2550 Elcooos
659 2500 785 2549 nocero.
838 2478 989 2568 Benigne
1015 2487 1125 2548 autem
1151 2476 1294 2546 Domine
1326 2479 1460 2573 suscipe
1492 2477 1679 2550 oblationes
1715 2489 1748 2549 et

383 2593 469 2666 dona
505 2594 618 2688 populi
652 2596 698 2663 tui
730 2591 856 2682 fidelis,
896 2602 929 2663 et
961 2590 1108 2664 retribue
1141 2591 1205 2662 illis
1238 2591 1360 2661 auxilia
1387 2591 1560 2686 praeclara
1588 2595 1749 2680 donorum

308 2707 313 2714 ⁴
379 2719 519 2796 tuorum,
547 2732 633 2781 nunc
661 2708 791 2804 quidem
817 2730 859 2780 ea
887 2710 1080 2804 quaeipsis
1107 2705 1308 2803 expediunt:
1336 2706 1584 2797 deluderem,
1618 2731 1750 2782 sursum

380 2827 413 2896 in
449 2835 601 2897 extremo
634 2824 786 2912 saeculo,
821 2823 1016 2919 triumphum
1047 2823 1207 2896 illustrem
1243 2833 1277 2894 et
1311 2823 1513 2919 perlectum,
1550 2834 1584 2896 et
1617 2848 1750 2897 omnem

380 2941 577 3012 alluentium
609 2940 799 3013 deliciarum
836 2940 1106 3014 indesinentium:
1145 2950 1180 3012 nt
1217 2942 1343 3031 gratias
1380 2950 1500 3032 agant,
1541 2938 1680 3011 adorent
1717 2947 1751 3009 et

379 3056 576 3148 glorificent,
603 3077 732 3151 nosque
758 3079 833 3128 cum
859 3059 953 3152 ipsis,
978 3078 1101 3128 nomen
1127 3065 1216 3127 tuum
1244 3065 1393 3126 sanctum
1429 3064 1463 3126 et
1488 3057 1649 3147 unigeniti
1675 3054 1749 3125 Filii

380 3175 436 3259 tui,
464 3182 498 3243 et
524 3171 666 3266 Spiritus
694 3176 741 3245 tui
768 3177 886 3262 sancti,
913 3194 1000 3243 nunc
1026 3181 1060 3243 et
1086 3194 1228 3268 semper.

483 3286 645 3381 Populos.
698 3292 817 3363 Amen.

484 3403 658 3476 Sacerdos
689 3406 880 3478 inclinatos.
938 3403 1107 3475 Memento
1147 3403 1289 3474 Domine
1329 3403 1442 3499 populi
1485 3407 1531 3475 tui
1569 3402 1675 3477 fidelis
1715 3412 1750 3475 et

380 3519 521 3617 prohibe
548 3521 589 3595 ab
617 3522 681 3595 illis
707 3520 844 3594 hostiles
871 3525 1022 3593 incursus
1039 3530 1189 3594 secretos
1217 3528 1250 3590 et
1277 3529 1422 3615 apertos,
1450 3518 1539 3592 belle
1566 3520 1748 3592 domestica

381 3646 414 3707 et
440 3639 614 3728 extranea,
642 3648 676 3710 et
702 3660 799 3710 omne
825 3638 1045 3710 calamitatum
1071 3657 1188 3728 genus.

483 3753 632 3825 Eteonos
657 3777 783 3825 nocem.
837 3754 959 3871 Neque
981 3763 1118 3849 propter
1143 3755 1349 3849 insipientias
1365 3763 1499 3827 nostres
1527 3751 1665 3824 deseras
1683 3772 1747 3824 nos

381 3849 568 3965 orphanos,
596 3868 769 3944 destitutos
796 3873 918 3943 virute
946 3879 980 3940 et
1005 3869 1129 3940 auxilio
1164 3879 1220 3940 tuo
1246 3869 1407 3942 Domine:
1440 3890 1549 3963 neque
1584 3868 1748 3941 everteris

381 3986 533 4074 anobis,
562 3996 595 4057 et
621 3987 801 4078 alligamur
827 4009 940 4078 amare
967 3986 1051 4059 ultre
1078 3989 1170 4057 vires
1204 3995 1357 4058 nostras:
1392 3985 1452 4058 sed
1488 3985 1648 4080 propitius
1676 3991 1748 4056 esto

379 4102 495 4191 nobis,
528 4112 561 4174 et
594 4101 636 4174 ab
672 4106 759 4175 omni
792 4125 918 4196 genere
952 4108 1144 4198 passionum
1177 4105 1306 4196 peccati
1341 4100 1486 4172 liberans
1521 4121 1604 4186 nos,
1632 4097 1748 4170 subter

381 4215 450 4288 alas
495 4227 568 4290 tutas
606 4228 767 4312 perpetuo
802 4241 865 4291 nos
906 4216 1091 4292 absconde:
1128 4221 1202 4311 qrda
1230 4227 1263 4288 tu
1299 4216 1391 4290 Deus
1425 4213 1574 4288 salvator
1607 4224 1640 4285 et
1667 4237 1748 4288 scr-

380 4341 479 4405 vator
506 4335 648 4404 omnium
676 4357 726 4420 es,
753 4342 788 4405 et
814 4333 871 4406 tibi
896 4335 1038 4427 gloriam
1064 4333 1238 4406 referimus
1266 4344 1299 4405 et
1325 4335 1494 4424 unigenito
1521 4331 1606 4404 Filio
1633 4341 1689 4403 tuo
1714 4340 1748 4415 et

381 4447 517 4544 Spiritui
544 4458 599 4523 tuo
627 4460 754 4522 sancto.

484 4565 645 4658 Populos.
697 4569 817 4640 Amen.

484 4679 660 4755 Sacerdos
685 4683 878 4755 inclinabo.
931 4683 1100 4755 Memento
1127 4681 1270 4754 Domine
1301 4684 1443 4754 omnium
1476 4690 1665 4754 sanctorum
1693 4680 1748 4773 qui

381 4817 400 4866 a
428 4796 564 4870 saeculo
591 4798 787 4894 placuerunt
812 4783 879 4887 tibi,
907 4800 949 4872 ab
976 4798 1126 4888 Aramo,
1163 4797 1205 4870 ad
1230 4796 1315 4870 hanc
1347 4821 1453 4893 usque
1487 4796 1582 4867 diem.
1635 4796 1746 4866 Prae-

380 4912 477 5006 cipue
503 4934 588 4986 vern
616 4926 753 4988 sanctae
780 4913 956 4988 Genitricis
989 4918 1054 4988 Dei
1080 4915 1224 5001 Mariae,
1259 4914 1398 4988 loannis
1436 4915 1627 5010 Baptistae,
1661 4911 1746 4982 Ste-

380 5025 478 5122 phani
519 5034 677 5129 principis
708 5034 933 5105 Diaconomm
975 5043 1009 5104 et
1047 5035 1142 5128 primi
1181 5037 1363 5126 martyrum
1403 5041 1436 5102 et
1478 5031 1622 5102 omnium
1658 5048 1745 5100 san-

381 5153 518 5217 ctorem.

1452 5262 1529 5337 32*
