4730 6038
774 549 1400 629 Stroutotutttt.
1691 550 1768 627 283

504 736 664 830 Populos.
716 733 860 808 Etcum
888 740 1005 832 spiritu
1033 748 1100 811 tuo.

506 852 690 924 Diaconos.
742 854 886 926 Domino
914 856 1023 949 capita
1045 863 1163 927 'nostra
1192 852 1395 927 inclinemus.

507 969 668 1074 Poppl'us.
722 968 847 1041 (loram
873 981 925 1058 te,
950 968 1093 1042 Domine
1118 970 1212 1042 Deus
1238 979 1362 1043 noster.

505 1084 697 1158 Sacerdos.
750 1083 896 1157 Benedic
929 1083 1066 1159 brachio
1100 1097 1155 1159 tuo
1193 1108 1333 1178 magno,
1374 1095 1408 1158 et
1441 1087 1521 1160 lorti
1555 1100 1610 1161 tua
1645 1091 1768 1162 virtute

401 1199 494 1274 Deus
519 1213 656 1288 noster,
682 1201 875 1289 benedicte,
901 1200 1075 1296 populum,
1102 1210 1137 1272 et
1162 1201 1399 1274 haereditatem
1426 1213 1532 1292 tuam,
1559 1215 1593 1276 et
1619 1206 1797 1306 concede⁴

400 1317 498 1390 nobis
525 1321 684 1410 gratiam,
712 1329 745 1390 et
770 1315 1035 1388 benedictionem
1063 1340 1196 1411 quasa
1229 1329 1262 1390 to
1296 1328 1387 1408 sunt,
1422 1328 1457 1390 ut
1489 1323 1768 1394 communicemus

400 1438 570 1529 mysteriis
596 1438 660 1506 tuis
686 1435 759 1506 istis
786 1436 930 1535 sanctie,
957 1435 1029 1505 sine
1055 1433 1205 1524 macula,
1232 1445 1288 1507 aut
1313 1447 1472 1532 peccato,
1505 1445 1540 1508 ot
1572 1435 1767 1534 impleamur
1866 1527 1867 1532 Ἰ

399 1567 461 1644 per
487 1571 602 1623 eorum
621 1553 880 1646 susceptionem,
906 1553 996 1622 omni
1014 1548 1119 1623 odore
1146 1553 1331 1643 suavitatis,
1359 1563 1394 1624 et
1410 1551 1548 1626 lervore
1566 1549 1642 1622 fidei
1666 1554 1699 1622 in
1722 1559 1767 1640 te,
1890 1619 1895 1628 .

401 1675 434 1736 et
458 1665 644 1738 celeremus
670 1665 729 1738 tibi
754 1664 896 1738 laudem.
1657 1680 1660 1690 '

504 1782 666 1875 Populus.
719 1784 839 1855 Amen.

502 1896 685 1970 Sacerdos.
737 1899 812 1969 Pax
838 1897 938 1970 vobis
965 1897 1126 1971 omuibus.

505 2014 664 2108 Populus.
716 2013 760 2084 lte
786 2036 859 2086 cum
887 2017 1002 2109 spiritu
1029 2025 1096 2087 uro.

503 2130 686 2203 Sacerdos.
740 2127 853 2201 Gratia
879 2129 1049 2202 Trinitatis
1076 2133 1128 2201 sit.

502 2248 689 2319 Diaconos.
743 2245 827 2320 Cum
854 2249 972 2318 timore
999 2249 1206 2340 aspiciamus.

505 2361 690 2436 Sacerdos.
743 2362 866 2435 Sancta
897 2365 1031 2437 sanctis.

505 2479 664 2574 Populus.
717 2478 810 2552 Unus
836 2478 938 2552 Pater
964 2488 1107 2551 sanctus.

504 2597 694 2669 Diaconos.
746 2595 894 2667 Benedic
919 2597 1072 2668 Domine.

505 2712 665 2806 Populos.
718 2710 769 2784 Sit
794 2733 917 2783 nomen
942 2712 1074 2783 Domini
1100 2709 1319 2783 benedictum.

502 2829 589 2903 Post
613 2831 844 2922 receptionem
869 2827 1102 2917 Socramenti,
1129 2825 1304 2899 Sacerdos
1329 2829 1423 2899 dicit.

501 2947 597 3019 Nunc
624 2953 800 3040 postquam
826 2943 978 3016 delectati
1005 2965 1135 3031 sumus,
1162 2965 1207 3015 ex
1233 2944 1435 3040 plenitudine
1468 2955 1658 3018 sanctorum
1684 2956 1766 3020 trao-

399 3085 471 3136 ram
500 3063 702 3147 divinorum,
730 3067 764 3130 et
789 3058 956 3132 hausimus
989 3059 1145 3155 poculum
1170 3063 1262 3132 vitae
1297 3084 1343 3132 ex
1376 3059 1477 3133 beato
1510 3059 1604 3134 fonte
1636 3067 1766 3155 gratiam

400 3189 496 3267 tuae,
522 3178 666 3249 Domine
694 3174 770 3269 quid
796 3176 1016 3248 retribuemus
1042 3175 1180 3248 bonitati
1212 3187 1307 3265 tuae,
1340 3177 1398 3249 tali
1430 3189 1463 3250 et
1497 3187 1563 3252 tam
1597 3179 1766 3275 probusae.

401 3295 469 3369 Sed
501 3317 575 3366 curn
604 3294 705 3363 menti
737 3313 922 3388 corporeae
956 3290 1101 3365 adstricti
1135 3295 1258 3383 simuS,
1291 3303 1378 3365 tuam
1414 3305 1524 3366 mmeu
1559 3298 1767 3387 majestatem

401 3415 432 3483 in
459 3419 568 3482 mente
595 3407 773 3498 hebentes,
799 3408 940 3482 vocibus
967 3409 1073 3482 laudis
1101 3409 1257 3498 dicimus,
1286 3433 1307 3483 o
1335 3410 1471 3484 altitudo
1499 3411 1685 3484 divitiarum
1701 3433 1765 3484 sa-

399 3530 545 3623 pientiae
572 3535 666 3612 tuae,
700 3524 884 3598 olatitudo
917 3525 1074 3598 bonitatis
1111 3537 1203 3597 tuae:
1239 3549 1260 3599 o
1294 3527 1440 3624 abyssus
1473 3526 1765 3623 imperscrutabilis

401 3639 650 3716 misericordiae
677 3650 772 3730 tuae,
800 3642 986 3737 quodcum
1012 3642 1135 3714 malitia
1161 3645 1292 3737 peccati
1325 3643 1564 3730 detineremur,
1599 3641 1640 3714 od
1672 3663 1764 3734 gau-

403 3759 489 3831 dium
516 3767 550 3829 et
575 3758 778 3853 voluptatem
812 3758 913 3830 talem
943 3757 1107 3832 adduxisti
1139 3780 1218 3831 nos:
1251 3769 1286 3832 tu
1321 3782 1382 3856 per
1417 3783 1531 3855 quem,
1567 3771 1602 3831 et
1627 3767 1766 3854 propter

402 3897 499 3972 mem
532 3873 762 3969 deprecamur,
797 3883 832 3945 ut
868 3898 887 3946 a
923 3873 1133 3946 damnatione
1153 3874 1267 3967 judicii
1293 3873 1488 3966 liberemur,
1520 3886 1600 3947 eta
1631 3872 1766 3947 conde-

402 3993 569 4065 mnatione
588 3987 629 4060 ad
645 3989 877 4084 perditionem:
904 4000 940 4062 ut
961 3995 996 4063 in
1013 4013 1136 4086 magno
1162 3990 1217 4064 illo
1232 4014 1328 4063 manc
1341 3995 1592 4065 resurrectionis
1608 3994 1762 4076 omnium,

403 4111 511 4182 securi
538 4110 639 4178 simus
667 4129 741 4178 cum
768 4111 891 4178 sanctis
918 4109 999 4197 tuis,
1034 4111 1067 4178 in
1100 4107 1271 4204 voluptate
1296 4107 1351 4180 illa
1378 4117 1433 4180 tua
1460 4107 1620 4205 spirituali
1647 4115 1680 4179 et
1706 4109 1764 4176 iu-

404 4223 595 4311 tellectuali,
637 4232 671 4293 et
703 4243 859 4295 canamus
892 4223 1041 4320 perfecte
1077 4249 1150 4297 cum
1185 4224 1343 4321 perfectis
1376 4223 1533 4320 hymnum
1564 4224 1765 4299 indesinen-

403 4348 468 4413 tem
494 4341 568 4428 tibi,
596 4339 695 4410 Pater
721 4348 875 4429 aeterne,
902 4339 1053 4435 Filioque
1079 4349 1136 4414 tuo
1163 4345 1348 4434 unigenito,
1377 4350 1411 4413 et
1435 4341 1553 4431 beato,
1590 4350 1624 4413 et
1649 4338 1764 4436 Spiri-

402 4461 448 4529 tui
474 4467 540 4529 tuo.

506 4571 666 4665 Populea.
719 4572 837 4643 Amen.

506 4688 689 4760 Sacerdos.
743 4687 817 4760 Pax
843 4689 941 4763 vobis
969 4689 1131 4762 omnibus.

505 4802 665 4896 Populos.
717 4802 861 4876 Etcum
888 4809 1004 4902 spiritu
1030 4816 1097 4879 tuo.

504 4920 692 4992 Diaconos
746 4919 864 5016 Capita
889 4933 1003 4994 nostra
1029 4923 1173 4994 Domino
1199 4920 1402 4996 inclinemus.

503 5035 664 5130 Populea.
719 5034 842 5111 Coram
868 5049 902 5111 te
927 5040 1070 5112 Domine
1095 5038 1188 5111 Deus
1214 5048 1340 5116 noster.

453 5173 573 5220 romualt.
1506 5151 1555 5226 39
