4804 6026
620 565 673 641 IN
707 561 1001 640 tttunntts
1038 561 1315 640 SYRIAGAS.
1609 566 1658 637 57

281 750 376 814 cerba
402 749 536 828 [minam
564 747 666 810 crucis
694 749 875 827 seprimmt.
920 745 1033 808 Postea
1062 745 1233 827 Episcopus
1262 745 1396 809 tabulam
1418 748 1548 812 collocat
1568 769 1660 830 super

281 867 417 912 marasan
439 849 531 923 citae,
554 846 611 909 hoc
635 852 682 908 est
706 844 817 908 altare:
839 864 900 907 reon
923 846 955 905 in
976 846 1087 922 medio,
1110 846 1191 926 quod
1214 846 1321 908 solium
1342 855 1465 925 vocant,
1489 847 1542 910 ubi
1556 848 1660 912 tabula

281 954 461 1010 consecrata
479 947 568 1026 prius
589 946 692 1024 defixa
714 953 774 1020 est,
800 945 856 1005 sed
877 944 920 1005 ad
941 945 1021 1007 latus
1042 947 1206 1010 sinistrum.
1251 945 1288 1007 Si
1302 947 1409 1026 plnres
1431 950 1660 1011 consecrandae

279 1055 364 1122 sunt,
388 1047 459 1108 illas
480 1063 536 1106 suo
558 1063 705 1124 quomque
726 1045 832 1105 ordine
854 1046 1045 1124 superponit,
1065 1043 1236 1124 Episcopus
1262 1053 1371 1124 postea
1399 1055 1579 1108 curamenta
1601 1066 1659 1108 sna

279 1149 407 1226 accipit:
430 1145 624 1220 Sacerdotes,
648 1144 789 1222 Diaconi,
813 1151 842 1204 et
862 1144 978 1224 reliqui,
1002 1151 1101 1205 vestes
1123 1163 1238 1224 quaque
1261 1141 1374 1206 Ordine
1396 1164 1451 1207 suo
1474 1149 1659 1208 concucien-

279 1255 323 1309 tes
345 1247 482 1322 induunt,
504 1253 642 1324 stantque
664 1245 751 1305 circa
773 1243 880 1303 altare.
922 1241 1175 1324 Arrlsipresbqter
1196 1242 1295 1322 desert
1317 1262 1447 1319 crucem,
1471 1253 1501 1306 et
1522 1247 1661 1308 consistit

274 1363 372 1425 prope
400 1345 518 1406 altore:
547 1361 626 1404 ursus
652 1362 692 1403 ec
715 1341 885 1402 senioribus
906 1341 1124 1403 Sacerdotibus
1145 1341 1245 1420 desert
1262 1343 1463 1422 paropsides,
1492 1346 1524 1404 in
1551 1343 1659 1423 quibus

277 1452 346 1504 sunt
367 1441 526 1504 lentimdac
540 1442 625 1502 sacri
639 1440 827 1501 cirismatis:
850 1439 982 1502 Diaconi
992 1438 1111 1518 flabella
1121 1448 1255 1520 pectant,
1280 1441 1336 1502 alii
1350 1461 1465 1505 cerem.
1488 1440 1659 1522 Episcopus

279 1559 381 1622 aquo
404 1539 472 1602 solo
495 1539 571 1602 haec
594 1538 783 1600 consecratio
806 1537 978 1618 perficitur,
1007 1540 1116 1599 recitat
1142 1541 1295 1600 orationes
1324 1541 1453 1620 aliquot,
1481 1561 1522 1603 ec
1549 1538 1658 1622 Officio

278 1642 518 1708 consecrationis
531 1639 699 1712 Ecclesiae,
722 1637 857 1709 Sedras,·
881 1639 1049 1699 orationem
1067 1639 1192 1712 incensi,
1216 1658 1256 1698 ec
1278 1639 1399 1700 eodan:
1414 1647 1491 1719 pasl
1511 1658 1589 1720 quas
1610 1641 1658 1701 le-

275 1741 358 1819 qilur
377 1737 517 1818 Epistola
547 1745 576 1800 et
600 1736 798 1816 annqelium
827 1741 861 1796 el
878 1737 1027 1797 recitatur
1048 1734 1227 1817 Sprnbolnm.
1256 1735 1398 1816 Sequitur
1420 1740 1520 1800 oratio
1541 1745 1657 1799 secreto

278 1839 419 1900 dicendo.
450 1836 592 1898 Psalmns
613 1835 665 1898 23.
712 1835 856 1897 Dominus
878 1835 959 1918 regit
981 1853 1039 1909 me,
1062 1841 1120 1895 etc.
1144 1833 1314 1914 Episcopus
1335 1837 1453 1915 siqnum
1475 1838 1577 1899 crucis
1599 1838 1656 1898 de-

277 1937 500 2016 liaeatpollice,
523 1936 622 1997 ductis
643 1933 763 1996 ditobns
784 1934 881 2008 lineis,
905 1941 934 1994 et
955 1933 1088 1995 tabulam
1110 1934 1350 1996 consecrandam
1373 1937 1507 2016 imponit,
1530 1938 1560 1996 ei
1580 1954 1658 2016 quae

275 2037 341 2114 fica
353 2037 441 2097 estin
456 2035 563 2096 altori:
585 2052 675 2113 quom
697 2033 805 2094 deinde
818 2031 939 2120 depremit
960 2032 1002 2094 od
1023 2032 1104 2094 latus
1114 2033 1209 2110 aliud,
1224 2040 1254 2094 et
1269 2033 1410 2114 reliquas,
1424 2037 1454 2097 si
1462 2034 1566 2114 plnres
1579 2041 1658 2110 sunt,

273 2133 396 2214 primae
408 2133 598 2212 superponit:
622 2138 711 2212 atqne
731 2132 850 2192 interea
867 2127 980 2191 Clerici
994 2130 1132 2210 psalmos
1153 2139 1183 2192 et
1202 2132 1327 2213 lpnnos
1349 2140 1466 2194 canunt.
1487 2131 1658 2195 Arclridia-

278 2250 373 2294 corsus
393 2251 505 2311 praece
527 2231 602 2293 dicit
623 2227 755 2306 Στιῦμεν
777 2223 893 2301 καλῶς.
917 2227 1117 2292 Prooemium.
1139 2229 1247 2291 Scdro.
1270 2231 1485 2312 Responsoria.
1508 2230 1657 2293 Psalmus.
1735 2247 1738 2252 ·

276 2330 384 2393 ludica
412 2349 460 2392 me
489 2329 591 2403 Deus,
621 2330 758 2410 moniam
789 2344 849 2410 ego
876 2329 906 2389 in
929 2329 1099 2390 innocentia
1122 2346 1190 2391 mea
1213 2330 1370 2412 ingressus
1394 2349 1476 2394 sum:
1500 2337 1529 2392 et
1548 2337 1657 2408 postea

277 2429 449 2509 Episcopus
471 2430 572 2509 siqnm
592 2428 724 2490 secundo
748 2427 869 2488 tabulas
890 2427 977 2506 siqno
1000 2429 1115 2502 crucis,
1138 2429 1217 2489 sicin
1235 2433 1323 2508 prius
1341 2428 1478 2507 fecerat:
1500 2431 1583 2492 clero
1604 2430 1657 2490 in-

277 2537 363 2590 terea
381 2528 587 2607 psalmodiam
610 2529 812 2590 continuante.
836 2525 993 2587 Diacorrus
1025 2527 1132 2586 iterum
1154 2525 1287 2604 Στῶμεν
1308 2522 1424 2600 καλῶς.
1462 2528 1532 2590 lium
1545 2529 1655 2594 Sedro.

277 2627 480 2690 Prooemium.
514 2627 671 2688 lliaconus
693 2627 768 2687 dicit
788 2613 953 2702 litaniam,
976 2624 1041 2686 sive
1064 2625 1137 2686 satis
1159 2624 1280 2708 longam
1302 2628 1479 2708 orationem,
1503 2646 1580 2707 quae
1602 2628 1658 2692 Li-

277 2728 364 2790 taniis
388 2725 500 2788 nostris
523 2743 583 2787 uon
605 2723 783 2805 respondet.
812 2723 1022 2804 Responsorio
1043 2741 1084 2783 ec
1099 2721 1207 2802 Officio
1230 2728 1471 2788 consecrationis
1487 2725 1655 2790 Ecclesiae.

277 2826 428 2888 Psalmus.
460 2825 612 2887 Memento
626 2823 753 2886 Domine
769 2821 880 2885 David:
904 2828 934 2883 et
954 2823 1057 2902 siqnat
1078 2822 1197 2885 tabulas
1219 2825 1318 2899 tertio,
1342 2831 1375 2885 nl
1387 2825 1480 2886 sernel
1492 2827 1656 2908 iterumque

274 2925 403 3004 secaret.
426 2923 597 3004 Episcopus
613 2925 800 3003 pronunciat
820 2929 935 2983 secreto
958 2921 1076 3000 lonpam
1099 2924 1278 2998 orationem,
1301 2924 1333 2984 in
1356 2926 1441 3003 cnjus
1460 2927 1520 3004 fine
1541 2933 1655 2988 mutato

277 3035 357 3098 tono,
381 3025 479 3086 eleuat
500 3041 613 3100 oecon,
637 3030 667 3084 ct
687 3022 894 3100 respondetur,
918 3019 1022 3082 Amen.
1069 3018 1206 3082 Omnium
1229 3039 1322 3102 porro
1345 3024 1514 3085 orationum
1536 3025 1655 3087 illarum

278 3124 429 3186 senternia
453 3139 512 3186 una
527 3129 585 3200 est,
610 3121 795 3202 comparatio
811 3119 927 3182 scilicet
941 3119 1109 3182 Sacerdotii
1131 3119 1251 3204 legalis,
1274 3139 1340 3183 cum
1357 3121 1543 3185 Christiano:
1568 3140 1655 3186 com-

279 3221 439 3298 memlatio,
464 3220 617 3303 dignitatis
642 3219 754 3296 altaris,
777 3237 850 3298 prae
862 3219 998 3281 omnibus
1013 3219 1077 3281 aliis
1091 3221 1121 3281 in
1135 3219 1328 3282 Testamenta
1342 3223 1452 3284 veteri:
1476 3222 1655 3304 praesertim

281 3319 359 3398 quod
383 3337 489 3382 verum
513 3336 625 3400 carpus
650 3318 761 3381 Christi
784 3319 812 3379 in
837 3336 874 3379 eo
899 3326 1112 3395 consecretur,
1136 3327 1313 3398 reponatur,
1337 3326 1368 3380 et
1390 3320 1570 3398 immoletur,
1594 3337 1656 3381 aaa

279 3419 376 3478 minus
407 3437 494 3500 quam
523 3419 554 3479 ia
582 3437 673 3481 cruce
704 3425 734 3480 et
762 3418 791 3479 in
814 3415 967 3496 sepulcro.
1015 3415 1248 3480 commendatur
1270 3417 1385 3498 pariter
1408 3418 1656 3481 Sacerdotiuma

280 3515 399 3578 Christo
423 3518 599 3592 institutum,
623 3524 653 3579 ct
675 3535 731 3596 per
753 3515 920 3597 Apostolos
943 3515 1088 3578 Ecclesiis
1112 3515 1266 3592 traditum,
1290 3516 1376 3596 cujus
1400 3517 1576 3596 ministerio,
1600 3535 1655 3580 sa-

281 3616 425 3679 crificium
454 3617 549 3679 semel
572 3615 608 3679 ab
633 3634 670 3680 co
694 3616 826 3679 ablatum
848 3615 980 3696 quotidie
1003 3621 1186 3692 renovatur,
1209 3622 1240 3676 et
1263 3613 1393 3676 fidelium
1416 3616 1511 3678 oculis
1535 3633 1654 3697 propo-

279 3715 368 3780 nitur.
413 3716 652 3797 Deprecationes
676 3715 713 3778 ad
735 3714 841 3793 Deum,
865 3723 897 3778 ιιι
920 3715 1047 3795 Spiritus
1070 3716 1164 3778 sancti
1187 3716 1236 3777 sui
1258 3711 1384 3798 gratiam
1406 3717 1511 3792 mittat,
1534 3724 1594 3778 tum
1617 3715 1656 3778 ad

282 3814 416 3876 altarium
441 3816 719 3892 consecrationem,
750 3821 810 3876 tum
834 3833 926 3896 super
939 3814 1055 3894 noctes,
1079 3822 1111 3877 ιιι
1127 3833 1166 3876 ex
1182 3813 1239 3876 illis
1252 3815 1414 3895 percipere
1429 3813 1520 3896 digne
1535 3813 1656 3876 valeant
1703 3811 1715 3828 ⁸

282 3932 393 3996 corpus
416 3914 534 3977 Domini
558 3916 631 3979 lesu
657 3913 786 3994 Christi,
810 3913 891 3996 quod
914 3931 971 3995 pro
994 3914 1067 3996 ipsis
1091 3912 1230 3976 traditum
1254 3923 1311 3992 est,
1335 3922 1365 3975 et
1388 3915 1565 3995 sanguinem
1588 3911 1655 3992 ejus

284 4015 334 4096 qui
355 4033 412 4094 pro
435 4013 494 4075 illis
517 4014 711 4088 eliususcst.
838 4019 840 4025 ’

367 4113 439 4175 Post
462 4115 645 4192 orationem,
665 4133 723 4193 pro
745 4111 902 4190 Ecclesia,
931 4119 961 4172 et
985 4111 1097 4190 popula
1123 4112 1224 4190 fideli,
1251 4113 1358 4191 irnipit
1382 4111 1552 4191 Episcopus
1579 4132 1656 4176 con-

282 4213 480 4292 siqnalionem
504 4212 624 4273 tabulae
643 4232 701 4292 per
721 4213 890 4272 unctionem
913 4231 953 4271 ec
975 4209 1136 4271 cluismate
1159 4231 1217 4291 quo
1237 4212 1374 4291 pollicem
1399 4211 1501 4288 tinqit,
1525 4219 1555 4273 et
1575 4213 1660 4274 discit

279 4329 336 4389 per
357 4312 479 4372 eosdem
501 4312 615 4390 lineas,
638 4329 715 4392 quas
737 4312 769 4371 in
791 4310 911 4372 modum
934 4310 1036 4370 criseis
1065 4310 1286 4389 descripserat,
1314 4317 1403 4389 ntqne
1432 4309 1466 4370 id
1491 4307 1572 4386 facit
1600 4317 1657 4384 ter,

280 4410 437 4471 mmtando
460 4411 578 4470 interea
599 4411 767 4472 cersimdos
790 4428 830 4469 ec
859 4407 1004 4482 Psalmis,
1035 4405 1166 4488 Hymnus
1189 4414 1218 4468 et
1242 4407 1459 4486 Responsorio.
1504 4408 1560 4470 llis
1578 4427 1657 4487 pcr-

281 4510 359 4570 actis
388 4509 419 4568 si
436 4509 540 4586 plures
561 4516 631 4569 aunt
653 4509 790 4582 tabidae,
819 4507 956 4586 sinqulas
979 4507 1087 4568 ordine
1109 4526 1181 4581 sno,
1205 4525 1295 4568 unam
1317 4525 1409 4586 snper
1435 4507 1529 4569 aliam
1558 4509 1656 4570 callo-

281 4616 331 4670 cat
352 4609 383 4668 in
402 4613 493 4686 parte
515 4607 625 4668 altaris
646 4609 783 4681 sinistra,
806 4607 964 4686 siqnulqne
986 4624 1076 4666 unam
1098 4623 1243 4685 quamque
1265 4605 1351 4685 siquo
1374 4607 1489 4682 cmscis,
1512 4608 1656 4688 amimae

281 4707 410 4768 collocat
431 4725 523 4786 snper
545 4704 684 4777 tabulam.
700 4707 797 4785 ipsius
819 4706 946 4780 altoris,
969 4712 999 4766 et
1019 4705 1107 4779 dicit,
1131 4703 1286 4785 Signatum
1310 4709 1374 4782 est,
1398 4713 1536 4784 unctum,
1566 4706 1656 4788 sigil-

281 4803 450 4884 latumquc,
482 4804 576 4868 altare
608 4803 667 4867 hoc
705 4822 807 4868 coram
841 4804 987 4884 positum,
1018 4803 1048 4865 in
1078 4804 1196 4865 naariae
1225 4801 1339 4881 Patris,
1373 4803 1488 4878 Aurem
1519 4813 1550 4867 et
1578 4805 1656 4883 Filii,

281 4902 394 4977 Amen3
419 4911 449 4965 et
472 4903 600 4985 Spiritus
623 4905 734 4982 sancti,
759 4901 796 4966 ad
819 4903 1104 4966 consummationem
1127 4902 1328 4984 Litargiarum
1343 4910 1513 4965 sanctarum
1537 4905 1566 4966 in
1581 4923 1656 4966 sae·

283 5002 358 5081 cula,
383 5002 491 5064 Amen.
538 5001 661 5065 Ultimae
683 5002 753 5066 illae
776 5002 1022 5086 consignationes
1045 5001 1118 5064 imm
1140 4999 1177 5063 ab
1192 5001 1355 5083 Episcopo,
1380 5002 1409 5063 in
1427 5002 1494 5084 ipsa
1510 5003 1653 5066 unctione
