4804 6026
728 575 777 649 16
1105 574 1282 652 otoo
1336 572 1713 652 conmotis

723 773 803 859 peto
835 767 1065 836 remissionem
1101 766 1244 835 omnium
1277 764 1481 858 iniquitatum
1512 781 1679 851 mearum,
1718 759 1798 832 licet
1831 759 2003 852 indignus:
2036 759 2098 832 sed

725 880 872 953 obsecro
900 890 944 970 te,
971 891 1007 952 ut
1031 901 1237 976 praeserves
1272 888 1416 952 mentem
1448 900 1556 950 meam
1591 877 1632 950 ab
1661 875 1813 950 omnibus
1848 875 2097 973 operationibus

725 996 927 1070 adversarii:
961 995 1078 1068 oculos
1104 1017 1221 1084 meos,
1256 1017 1299 1068 ne
1327 997 1488 1089 aspiciant
1522 997 1795 1091 intemperanter:
1823 1015 1934 1082 aures,
1959 1014 2003 1064 ne
2030 1015 2097 1064 au-

724 1109 817 1181 diant
841 1133 897 1184 res
930 1110 1056 1184 futiles:
1089 1133 1206 1183 manus
1237 1131 1331 1182 meas
1366 1132 1386 1180 a
1417 1113 1666 1206 perpetratione
1697 1131 1809 1181 rerum
1844 1108 2030 1182 odibilium:
2063 1119 2097 1180 et

724 1244 825 1296 renes
851 1248 946 1302 meos
973 1239 1008 1298 ut
1033 1249 1095 1323 per
1122 1237 1155 1299 te
1181 1237 1399 1316 moveantur,
1427 1237 1581 1320 totusque
1608 1226 1650 1298 ad
1677 1235 1710 1297 te
1738 1229 1820 1318 sim,
1853 1237 1886 1298 et
1913 1247 1933 1298 a
1958 1235 1994 1297 tc
2019 1224 2097 1297 mihi

725 1341 928 1413 concedatur
955 1342 1075 1414 donum
1088 1346 1322 1438 mysteriorum
1339 1352 1469 1415 tuorum
1487 1341 1685 1432 divinorum,
1703 1363 1802 1430 nunc,
1828 1351 1890 1414 etc.

830 1458 1010 1529 osculatur
1035 1460 1178 1550 mudum
1204 1459 1338 1546 altaria,
1372 1465 1406 1529 et
1432 1458 1604 1529 accendit:
1638 1464 1673 1528 et
1705 1457 1852 1529 recoluit
1881 1456 1990 1528 uelum
2022 1461 2096 1527 stoc

725 1578 945 1667 tepmaentum
977 1579 1230 1666 mysteriorum:
1263 1575 1372 1644 celum
1406 1573 1494 1644 disci
1532 1574 1682 1644 collocat
1719 1575 1766 1644 cd
1807 1572 1896 1643 lutus
1928 1572 2098 1643 australe:

723 1687 832 1760 cetum
858 1690 979 1761 coticis
1003 1692 1050 1760 ad
1077 1689 1307 1778 occidentale,
1334 1696 1369 1762 et
1395 1689 1489 1760 elicit.

827 1805 990 1879 Dominus
1033 1809 1189 1898 regnavit
1227 1805 1385 1877 decorem
1417 1804 1547 1877 indutus
1580 1813 1648 1894 est,
1679 1805 1810 1876 indutus
1847 1812 1900 1874 est
1933 1804 2095 1876 Dominus
2151 1801 2156 1810 '

711 1917 961 2013 tortitudinem,
988 1932 1023 1994 et
1047 1921 1240 1995 fortitudine
1267 1925 1435 1994 accinctus
1462 1929 1524 1992 est.

1346 2179 1476 2250 Oratio

829 2384 930 2476 Agna
955 2403 1050 2480 pure,
1078 2395 1111 2457 et
1138 2383 1266 2481 absque
1292 2386 1421 2460 maculo
1458 2390 1512 2481 qui
1545 2397 1579 2458 te
1607 2384 1753 2458 obtulisti
1778 2384 1868 2456 Patri
1899 2392 1955 2455 tuo
1983 2387 2096 2455 sacri-

721 2499 831 2571 ficium
859 2499 1077 2596 acceptabile,
1103 2523 1166 2596 pro
1194 2501 1302 2574 salute
1337 2513 1372 2575 et
1397 2505 1629 2597 propitiatione
1664 2504 1764 2574 totius
1797 2499 1927 2572 mundi:
1960 2511 2096 2594 praesta

721 2613 820 2686 nobis
846 2623 883 2688 ut
909 2615 1086 2690 offeramus
1121 2617 1180 2689 tibi
1214 2640 1277 2692 nos
1312 2619 1404 2713 ipsos
1440 2619 1637 2692 sacrificium
1671 2618 1804 2706 vivum,
1842 2615 1930 2710 quod
1963 2615 2096 2711 placeat

722 2732 781 2805 tibi
813 2743 846 2804 et
880 2732 987 2806 simile
1022 2735 1065 2806 sit
1098 2735 1262 2807 sacrificio
1297 2745 1354 2807 tuo
1385 2756 1447 2830 pro
1474 2734 1589 2826 nobis,
1626 2732 1757 2806 Christe
1791 2732 1884 2805 Deus
1915 2743 2030 2805 noster
2061 2736 2097 2804 in

723 2847 869 2920 saecula.

825 2964 1002 3038 Sacerdos
1026 2972 1122 3037 etuas
1148 2966 1240 3037 dicet
1272 2968 1462 3038 orationem
1488 2987 1577 3059 quoe
1608 2967 1744 3058 incipit,
1773 2963 1936 3036 Memoria
1961 2964 2096 3038 Domini

722 3091 757 3153 et
781 3081 847 3153 Dci
872 3085 987 3154 nostri.
1041 3082 1182 3154 Discum
1207 3085 1383 3154 inveniens
1404 3085 1553 3176 positum
1579 3085 1614 3152 irc
1637 3087 1741 3174 purte
1768 3082 1919 3168 dolebo,
1954 3081 2096 3152 calicem

721 3200 757 3268 ir:
783 3200 938 3288 maistre,
965 3199 1122 3270 mandit
1145 3221 1263 3270 manue
1287 3221 1368 3270 setas
1394 3201 1430 3267 ia
1452 3201 1599 3291 [orarum
1625 3200 1748 3284 crucis,
1776 3196 1904 3266 dextro
1930 3199 2094 3268 sinistrae

721 3317 954 3406 superposita:
987 3320 1054 3384 tum
1087 3315 1214 3384 dextro
1249 3315 1375 3384 disemo
1409 3315 1571 3400 sustinet,
1607 3315 1752 3384 sinistra
1792 3311 1953 3400 culicem,
1988 3338 2095 3408 supro

718 3434 854 3519 purtem
880 3429 1003 3502 ultoria
1029 3432 1065 3500 ia
1093 3451 1161 3524 qun
1187 3429 1305 3499 tabula
1330 3429 1448 3520 tofina
1474 3433 1542 3515 est,
1569 3449 1679 3520 neque
1711 3449 1771 3499 eoa
1797 3425 1952 3521 deponit,
1986 3431 2094 3504 donec

721 3542 909 3616 obsoluerit
935 3549 1127 3617 orationem
1152 3545 1242 3615 hanc
1267 3544 1472 3637 perscrutetur,
1500 3566 1588 3637 quoe
1613 3546 1774 3636 sequitur.

825 3659 1021 3732 Memoriam
1057 3663 1191 3733 Domini
1223 3660 1287 3732 Dei
1323 3671 1356 3733 et
1390 3659 1578 3733 Salvatoris
1618 3663 1724 3732 nostri
1759 3659 1841 3733 Jesu
1878 3659 1999 3734 Christi
2033 3673 2094 3735 to-

721 3780 851 3872 tiusque
879 3780 951 3870 ejus
979 3776 1234 3872 dispensationis
1263 3776 1455 3852 salutiferae
1481 3797 1541 3871 pro
1571 3774 1670 3847 nobis
1697 3778 1837 3868 agimus.
1889 3777 1981 3849 Ecce
2008 3783 2094 3851 enim

585 3909 588 3916 ·
721 3894 976 3966 annuntiationis
1004 3894 1076 3984 ejus
1095 3915 1158 3989 per
1174 3893 1423 3986 Archangelum
1440 3891 1601 3984 Vigilem:
1628 3894 1809 3964 nativitatis
1827 3894 1900 3984 ejus
1917 3896 1951 3964 in
1972 3915 2093 3966 carne:
2180 3893 2187 3908 ⁸

719 4007 875 4105 baptismi
902 4010 974 4100 ejus
1002 4011 1036 4079 in
1062 4008 1225 4082 Jordane:
1251 4013 1419 4106 passionis
1447 4010 1519 4101 ejus
1546 4007 1721 4081 salutaris:
1748 4007 1946 4082 elevationis
1974 4012 2045 4102 ejus
2060 4013 2094 4082 in

722 4147 839 4197 cruce:
866 4128 981 4198 mortis
1008 4127 1080 4217 ejus
1106 4125 1281 4198 vivificae:
1309 4125 1498 4221 sepulturae
1525 4127 1598 4217 ejus
1624 4123 1813 4217 gloriosae:
1840 4128 2094 4198 resurrectionis

721 4241 933 4338 praeclarae:
967 4243 1175 4314 ascensionis
1208 4244 1241 4312 in
1276 4242 1425 4332 coelum,
1462 4243 1689 4336 sessionisque
1725 4243 1797 4334 ejus
1837 4241 1878 4314 ad
1920 4241 2094 4314 dexteram

721 4360 786 4432 Dei
812 4357 932 4449 Patris,
956 4361 1052 4450 juxta
1080 4358 1224 4430 divinum
1253 4361 1324 4451 ejus
1352 4357 1394 4430 ad
1414 4379 1476 4430 nos
1494 4368 1718 4453 praeceptum,
1746 4362 2094 4430 commemorationem

722 4497 809 4546 nunc
836 4473 1064 4564 celebramus,
1098 4495 1199 4568 super
1224 4472 1467 4546 Eucharistiam
1499 4477 1596 4546 istam
1623 4496 1709 4568 quae
1741 4497 1855 4546 coram
1881 4472 1979 4546 nobis
2006 4494 2093 4569 pro-

721 4594 831 4687 posita
858 4602 918 4664 est.
971 4592 1157 4685 Praecipue
1184 4600 1295 4662 autem
1321 4593 1515 4663 memoriam
1541 4593 1670 4682 agimus
1696 4592 1800 4685 patris
1827 4593 1934 4662 nostri
1960 4590 2093 4678 Adurni,

723 4719 758 4782 et
782 4709 896 4780 matris
922 4717 1057 4780 nostrae
1084 4705 1196 4777 Evae:
1224 4717 1361 4778 sanctae
1387 4710 1557 4799 genitricis
1581 4705 1647 4777 Dei
1672 4705 1815 4778 Mariae:
1842 4705 2094 4800 Prophetarum,

688 4889 691 4894 .
722 4822 983 4919 Apostolorum,
1010 4821 1302 4913 Praedicatorum,
1327 4821 1639 4914 Evangelistarum,
1666 4821 1871 4918 Martyrum,
1900 4819 2093 4894 Contesso-

722 4963 805 5028 rum,
833 4939 1015 5029 Justorum,
1041 4939 1260 5011 Sacerdotum
1287 4947 1322 5009 et
1347 4938 1480 5011 Patmm
1500 4947 1711 5012 sanctorum:
1726 4938 1902 5010 Pastorum
1921 4961 2093 5028 verorum,

722 5058 908 5130 Doctorum
934 5054 1223 5130 orthodoxorum:
1249 5055 1479 5129 Solitariornm
1506 5063 1541 5128 et
1567 5054 1819 5128 Monachorum:
1853 5077 1967 5128 eorum
1995 5058 2093 5128 etiam
