4804 6026
649 603 679 679 S.
705 600 841 679 ιῘΑΟΟΒΙ
866 599 1054 680 APOSTOLI
1077 603 1234 682 FRATRIS
1260 605 1404 682 DOMINI.
1666 607 1717 682 37

333 794 451 884 gione,
480 789 594 884 quiin
620 787 685 861 fide
714 811 799 861 vera
831 787 959 886 pridem
993 787 1241 864 obdormientes
1277 793 1495 886 quieverunt,
1532 801 1567 863 et
1599 792 1642 865 ad
1678 803 1719 866 te·

332 905 441 978 Deum
467 904 645 977 Dominum
679 907 848 1002 spirituum
882 915 916 975 et
949 909 1056 978 omnis
1096 909 1205 979 carnis
1239 919 1473 1002 pervenerunt
1529 909 1722 1003 Rogamus,

332 1019 570 1116 imploramus,
597 1029 631 1092 et
657 1019 877 1117 deprecamur
909 1017 1075 1094 Christum
1101 1021 1209 1093 Deum
1234 1032 1397 1112 nostrum,
1425 1027 1480 1119 qui
1499 1029 1647 1122 suscepit
1669 1026 1713 1099 ad

334 1160 371 1210 se
399 1140 526 1208 animas
555 1145 587 1207 et
614 1139 748 1232 spiritus
776 1158 910 1226 eorum,
938 1145 974 1207 ut
999 1158 1060 1231 per
1086 1141 1319 1211 miserationes
1354 1159 1433 1212 suas
1461 1139 1580 1212 multas
1607 1163 1718 1236 prae-

335 1262 400 1325 stet
426 1251 502 1324 illos
529 1252 651 1344 dignos
677 1253 778 1325 venia
804 1249 998 1323 delictorum
1026 1261 1060 1324 et
1085 1255 1284 1325 remissione
1317 1251 1547 1348 peccatorum:
1581 1277 1714 1351 nosque

333 1376 367 1439 et
393 1367 468 1440 illos
494 1372 676 1463 pervenire
702 1367 804 1440 iaciat
830 1367 872 1439 ad
897 1389 1039 1459 regnum
1058 1391 1161 1442 sumn
1188 1371 1221 1439 in
1237 1367 1353 1440 coelis.
1407 1368 1459 1440 Ea
1478 1380 1617 1464 propter
1634 1372 1713 1443 cla-

335 1505 463 1570 memus
490 1493 523 1554 et
550 1483 698 1558 dicamus
725 1483 830 1582 llyrie
859 1471 987 1555 eleison
1015 1489 1077 1554 ter.

439 1599 617 1670 Sacerdos
661 1600 853 1671 inclinatus.
906 1597 1075 1669 Memento
1117 1599 1232 1686 etiam,
1285 1598 1450 1687 Domine,
1494 1598 1713 1674 Sacerdotum

335 1712 622 1806 Orthodoxorum,
660 1714 787 1811 pridem
841 1713 1087 1803 deiunctomm,
1125 1713 1352 1785 Diaconomm
1393 1723 1428 1785 et
1472 1711 1711 1787 Subdiacono-

332 1852 425 1920 rum,
466 1829 669 1921 Psaltarum,
709 1831 910 1919 Lectorum,
943 1828 1178 1924 interpretum,
1206 1827 1404 1917 Cauiorum,
1444 1827 1708 1919 Exoroistarum,

331 1944 583 2034 Monacborum,
611 1945 878 2038 Religiosorum,
913 1943 1129 2031 Auditorum,
1165 1944 1340 2035 Virginum
1381 1953 1634 2040 perpetuamm‚
1678 1957 1713 2018 et

193 2079 196 2088 ’
332 2059 571 2150 saecularium,
608 2066 663 2158 qui
695 2066 728 2133 in
760 2062 826 2133 lide
852 2083 936 2133 vera
967 2058 1113 2130 defuncti
1140 2069 1232 2148 sunt,
1266 2069 1300 2130 et
1340 2081 1455 2132 eorum
1483 2079 1567 2155 quos
1601 2084 1711 2133 unus-

333 2180 471 2272 quisque
505 2175 659 2268 desr'gnat
691 2181 811 2250 animo.
872 2178 1024 2250 Eleocus
1056 2200 1181 2249 cocere.
1234 2178 1378 2250 Domine
1412 2179 1505 2251 Deus
1538 2181 1709 2274 spirituum

332 2300 365 2363 et
390 2295 498 2365 omnis
526 2295 656 2384 carnis,
684 2296 828 2366 omnium
854 2304 1021 2367 memento
1050 2315 1188 2388 quorum
1223 2297 1449 2382 meminimus,
1486 2297 1541 2389 qui
1575 2297 1608 2363 in
1643 2291 1712 2362 fide

331 2406 528 2481 Ortbodoxa
556 2431 602 2480 ex
627 2407 692 2480 bac
717 2411 787 2479 vito
815 2411 1015 2503 migrammt,
1043 2407 1084 2480 da
1112 2407 1303 2499 animabus,
1330 2409 1529 2506 corporibus
1548 2419 1582 2480 et
1601 2409 1730 2502 spiri-0

329 2524 415 2596 tibus
445 2523 575 2598 illorum
600 2527 768 2619 requiem,
795 2524 941 2599 liberans
968 2547 1030 2601 eos
1058 2547 1078 2595 a
1106 2523 1315 2597 damnatione
1341 2526 1465 2598 infinita
1492 2535 1644 2612 venturo,
1676 2531 1714 2593 et

332 2639 452 2732 dignos
480 2641 624 2718 efficiens
651 2639 774 2734 gaudio
803 2641 891 2736 quod
919 2645 1030 2720 estin
1058 2643 1131 2713 sinu
1156 2638 1350 2732 Abrabam,
1385 2641 1482 2714 Isaac
1516 2651 1549 2711 et
1581 2635 1708 2711 Jacob:

330 2754 384 2826 ubi
418 2756 570 2852 splendet
600 2755 709 2828 lumen
736 2757 848 2828 vultus
876 2760 938 2847 tui,
966 2753 1053 2829 unde
1080 2755 1197 2850 procul
1233 2765 1308 2828 sunt
1339 2755 1494 2845 dolores,
1532 2755 1713 2848 angustiae

332 2881 363 2942 et
396 2875 560 2963 gemitus,
591 2893 659 2944 non
696 2883 853 2967 reputans
887 2872 951 2944 illis
986 2877 1097 2945 omnia
1134 2872 1264 2946 delicta·
1289 2874 1429 2946 illorum.
1482 2873 1558 2948 Non
1593 2883 1706 2946 autem
1784 2879 1787 2888 '

330 2989 433 3059 intres
460 2990 494 3058 in
517 2987 675 3080 judicium
702 3010 777 3059 oum
804 2991 914 3060 servis
941 2993 1022 3079 tuis,
1050 2993 1209 3084 quianon
1224 2988 1456 3082 justificabitur
1473 2993 1507 3061 in
1523 2999 1710 3085 conspectu

331 3113 386 3176 tuo
414 3106 522 3177 omnis
548 3106 690 3192 vivens,
716 3125 780 3174 nec
805 3102 891 3178 ullus
919 3115 971 3177 est
997 3128 1017 3176 a
1043 3109 1173 3202 peccati
1201 3105 1298 3202 culpa
1312 3108 1478 3194 immunis,
1504 3114 1560 3177 aut
1587 3128 1711 3178 asor-

333 3218 427 3292 dibus
453 3241 575 3314 purus,
602 3242 647 3292 ex
673 3215 859 3292 hominibus
886 3224 942 3314 qui
970 3243 1071 3317 super
1097 3229 1219 3294 terram
1234 3231 1326 3308 sunt,
1352 3223 1416 3292 nisi
1442 3243 1525 3291 unus
1542 3219 1708 3293 Dominus

332 3346 448 3411 noster
478 3335 579 3408 Jesus
616 3333 766 3408 Christus
801 3339 990 3426 unigenitus
1030 3335 1114 3408 iilius
1150 3349 1243 3424 tuus,
1278 3359 1340 3431 per
1374 3358 1472 3430 quem
1505 3355 1568 3407 nos
1606 3340 1709 3406 etiam

332 3449 595 3524 misericordiam
622 3461 656 3522 et
681 3451 915 3525 remissionem
947 3461 1161 3547 peccatorum
1194 3453 1355 3546 consequi
1392 3471 1583 3545 speramus,
1620 3472 1708 3544 quae

332 3577 469 3662 propter
495 3588 571 3638 eum
600 3575 670 3656 est,
698 3575 731 3636 et
756 3565 855 3638 nobis
883 3575 918 3637 et
943 3567 1017 3638 illis.

436 3682 597 3776 Populus.
625 3680 777 3767 Quietem
804 3691 940 3777 praesta
976 3681 1059 3772 illis,
1094 3692 1127 3754 et
1162 3684 1327 3779 propitius
1361 3690 1454 3770 esto,
1495 3687 1529 3751 et
1562 3679 1709 3769 dimitte,

332 3797 443 3886 Deus,
471 3801 675 3894 insipientias
703 3806 736 3868 et
762 3797 910 3871 delectus
947 3800 1090 3872 omnium
1122 3808 1289 3888 nostrum,
1322 3801 1396 3870 sive
1431 3799 1590 3883 scienter,
1625 3798 1700 3868 sive
1791 3847 1794 3853 u

333 3916 545 4006 ignoranter,
572 3922 636 3985 etc.
1255 3991 1259 3998 ,

436 4029 613 4100 Sacerdos
638 4028 830 4100 inclinatus.
866 4028 1025 4120 Remitto,
1053 4027 1186 4114 dimitte,
1214 4031 1365 4120 ignosce,
1393 4027 1543 4116 oDeus,
1569 4034 1710 4120 peccata

334 4147 476 4218 omniurn
513 4154 664 4218 nostrum
701 4145 891 4217 voluntaria
927 4155 960 4217 et
993 4145 1236 4237 involrmtaria,
1272 4147 1417 4218 scienter
1449 4153 1482 4214 et
1513 4146 1710 4234 ignoranter
1742 4219 1746 4227 f

334 4262 523 4352 commissa,
549 4260 669 4350 verbo,
697 4282 813 4356 opere,
841 4270 897 4332 aut
912 4264 1129 4353 cogitatione,
1157 4260 1286 4334 occulta
1303 4269 1337 4330 et
1348 4269 1440 4347 nota,
1467 4256 1612 4353 publice,
1639 4279 1709 4327 an-

332 4381 440 4473 tiqua,
466 4397 528 4472 per
555 4399 705 4450 errorem
731 4376 875 4450 admissa
904 4387 937 4450 et
965 4380 1075 4449 omnia
1110 4398 1195 4470 quae
1222 4361 1317 4447 novit
1351 4396 1472 4447 nomen
1499 4382 1587 4444 tuum
1621 4393 1708 4444 san-

332 4505 428 4566 ctum.
485 4492 636 4564 Eleocas
668 4514 793 4564 vocem.
846 4493 962 4564 Finem
997 4479 1098 4585 igitur
1130 4490 1229 4563 nobis
1266 4486 1486 4574 Christianum
1523 4508 1706 4576 conserva,

333 4621 364 4682 et
400 4613 474 4681 sine
508 4617 671 4704 peccato3
706 4629 920 4700 congregans
953 4629 1018 4680 nos
1062 4605 1177 4680 subter
1210 4605 1314 4703 pedes
1349 4605 1529 4676 electorum
1564 4613 1708 4690 tuorum,

333 4721 482 4818 quando,
508 4723 578 4813 ubi,
604 4734 638 4795 et
664 4727 750 4796 sicut
776 4719 943 4796 volueris:
969 4722 1195 4796 tantummodo
1214 4719 1384 4794 absconde
1399 4740 1460 4790 nos
1478 4715 1708 4790 aconlusione

332 4841 536 4934 iniquitatum
561 4850 767 4926 nostrarum,
794 4847 830 4910 ut
856 4843 956 4911 etiam
981 4843 1015 4910 in
1041 4837 1122 4927 hoc,
1156 4838 1250 4910 velut
1282 4841 1316 4907 in
1349 4833 1519 4922 omnibus,
1554 4830 1707 4903 laudetur

334 4965 366 5026 et
393 4954 581 5027 celebretur
606 4977 728 5029 nomen
754 4962 843 5026 tuum
875 4953 1164 5028 honoratissimum
1198 4964 1232 5024 et
1262 4951 1472 5027 benedictum
1505 4959 1538 5021 et
1571 4946 1707 5018 Domini

332 5073 439 5143 nostri
466 5070 546 5143 lesu
574 5069 696 5176 Christi
723 5080 757 5142 et
783 5069 925 5167 Spiritus
951 5075 999 5142 tui
1025 5073 1140 5143 sancti.

1450 5180 1501 5255 8.
