4814 6060
646 557 651 564 ’
696 585 833 662 ersnn
858 585 911 688 nn
933 585 1116 663 semrom
1143 586 1319 663 imaum
1346 589 1460 664 traso
1687 591 1787 664 sco

489 771 675 844 Sacerdos.
728 769 772 842 Et
797 793 860 844 nos
893 773 1007 845 miseri
1040 781 1239 870 peccatores
1275 777 1447 867 consecuti
1480 777 1622 868 gratiam
1660 787 1761 868 tuam,

386 891 513 979 gratias
541 891 670 981 agimus
696 887 755 960 tibi
783 887 825 959 de
852 887 1013 960 omnihus*
1031 900 1065 962 et
1091 913 1153 985 pro
1181 889 1344 962 omnihus.

490 1003 653 1097 Populus.
706 1003 757 1075 Te
784 1002 974 1091 laudamus,
1001 1003 1060 1077 tihi
1086 1005 1329 1093 benedicimus,
1365 1016 1399 1077 te
1426 1005 1624 1098 adoramus,
1652 1011 1762 1083 ohse-

387 1141 586 1214 cramusque
611 1119 756 1191 Domine
782 1119 889 1208 Deus,
916 1128 951 1190 ut
976 1142 1097 1215 parcas
1124 1120 1221 1192 nohis
1249 1123 1506 1216 miserearisqne
1533 1125 1648 1194 nostri.

297 1231 301 1240 ’
489 1235 678 1306 Diaconos.
733 1233 839 1322 Quam
867 1235 1061 1307 veneranda
1089 1245 1141 1309 est
1166 1234 1249 1308 hora
1276 1239 1358 1326 ista,
1391 1247 1425 1309 et
1455 1236 1520 1310 hoc
1547 1247 1674 1334 tempus
1702 1239 1759 1311 di-

385 1350 569 1440 lectissimi,
596 1374 670 1422 cnm
704 1349 846 1445 Spiritus
874 1353 975 1423 vivus
1003 1361 1036 1422 ct
1062 1350 1197 1424 sanctus
1225 1374 1244 1424 e
1272 1356 1435 1447 supremis
1463 1353 1634 1427 coelorum
1663 1354 1759 1427 sedi-

384 1463 447 1537 hns
474 1465 656 1554 descendit,
684 1476 783 1562 atque
809 1464 955 1558 incubat,
983 1479 1160 1562 memetque
1183 1489 1285 1563 super
1306 1467 1390 1539 hanc
1411 1467 1652 1542 Eucharistiam
1671 1495 1759 1568 pro-

385 1585 540 1679 positam,
568 1603 709 1676 eamque
735 1593 921 1656 consecrat.
975 1582 1092 1656 Tacite
1117 1585 1218 1675 igitur
1245 1593 1277 1656 et
1303 1595 1512 1657 reverenter.
1528 1595 1632 1656 orote.

591 1958 768 2032 Sacerdos
793 1959 985 2032 inclinatus.
1039 1962 1220 2034 invocatio
1246 1963 1399 2056 Spiritus
1423 1968 1545 2036 sancti.

489 2161 682 2257 Propterea
699 2163 844 2236 Domine
870 2174 905 2235 et
930 2139 993 2254 nos
1015 2165 1128 2234 miseri
1151 2174 1185 2237 et
1204 2167 1373 2260 peregrini
1392 2175 1490 2262 atque
1515 2165 1646 2239 inutiles
1665 2170 1759 2240 servi

385 2282 447 2370 tui,
484 2299 567 2372 quos
594 2278 748 2370 dignatus
776 2301 812 2353 es
841 2279 1053 2352 administros
1081 2301 1159 2352 esse
1186 2289 1477 2356 sacrosanctorum
1510 2284 1759 2378 mysteriorum,

384 2396 645 2490 passionumque
670 2393 793 2467 Christi
820 2401 877 2488 tui,
904 2418 971 2470 non
999 2397 1129 2491 quidem
1157 2406 1296 2494 propter
1317 2399 1477 2489 justitiam
1505 2406 1672 2470 nostram:
1700 2400 1758 2468 ni-

383 2509 426 2582 hit
460 2514 548 2582 enim
579 2511 659 2584 honi
694 2514 823 2603 egimus
857 2534 958 2608 super
992 2523 1131 2603 terram,
1158 2512 1220 2584 scd
1245 2535 1307 2609 per
1333 2513 1593 2587 misericordiam
1622 2524 1656 2586 ct
1682 2512 1758 2585 cle-

387 2629 542 2698 mentiam
569 2635 671 2716 tuam,
698 2648 781 2721 quas
809 2627 931 2700 affatim
959 2627 1100 2702 effudisti
1126 2651 1227 2726 snper
1253 2650 1327 2717 nos,
1356 2652 1429 2700 cum
1456 2627 1575 2701 fiducia
1597 2633 1666 2724 jam
1695 2653 1760 2701 ac-

384 2743 550 2828 cedimus,
581 2752 617 2813 ut
643 2746 875 2835 contingamus
903 2741 1008 2814 altare
1033 2754 1123 2816 tuum
1151 2753 1308 2818 sanctum.
1362 2743 1407 2815 Et
1440 2747 1496 2839 qui
1522 2747 1758 2840 proposuimus

384 2869 500 2954 typum
527 2859 679 2952 corporis
707 2868 741 2930 et
767 2861 938 2951 sanguinis
966 2858 1088 2940 Christi
1115 2863 1180 2948 tui;
1216 2857 1394 2932 adoremus
1431 2883 1471 2932 ac
1499 2859 1666 2955 supptices
1694 2882 1759 2932 ro-

383 2995 501 3066 gamus
529 2981 580 3061 te,
606 2996 667 3070 per
693 2973 849 3056 honitatis
877 2983 954 3045 tuae
981 2972 1238 3066 benignitatem:
1266 2975 1381 3046 veniat
1408 2985 1542 3047 sanctus
1570 2985 1645 3049 tuns
1672 2975 1758 3071 Spi-

383 3091 465 3160 ritus
492 3111 595 3185 super
620 3112 701 3178 nos,
729 3099 763 3160 et
789 3088 1001 3185 superhaec
1028 3112 1115 3184 quae
1141 3091 1375 3186 proposuimus
1404 3089 1507 3179 dona,
1536 3114 1577 3163 ac
1604 3089 1758 3163 sanctiti-

388 3216 441 3277 cet
467 3209 560 3301 ipsa,
587 3206 789 3300 sublataque
815 3226 900 3276 noce
925 3204 1069 3276 Domine
1096 3206 1219 3278 exaudi
1246 3226 1310 3275 me.

490 3320 652 3414 Populus.
706 3321 812 3417 Kyrie
842 3320 980 3392 eleison.

489 3436 675 3509 Sacerdos.
728 3435 772 3508 Et
799 3437 918 3509 efficiat
944 3457 1065 3532 panem
1096 3437 1213 3527 istum,
1246 3457 1369 3532 corpus
1406 3435 1588 3528 gloriosum
1624 3436 1759 3510 Domini

385 3554 491 3626 nostri
517 3553 599 3626 Jesn
628 3552 773 3642 Christi,
804 3574 927 3648 corpus
955 3550 1122 3640 coeleste,
1154 3574 1276 3647 corpus
1311 3555 1404 3624 vitae
1435 3551 1600 3640 efficiens,
1635 3573 1759 3650 corpus

384 3671 579 3764 pretiosum,
606 3672 639 3739 in
666 3671 891 3763 expiationem
919 3666 1089 3763 culparum
1116 3677 1150 3738 et
1175 3669 1407 3740 remissionem
1433 3678 1668 3765 peccatorum,
1698 3674 1757 3742 vi-

383 3792 516 3880 temque
543 3794 714 3857 aeternum
740 3786 782 3856 iis
809 3786 863 3879 qui
892 3786 1065 3878 accipiunt.

488 3900 650 3995 Populus.
703 3903 825 3974 Amen.
1070 3895 1076 3907 “
1583 3959 1586 3964 ,

489 4016 674 4090 Sacerdos.
725 4017 778 4090 Et
796 4017 932 4089 codicem
959 4014 1062 4104 hunc,
1096 4018 1291 4108 sanguinem
1324 4018 1506 4112 pretiosum
1534 4014 1667 4085 Domini
1694 4015 1758 4085 Dei
1820 4015 1824 4038 '

384 4136 557 4225 regnantis
584 4156 687 4229 super
713 4135 824 4206 onmia
850 4132 932 4210 Jcsn
961 4125 1102 4223 Christi,
1129 4135 1325 4223 sanguinem
1351 4131 1584 4219 redimentem,
1614 4131 1757 4221 sangni-

384 4269 461 4320 nem
488 4251 577 4320 vitue
604 4249 809 4338 efficientem,
837 4250 1031 4340 sangninem
1060 4249 1262 4343 expiantem,
1289 4250 1344 4342 qai
1362 4247 1485 4319 etinsus
1505 4254 1557 4318 est
1582 4267 1645 4340 pro
1672 4244 1780 4316 red-v

387 4366 554 4460 emptione
587 4374 623 4436 et
655 4367 724 4435 vite
759 4364 887 4450 mundi,
927 4366 960 4434 in
996 4365 1220 4458 expiationem
1256 4363 1425 4458 culparum
1461 4372 1495 4435 et
1528 4362 1758 4433 remissionem

385 4490 612 4575 peccatorum,
639 4483 809 4574 vitamque
836 4489 1006 4552 aeternam
1032 4481 1073 4552 iis
1100 4481 1155 4574 qni
1181 4481 1354 4574 accipiunt.

488 4595 651 4689 Populus.
703 4598 823 4670 Amen.

488 4711 673 4784 Sacerdos.
708 4711 781 4784 Nos
809 4721 916 4784 autem
946 4713 1001 4806 qni
1028 4710 1069 4782 de
1096 4731 1162 4782 uno
1189 4731 1278 4805 pane
1304 4711 1407 4800 vitae,
1435 4720 1468 4782 et
1495 4710 1601 4782 catice
1619 4707 1758 4780 redem-

386 4831 510 4925 ptionis
537 4832 744 4924 accepimnS,
773 4850 838 4922 quo
865 4831 951 4899 inter
977 4849 1040 4901 nos
1068 4826 1268 4916 adunemur,
1295 4825 1434 4916 dignare
1461 4827 1759 4898 communicatione

387 4943 531 5040 Spiritus
558 4948 681 5018 sancti:
709 4965 817 5038 neque
844 4953 993 5015 nostrum
1021 4945 1194 5038 quisquam
1222 4944 1254 5012 in
1281 4938 1588 5012 condemnationem
1611 4943 1662 5013 sui
1682 4938 1760 5012 edat

367 5072 442 5133 ¹aut
468 5058 576 5151 bibat,
610 5071 748 5156 propter
780 5058 1015 5132 multitudinem
1041 5067 1255 5155 peccatorum
1283 5066 1488 5144 nostrorum3
1526 5054 1586 5126 sed
1621 5041 1759 5126 miseri-

1462 5171 1509 5243 72
1531 5170 1551 5206 ”
