4784 6040
637 586 1476 666 toltltssstsoutrtsts.
1665 589 1742 666 429

477 773 627 846 Elcccus
657 795 782 845 cocere
839 774 1008 848 Memento
1041 778 1139 847 etiam
1166 776 1310 848 Domine
1342 775 1474 849 illorum
1510 778 1565 871 qui
1590 779 1624 850 in
1651 802 1742 874 quc-

373 913 515 985 cumque
540 889 617 963 loco
644 889 785 962 oderunt
809 888 936 964 fructus
952 894 987 962 in
1002 889 1165 964 Ecclesiis
1184 895 1261 980 tuis,
1287 897 1343 987 qui
1370 891 1625 968 necessitatibus
1650 917 1741 989 pau·

373 1029 491 1103 perum
518 1007 771 1094 communicant,
802 1017 836 1078 et
862 1006 1018 1080 bonitatis
1044 1018 1121 1078 tuae
1148 1006 1392 1081 similitudinem
1418 1007 1592 1103 quamdam
1621 1013 1742 1106 expri-

374 1131 476 1210 munt,
504 1130 657 1216 quantum
685 1126 846 1194 creaturis
873 1122 1033 1218 possibile
1059 1134 1122 1211 est,
1142 1145 1204 1219 per
1223 1122 1524 1220 eleemosynarum,
1550 1135 1584 1196 et
1604 1148 1743 1220 operum

373 1238 624 1311 misericordiae
651 1241 747 1310 varia
773 1260 909 1330 gauere.
961 1238 1087 1313 Eorum
1116 1242 1215 1310 etiam
1242 1243 1298 1336 qui
1331 1244 1440 1314 auimo
1474 1240 1605 1334 quidem
1635 1264 1742 1337 prae-

373 1358 498 1450 parati,
526 1377 594 1428 uon
620 1355 805 1429 habueruut
830 1356 918 1428 uude
944 1355 1112 1444 offerrent,
1139 1354 1244 1426 solum
1272 1365 1382 1428 autem
1414 1355 1614 1430 desiderium
1647 1381 1742 1432 suum

373 1469 684 1544 demonstraverunt
710 1470 780 1560 tibi,
807 1471 937 1544 olicus
965 1474 1019 1567 qui
1046 1471 1133 1544 nosti
1148 1469 1263 1552 corda
1290 1481 1477 1560 eorum,›et
1502 1473 1628 1569 probas
1655 1472 1741 1546 abs-

372 1585 522 1674 condita,
544 1595 577 1658 et
601 1585 756 1659 retribuis
784 1589 960 1682 uuicuique
975 1588 1180 1683 voluptatem
1203 1586 1422 1660 abundantem
1437 1587 1600 1661 bonorum
1619 1590 1740 1662 coele·

372 1704 470 1773 stium
497 1712 531 1773 et
556 1701 654 1774 linem
680 1724 746 1776 uon
773 1700 981 1792 habentium
1007 1724 1047 1774 ea
1070 1704 1168 1774 etiam
1187 1725 1273 1798 quae
1291 1703 1343 1775 hic
1360 1713 1435 1778 sunt
1450 1727 1525 1778 cum
1543 1705 1741 1780 abundantia

372 1816 639 1891 subministrans:
668 1823 744 1914 quia
771 1831 805 1892 tu
832 1841 871 1890 es
897 1818 1037 1912 largitor
1063 1822 1207 1892 omnium
1225 1817 1401 1909 bonorum,
1429 1832 1462 1892 et
1482 1820 1578 1894 dator
1597 1827 1740 1896 omnium

371 1932 650 2024 benedictionum,
677 1933 804 2031 absque
830 1935 965 2024 invidia,
992 1946 1026 2007 et
1052 1932 1110 2006 tibi
1137 1934 1280 2028 glorium
1306 1946 1341 2008 et
1365 1933 1496 2008 laudem
1522 1936 1706 2012 referimus.

476 2049 638 2143 Populus.
690 2053 811 2125 Amen.

474 2165 650 2239 Sacerdos
675 2169 867 2242 inclinat-us.
906 2169 1246 2242 Mementollomine
1272 2189 1420 2241 coronae
1447 2173 1524 2241 anui
1549 2194 1610 2267 per
1636 2171 1739 2245 baui-

372 2285 530 2375 guitatem
562 2293 672 2371 tuam,
704 2283 836 2379 pluvias
868 2285 1024 2382 pacificas
1057 2297 1245 2381 opportune
1276 2283 1484 2375 concedens,
1516 2309 1614 2361 rores
1641 2292 1737 2361 etiam

372 2401 612 2472 couvenientes
639 2401 848 2494 pinguedinis
875 2414 969 2491 tuae,
1005 2411 1152 2474 aestates
1178 2401 1258 2474 nulli
1284 2398 1430 2473 delectui
1457 2400 1641 2490 obnoxias,
1678 2403 1739 2478 sed

370 2517 530 2587 immunes
564 2513 606 2588 ab
641 2528 736 2588 aestu
767 2521 886 2610 nimio,
924 2529 958 2591 et
993 2517 1269 2612 aegritudinibus:
1301 2516 1533 2590 abundantiam
1565 2517 1738 2591 duviorum

370 2631 517 2726 paradisi
543 2630 680 2704 Edenici
706 2643 741 2705 et
767 2632 924 2708 aliorum:
950 2642 1133 2730 proventus
1159 2633 1323 2707 fructuum
1350 2637 1406 2728 qui
1425 2632 1586 2708 sufficiant
1610 2632 1652 2705 ad
1670 2632 1738 2704 uli-

371 2757 514 2820 mentum
541 2769 603 2843 per
634 2759 736 2820 totum
770 2773 888 2824 annum
923 2750 1143 2843 siugrdarem,
1178 2749 1380 2840 naturalem,
1416 2750 1502 2823 adeo
1536 2761 1572 2822 ut
1604 2749 1739 2822 alterius

371 2866 448 2935 anni
473 2873 671 2959 proventum
697 2869 797 2938 etiam
823 2877 976 2963 superet:
1016 2869 1140 2945 bonam
1166 2869 1264 2939 etiam
1299 2868 1387 2940 acris
1421 2869 1615 2963 temperiem
1649 2889 1738 2940 cou-

256 2999 264 3010 ·
371 2978 462 3050 cede.
497 2978 684 3052 Consolare
709 2986 907 3076 paucitatem
934 2982 1060 3056 dierum
1086 2984 1180 3055 vitae
1195 2991 1342 3055 nostrae.
1382 2981 1506 3056 Libera
1533 2983 1679 3077 eosqui
1704 2986 1738 3055 in

371 3097 562 3191 captivitate
589 3096 785 3188 detinentur,
811 3107 845 3170 et
871 3119 932 3171 eos
958 3102 1014 3194 qui
1040 3122 1061 3171 a
1088 3097 1305 3172 daemonibus
1326 3099 1461 3195 impuris
1483 3103 1672 3172 cruciantur
1694 3099 1736 3172 ab

370 3214 564 3307 operatione
590 3221 728 3286 satanae
755 3218 916 3287 immunes
942 3223 1089 3311 praesta.

472 3328 623 3400 Elecuus
652 3351 778 3402 uocem.
830 3333 984 3404 Animam
1010 3330 1161 3424 Regum,
1187 3331 1389 3426 principum,
1427 3340 1483 3402 aut
1514 3333 1570 3426 qui
1602 3333 1636 3404 in
1666 3336 1736 3404 mi-

261 3493 265 3512 .
370 3443 456 3515 litari
482 3443 640 3537 dignitate
666 3457 742 3520 suut
768 3446 809 3518 ad
835 3455 869 3518 te
895 3447 1028 3539 incbna,
1055 3457 1090 3518 ut
1115 3445 1296 3518 secuudum
1321 3445 1526 3520 voluntatem
1553 3456 1641 3520 tuam
1665 3469 1736 3540 gu-

372 3559 568 3648 bernantes,
610 3563 815 3636 adversariis
856 3563 988 3659 quidem
1037 3562 1202 3635 metuendi
1242 3563 1324 3651 sint,
1368 3567 1531 3634 mansueti
1577 3587 1662 3637 vero
1703 3575 1737 3636 ct

370 3675 506 3768 benigni
532 3699 614 3769 erga
640 3676 828 3752 Ecclesiam
856 3688 963 3768 tuam,
990 3679 1184 3776 pacificique
1210 3699 1295 3772 erga
1321 3678 1415 3765 illos,
1442 3681 1498 3773 qui
1524 3677 1585 3754 sub
1619 3701 1735 3753 eorum

370 3803 537 3888 potestate
562 3799 728 3867 constituti
755 3807 839 3868 sunt.
892 3795 960 3869 lllis
987 3799 1042 3893 qui
1068 3816 1235 3893 pauperes
1261 3805 1374 3868 amant
1399 3793 1624 3887 vigilantiam,
1652 3814 1734 3868 sus-

369 3909 564 4004 cipientibus
599 3915 818 4006 peregrinos,
853 3912 1009 3986 laetitiam
1036 3912 1162 4001 tribue;
1188 3915 1364 4007 unicuique
1390 3911 1570 3986 secundum
1594 3911 1734 4009 dispen-
1859 3947 1861 3952 v

370 4029 533 4098 sationem
560 4026 622 4098 sibi
648 4031 894 4126 praestitutam,
931 4038 966 4102 et
998 4033 1091 4102 uitae
1126 4028 1363 4100 conditionem:
1396 4027 1664 4123 alacritatemque
1691 4026 1732 4100 ab

370 4144 460 4212 omni
485 4146 617 4238 pigritia
652 4147 827 4218 immunem
861 4146 1020 4219 concede.
1072 4143 1196 4218 Libera
1230 4167 1294 4217 nos
1326 4145 1469 4218 Domine
1502 4166 1523 4215 a
1557 4141 1664 4232 lame,
1698 4151 1733 4214 et

369 4258 587 4342 mortalitate,
620 4270 779 4333 aterrae
814 4260 956 4336 motibus
993 4272 1027 4334 et
1057 4263 1289 4356 corruptione,
1325 4258 1367 4332 ab
1401 4263 1490 4334 omni
1520 4259 1666 4348 malitia,
1701 4269 1735 4331 et

368 4373 487 4469 plaga,
516 4374 559 4446 ab
585 4377 718 4450 incursu
743 4375 939 4467 barbarico,
965 4399 985 4448 a
1013 4378 1095 4450 dura
1121 4380 1325 4472 captivitate,
1351 4399 1372 4448 a
1398 4373 1587 4450 tumultibus
1618 4398 1733 4472 popu-

368 4487 514 4580 laribus,
541 4499 575 4562 et
601 4492 814 4566 seditionibus
841 4493 986 4566 urbanis.
1039 4494 1092 4566 Da
1126 4499 1224 4566 etiam
1259 4491 1357 4565 uobis
1387 4503 1423 4566 ut
1455 4495 1489 4563 in
1524 4490 1622 4564 bono
1648 4503 1735 4566 statu

369 4615 403 4677 et
434 4605 668 4706 uauqrdditate
707 4612 888 4682 animarum
927 4621 1137 4700 nostrarum,
1178 4608 1417 4706 amplectamur
1450 4619 1631 4705 praecepta
1667 4618 1734 4697 tua,

369 4725 445 4817 quia
471 4721 636 4816 benignus
663 4746 720 4818 es,
747 4737 780 4798 et
806 4725 927 4799 multae
953 4724 1219 4818 misericordiae,
1247 4724 1370 4822 tibique
1397 4724 1539 4820 glorium
1556 4736 1589 4797 et
1605 4723 1734 4797 laudem

368 4837 552 4912 referimus.

472 4956 634 5050 Populus.
686 4957 807 5030 Amen.

1446 5076 1528 5149 57*
