4804 6026
644 576 692 651 IV
1071 579 1585 659 atssuararta·

646 766 905 841 sacramentales
931 767 1094 864 Syranrm
1120 765 1368 840 Edessenonun
1386 775 1438 838 'et
1470 766 1724 860 Nisibenam,
1758 777 1835 842 ante
1869 772 2010 844 scissam

644 905 707 979 per
732 882 952 957 Nestoriaaos
979 893 1013 956 et
1037 880 1209 956 Jacabitas
1235 881 1423 956 Ecclesiam
1448 883 1528 956 nulli
1555 883 1675 956 dudum
1703 895 1830 974 extant,
1856 889 1921 959 nisi
1948 891 2013 960 siat

644 999 691 1072 illi
718 999 835 1095 quibus
862 1025 882 1074 a
909 999 1018 1073 multis
1044 999 1186 1073 saeculis
1212 998 1404 1073 Nestoriani
1428 1009 1578 1092 utuntur,
1613 999 1702 1096 quod
1727 1002 2013 1076 verisimilitudine

645 1139 712 1190 nan
739 1129 840 1189 caret
867 1102 952 1189 Nam
977 1114 1170 1208 lecelinae,
1201 1126 1238 1187 ut
1271 1118 1371 1188 etiam
1395 1115 1573 1190 Melchitaa
1608 1121 1682 1190 sive
1710 1117 1918 1212 orthodoxi,
1943 1121 2011 1194 Ja-

646 1231 722 1305 cabi
747 1234 929 1326 liturgiam
955 1232 1105 1304 eamdem
1131 1242 1298 1326 usurpant.
1324 1233 1392 1320 lsti,
1420 1255 1492 1304 cum
1524 1230 1701 1306 Ecclesiae
1734 1234 1886 1307 Graecae
1913 1237 2011 1310 iidem

647 1360 876 1445 sequerentur,
899 1358 933 1420 et
948 1347 1160 1420 Antiocheno
1181 1345 1396 1419 Patriarchae
1421 1348 1561 1444 subjecti
1577 1359 1701 1438 essent,
1727 1360 1764 1422 ut
1788 1362 1863 1424 sunt
1890 1358 2015 1428 etiam-

647 1487 734 1553 num,
762 1465 954 1561 pleramque
981 1485 1107 1557 graece
1137 1485 1237 1537 sacra
1264 1461 1492 1548 celebrabant:
1521 1447 1619 1559 atque
1646 1464 1731 1538 adeo
1757 1465 1835 1538 nihil
1861 1468 1949 1563 quad
1975 1470 2018 1542 ad

648 1592 798 1654 vetarem
830 1581 1007 1654 Ecclesiae
1033 1579 1197 1676 Syriacae
1223 1579 1430 1675 disciplinam
1455 1579 1680 1654 illustrandam
1708 1581 1864 1655 conferre
1888 1596 2018 1682 posset,

649 1695 691 1769 ab
718 1697 781 1770 illis
808 1695 867 1768 fait
892 1695 1146 1793 expectandum.
1180 1693 1355 1768 Jacahitae
1385 1719 1523 1769 numero
1557 1706 1591 1768 et
1616 1700 1790 1770 autoritate
1815 1697 1918 1793 laage
1945 1724 2010 1777 su-

647 1815 811 1909 periores,
837 1823 971 1909 praeter
1004 1812 1189 1905 liturgiam
1223 1810 1342 1884 Jacabi
1374 1812 1517 1910 Syram,
1549 1811 1668 1885 multas
1701 1812 1842 1906 habent,
1876 1835 2013 1911 quarum

646 1932 708 2000 vix
733 1928 800 2000 11111
826 1930 1023 2024 antiquitatis
1050 1939 1159 2002 certas
1185 1937 1282 2000 natas
1309 1926 1466 2023 praefert.
1493 1927 1612 2023 Neque
1639 1931 1726 2000 euim
1748 1933 1833 2004 ratio
1860 1930 2012 2005 habenda

647 2054 700 2117 est
724 2048 903 2119 testimonii
928 2043 1183 2136 Maronitarum,
1216 2045 1272 2139 qui
1303 2043 1415 2139 plures
1449 2044 1578 2116 illarum
1609 2052 1762 2140 tanquam
1795 2049 1864 2121 suis
1890 2053 2007 2142 genti-

646 2159 732 2233 libus
758 2164 911 2256 proprias
938 2184 959 2232 a
990 2169 1157 2232 venustate
1189 2160 1436 2233 commendant:
1471 2164 1565 2256 quasi
1598 2158 1672 2233 illas
1712 2185 1785 2234 cum
1812 2162 2006 2242 Drtlradoxa

618 2344 620 2349 .
647 2277 812 2370 religione
838 2301 859 2349 a
885 2273 1021 2350 sacerdo
1048 2285 1147 2350 sexta
1173 2278 1394 2349 servaverint.
1420 2275 1479 2348 Ma
1507 2279 1592 2348 enim
1620 2276 1661 2348 de
1687 2275 1860 2352 Maronitis
1895 2285 2007 2377 opinio

647 2396 780 2490 pietatis
806 2392 936 2488 quidem
962 2413 1046 2485 erga
1072 2394 1217 2485 majores
1244 2412 1324 2467 suas
1350 2391 1482 2465 laudem
1507 2403 1669 2466 meretur:
1691 2404 1725 2466 at
1754 2405 1918 2490 repugnat
1941 2421 2010 2472 non

650 2506 855 2581 Graecarum
881 2507 981 2581 mado
1008 2518 1042 2580 et
1067 2508 1272 2598 Latinarum,
1299 2509 1359 2582 sed
1387 2508 1601 2581 Orientalium
1635 2512 1778 2582 amnium
1805 2513 2011 2606 testimoniis,

649 2646 786 2720 quarum
813 2623 930 2714 fidem,
963 2627 1143 2721 praecipue
1168 2623 1329 2696 Willelmi
1361 2625 1456 2721 Tyrii
1490 2624 1613 2696 frustra
1644 2625 1781 2697 elevare
1805 2632 2012 2701 recentiores

648 2741 835 2814 Maronitas
861 2743 973 2813 conati
1000 2752 1083 2814 sunt.
1124 2739 1245 2814 Nullae
1275 2718 1430 2834 legantur
1455 2745 1489 2812 in
1524 2741 1694 2814 codicibus
1726 2740 1824 2814 MSS.
1857 2741 2013 2816 Maroni-

648 2865 755 2930 tarum
780 2860 937 2952 prapriae
953 2855 1137 2948 Liturgiae,
1165 2866 1199 2928 et
1223 2855 1300 2928 illae
1327 2879 1463 2951 quarum
1489 2855 1624 2949 longum
1649 2857 1787 2928 indicem
1805 2855 2014 2934 Abrahamus

647 2971 855 3048 Echellensis
886 2973 990 3064 dedit,
1008 3001 1012 3008 ·
1031 2971 1259 3045 Jacobitarum
1296 2983 1389 3063 suut,
1433 2983 1488 3044 aut
1519 2972 1614 3045 falsis
1652 2972 1751 3046 titulis
1785 2976 2012 3066 insigniuntur,

650 3088 740 3184 quod
767 3111 812 3162 ex
837 3093 917 3190 ipsis
944 3098 1095 3163 autorum
1121 3089 1239 3184 quibus
1266 3089 1480 3162 attribuuntur
1505 3089 1690 3162 naurinibus
1710 3093 1922 3186 perspicuum
1948 3101 2012 3182 est,

650 3206 794 3299 quaein
821 3205 997 3279 editionem
1023 3205 1210 3278 Romanam
1237 3205 1418 3301 aliquarum
1445 3207 1622 3301 irrepsisse
1654 3208 1735 3277 satis
1768 3209 1880 3278 mirari
1914 3228 2013 3280 nemo

650 3322 770 3415 possit,
796 3319 853 3393 ubi
886 3325 984 3392 etiam
1014 3324 1253 3416 inauspicatum
1287 3321 1365 3393 illud
1391 3321 1591 3411 Barsamae,
1626 3321 1833 3395 anathemate
1866 3322 2014 3396 Calche-

651 3437 807 3510 douensis
835 3433 976 3512 Concilii
1002 3437 1137 3528 confixi,
1169 3440 1204 3508 in
1229 3435 1421 3534 Diptychis,
1452 3436 1545 3509 velut
1571 3441 1674 3510 sancti
1700 3436 1830 3532 legitur.
1883 3439 2014 3536 Nempe

650 3556 724 3650 quia
751 3553 975 3628 Jacabitarum
1001 3554 1135 3628 codices
1163 3563 1268 3646 erant,
1296 3573 1378 3650 quas
1395 3551 1582 3626 Maranitae
1608 3557 1677 3630 suis
1703 3553 1888 3628 haminibus
1915 3559 2014 3628 attri-

648 3669 760 3742 haunt

362 3799 522 3853 1111101111
534 3797 595 3867 qam
605 3796 638 3849 11
753 3784 810 3858 Vl.
837 3783 926 3858 later
951 3805 1011 3858 eos
1036 3787 1181 3856 maxime
1214 3782 1356 3857 celebris
1392 3784 1561 3858 Abraham
1585 3784 1811 3875 Echellensis,
1847 3785 2013 3879 quiuqua-

329 3881 640 4036 ³¹¹¹be⁵ff2ff¹lizbedjm
653 3908 745 3996 ginta
772 3912 805 3974 et
831 3901 970 3997 amplius
996 3900 1162 3993 Litargias
1189 3900 1276 3996 apud
1301 3900 1411 3996 Syros
1446 3905 1597 3974 extitisse
1623 3899 1752 3994 scribit,
1785 3922 1923 3995 quarum
1947 3902 2013 3970 tri-

327 4073 355 4124 p,
372 4056 434 4109 235,
651 4023 743 4114 ginta
782 4027 817 4089 et
847 4040 912 4089 una
951 4016 1174 4090 tantummodo
1216 4028 1450 4112 superessent,
1486 4039 1568 4112 quas
1600 4015 1664 4088 hac
1697 4016 1813 4088 ardiae
1847 4025 2013 4091 recenset.

652 4137 753 4232 Xysti
778 4133 903 4228 Papae,
929 4133 1067 4206 Jaaunis
1083 4131 1327 4228 chrysostomi,
1352 4133 1490 4205 loannis
1511 4131 1764 4224 Evangelistae:
1791 4132 1897 4208 Petri:
1924 4133 2013 4205 dua-

654 4252 760 4324 deaim
785 4249 1039 4344 Apostolorum:
1064 4249 1220 4345 Dionysii
1245 4249 1489 4345 Areopagitae:
1518 4247 1635 4344 Cyrilli
1656 4248 1893 4323 Alexandrini:
1919 4249 2014 4322 Mat-

652 4368 740 4440 thaei
764 4365 932 4439 Pastoris:
956 4366 1096 4439 Joannis
1123 4364 1334 4438 Patriarchae
1368 4375 1591 4456 cognomento
1619 4362 1803 4438 Barsusan:
1836 4364 2013 4440 Eustathii:

653 4483 803 4556 Matutae
829 4481 1035 4554 Takritensis
1062 4479 1316 4577 Metropolitae:
1343 4479 1377 4551 S.
1404 4478 1524 4553 Jacobi
1549 4478 1658 4553 fratris
1676 4483 1828 4555 Domini:
1854 4481 1890 4555 S.
1909 4482 2014 4555 Marci

652 4597 909 4693 Evangelistae:
935 4596 1025 4669 Petri
1052 4597 1154 4669 altera
1181 4617 1254 4668 cum
1281 4593 1425 4689 epitheto
1451 4597 1568 4693 Papae
1590 4595 1743 4668 Romani.
1769 4596 1907 4671 Praeter
1932 4601 2014 4674 istas

658 4738 740 4813 quas
768 4724 886 4787 extare
912 4714 1006 4806 dicit,
1038 4723 1071 4785 et
1105 4711 1182 4784 illae
1215 4710 1323 4784 editae
1357 4721 1434 4785 sunt
1457 4715 1490 4783 in
1525 4712 1654 4786 Missali
1680 4712 1861 4787 Chaldaica
1886 4714 2015 4788 Romae
2137 4771 2138 4776 ,

565 4900 570 4909 .
657 4855 800 4922 excuso,
827 4840 1003 4926 sequentes
1029 4838 1196 4901 numerat:
1222 4828 1359 4900 lammis
1386 4827 1535 4902 Maronis
1561 4827 1774 4903 Patriarchae
1805 4830 2014 4920 Antiocheai,

658 4971 755 5043 quam
790 4971 829 5021 se
860 4946 1015 5020 habuisse
1046 4955 1204 5020 testatur:
1238 4943 1370 5018 Basilii:
1405 4945 1589 5018 Duodecim
1620 4945 1860 5043 Apostolorum
1895 4948 2015 5021 altera:

658 5063 736 5136 Julii
761 5062 893 5159 Papae:
918 5059 1039 5135 iacobi
1064 5060 1265 5138 Nisibensis:
1293 5057 1450 5155 Gregorii
1476 5059 1659 5155 Theologi:
1686 5063 1792 5140 Masis
1809 5063 2015 5160 Barcephae,
