4730 6038
614 659 1304 780 Jn'oonraaanonrr.
1565 697 1641 774 aaa

276 892 330 986 qui
356 892 389 961 in
415 892 550 963 nomina
581 900 636 963 uro
663 888 827 983 refugium
860 891 1007 984 quaerit,
1041 898 1076 961 et
1107 886 1247 962 salutem
1281 897 1371 960 tuam
1403 897 1581 986 expectat,
1607 900 1642 967 at

274 1009 450 1101 unicuique
477 1005 633 1079 auxilium
660 1015 694 1078 et
718 1003 879 1078 beneficia
904 1003 1064 1077 concede.

378 1123 528 1196 Elecaar
553 1144 678 1194 vocem.
730 1121 774 1192 lit
800 1124 934 1216 suscipe
960 1123 1103 1196 Domine
1122 1122 1215 1193 Deus
1243 1119 1438 1194 sacrificium
1465 1143 1642 1195 servorum

275 1248 405 1312 tuorum
432 1241 465 1311 iu
492 1238 629 1312 odorem
657 1239 846 1310 suavitatis:
873 1237 998 1330 largire
1015 1237 1078 1310 illis
1105 1258 1166 1332 per
1185 1236 1392 1309 clementiam
1418 1247 1524 1326 mam,
1550 1249 1641 1310 tem-

273 1377 358 1452 pora
383 1353 484 1444 hona,
511 1366 545 1427 et
569 1352 668 1450 plena
694 1353 831 1445 gaudio,
857 1352 1046 1427 concedens
1072 1357 1301 1451 pergratiam
1334 1362 1422 1426 tuam
1449 1353 1582 1426 infirmis
1608 1364 1643 1425 et

275 1471 401 1544 alllictis
428 1475 612 1560 sanitatem,
640 1479 674 1542 et
699 1468 981 1543 consolationem:
1007 1472 1040 1540 in
1066 1473 1270 1543 necessitate
1295 1473 1497 1558 constitutis,
1524 1493 1641 1543 arma-

273 1597 380 1659 turam
408 1586 548 1660 bonam:
575 1589 695 1659 vinctis
723 1596 757 1657 et
782 1587 923 1679 captivis
949 1583 1153 1658 libertatem:
1179 1584 1430 1682 peccatoribus,
1465 1596 1498 1658 et
1524 1585 1641 1658 crimi-

273 1725 351 1775 num
372 1707 451 1789 reis,
477 1705 720 1792 remissionem,
747 1703 856 1797 quiea
884 1709 916 1772 te
943 1711 997 1794 est
1011 1722 1110 1773 omna
1131 1701 1252 1774 donum
1270 1700 1405 1789 bonum,
1432 1711 1466 1774 at
1483 1701 1542 1775 tibi
1557 1703 1641 1796 glo-

277 1822 361 1892 riam
388 1818 575 1909 referimuS,
595 1828 658 1892 etc.

377 1934 539 2028 Papulae.
590 1937 709 2010 Amen.
1446 2015 1450 2024 Ι

286 2141 291 2152 ⁶
377 2050 553 2124 Sacerdos
590 2051 783 2122 inclinatur.
819 2044 834 2085 ⁵
885 2051 1052 2123 Memento
1091 2051 1232 2123 Domina
1270 2071 1332 2145 per
1369 2054 1511 2144 gratiam
1553 2060 1642 2122 tuam

277 2190 362 2263 quae
390 2167 541 2241 omnibus
568 2165 695 2258 suflicit,
721 2166 852 2259 Regum
880 2168 936 2260 qui
961 2187 1079 2237 veram
1104 2165 1318 2260 Religionem
1343 2168 1550 2262 profitentur,
1586 2170 1643 2262 qui

275 2304 389 2356 curam
420 2294 541 2376 gerunt
571 2281 749 2358 Ecclesiae
789 2292 866 2354 tuac
900 2291 935 2354 ct
963 2282 1242 2356 Monasteriorum
1276 2293 1406 2355 tuorum
1440 2293 1642 2371 sanctorum,

274 2402 491 2493 victoriisque
517 2399 673 2496 perfectis
699 2419 825 2470 corona
850 2399 936 2472 illos.

377 2515 528 2587 Menona
551 2538 678 2587 uocem.
731 2513 865 2606 Adjuva
892 2517 991 2586 etiam
1018 2514 1092 2588 illos
1121 2515 1176 2609 qui
1200 2509 1234 2586 in
1262 2515 1427 2603 maribus,
1456 2523 1511 2585 aut
1537 2513 1642 2586 lalro-

274 2635 373 2706 riosis
399 2632 570 2706 itineribus
597 2640 685 2721 sunt,
712 2633 870 2719 Domine,
908 2641 942 2704 et
974 2653 1035 2705 eos
1070 2634 1124 2726 qui
1159 2655 1180 2704 a
1206 2631 1359 2724 malignis
1387 2631 1555 2728 spiritibus
1582 2633 1641 2702 in-

274 2749 447 2840 festantur,
472 2747 588 2821 libera.
637 2749 825 2821 Potentiam
849 2747 981 2841 Regum
1007 2747 1241 2843 Tyrannorum
1268 2752 1462 2847 comprime,
1489 2758 1525 2819 et
1549 2746 1642 2821 libe-

274 2868 437 2939 rationem
463 2863 646 2961 perfectam
673 2863 715 2935 ab
750 2863 902 2937 omuibus
935 2861 1195 2959 quibuscumque
1225 2865 1365 2938 inimicis
1397 2863 1495 2937 nobis
1522 2861 1642 2951 tribue,

277 2985 352 3076 quia
379 2993 414 3054 tu
440 2981 601 3067 salvator,
629 2989 663 3052 et
687 2978 850 3052 liberator-
883 2983 1027 3054 omnium
1054 2999 1111 3069 es,
1143 2989 1176 3052 et
1202 2977 1261 3051 tilri
1286 2977 1427 3074 gloriam
1453 2978 1642 3066 referimus,

276 3107 310 3170 et
335 3100 506 3190 unigenito
533 3095 618 3168 Filio
646 3106 713 3184 tuo,
741 3105 805 3168 etc.

380 3213 541 3307 Populos.
594 3213 714 3285 Amen.

379 3329 554 3402 Sacerdos
580 3327 771 3399 inclinatae.
812 3327 981 3399 Memento
1007 3327 1161 3415 Domine,
1187 3325 1251 3400 hoc
1277 3335 1428 3421 tempore
1454 3325 1550 3419 hujus
1576 3349 1641 3400 sa-

278 3445 411 3536 crificii,
439 3447 584 3519 omnium
610 3453 822 3534 sanctorum,
857 3446 911 3538 qui
936 3441 1069 3515 fuerunt
1103 3465 1124 3514 a
1157 3442 1310 3515 saeculo:
1342 3445 1523 3538 praecipue
1556 3464 1642 3516 varo

277 3585 409 3659 semper
435 3562 583 3656 Virginis
611 3571 748 3634 sanctae
774 3561 943 3653 genitricis
963 3559 1180 3649 DeiMariae,
1206 3556 1457 3654 Prophetarum,
1483 3558 1641 3654 Aposto-

275 3677 396 3770 lorum,
421 3678 616 3773 Martyrum,
644 3676 891 3763 Solitariorum,
924 3686 959 3749 et
983 3675 1182 3771 reliquorum
1216 3677 1456 3768 Agonistarum
1481 3676 1642 3773 praecla-

274 3816 385 3868 rorum
412 3815 474 3891 pro
501 3815 587 3866 vera
612 3793 801 3885 Religioue.

378 3911 529 3984 Elecaae
561 3932 687 3982 cecam.
740 3908 785 3982 Ut
817 3929 880 4005 per
911 3911 1079 3981 orationes
1114 3929 1230 3980 eorum
1257 3905 1500 4004 acceptabiles,
1527 3910 1642 3980 susci-

275 4031 383 4123 piatur
408 4026 606 4099 sacriticium
632 4025 696 4098 hoc
722 4027 887 4097 tenuitatis
900 4035 1047 4112 uosuae,
1068 4044 1184 4096 coram
1198 4025 1372 4115 majestate
1397 4033 1466 4112 tua,
1493 4034 1527 4096 et
1549 4023 1642 4116 digni

276 4145 453 4217 efficiamur
478 4165 554 4229 nos,
582 4153 615 4214 et
642 4145 697 4236 qui
722 4163 769 4213 ex
793 4141 892 4215 uobis
920 4140 1066 4214 defuncti
1091 4147 1178 4230 sunt,
1204 4142 1278 4236 pari
1299 4162 1373 4211 cum
1401 4142 1450 4212 eis
1478 4150 1582 4229 sorte,
1608 4148 1643 4212 et

276 4259 403 4332 deliciis
430 4260 623 4354 quaeipsis
650 4268 871 4354 praeparatae
898 4265 992 4346 sunt,
1020 4259 1096 4350 quia
1122 4266 1159 4326 tu
1184 4265 1318 4328 sanctos
1346 4278 1402 4343 as,
1436 4264 1471 4330 et
1495 4259 1530 4327 iu
1556 4277 1643 4328 san-
1782 4257 1787 4266 '

275 4379 337 4449 ctis
363 4373 600 4470 beneplacens,
627 4385 661 4446 et
686 4373 896 4466 tibiglcriam
922 4372 1111 4462 referimus,
1137 4383 1172 4444 et
1197 4374 1365 4464 unigenito
1381 4369 1467 4444 Filio
1493 4381 1563 4463 tuo,
1579 4383 1642 4446 etc.

379 4491 541 4585 Papulae.
595 4473 714 4564 Amen

378 4606 554 4680 Sacerdos
587 4607 779 4678 inclinatae.
831 4606 1000 4679 Memento
1036 4604 1179 4677 Domine
1214 4607 1357 4678 omnium
1393 4604 1569 4678 Pastorum
1608 4611 1643 4676 et

275 4725 459 4798 Doctorum
491 4723 668 4796 Ecclesiae
702 4721 938 4811 Orthodoxae,
972 4742 1088 4795 eorum
1116 4723 1169 4816 qui
1201 4721 1347 4794 aPetro
1375 4731 1409 4794 et
1438 4719 1541 4792 Paulo
1576 4718 1641 4792 lruc

275 4863 380 4936 usque
405 4840 683 4938 praedicaverunt
707 4837 947 4931 Evangelicam
973 4835 1252 4932 praedicationem
1286 4839 1320 4908 in
1352 4834 1435 4909 orbe
1467 4841 1640 4925 universo,

274 4960 454 5051 praecipue
478 4978 564 5028 vero
591 4955 627 5028 S.
654 4953 773 5027 Jacolri
803 4947 818 4990 ⁶
844 4953 998 5027 Bardaei.

381 5071 530 5143 Elecaae
555 5093 681 5142 aecem.
732 5069 857 5144 Eorum
892 5072 945 5163 qui
980 5073 1012 5142 in
1048 5091 1246 5165 unaquaque
1285 5073 1503 5162 generatione
1535 5091 1641 5166 prue-

276 5187 408 5262 fuerunt
441 5185 564 5284 poprdo
601 5197 658 5262 tuo
690 5186 798 5278 fideli,
833 5187 1109 5282 quiqua'lumine
1142 5182 1319 5281 praeclaro
1358 5185 1528 5258 doctrinae
1559 5205 1640 5257 suae
