4814 6060
584 681 763 760 lGllATll
800 680 1127 759 PATRIARCHAE
1154 681 1451 762 nbbtooflubt.
1638 684 1714 759 527
1832 705 1838 722 ·

439 868 603 962 Populos.
656 871 775 942 Amen.

440 985 625 1056 Sacerdos.
679 983 838 1056 Similiter
864 983 959 1056 vultu
972 1007 1102 1057 sursum
1120 985 1271 1074 elevato,
1298 985 1490 1079 significans
1506 985 1714 1060 voluntatem
1777 1061 1779 1068 ,

334 1106 467 1176 unicam
493 1121 609 1189 suam,
635 1099 743 1171 Patris
771 1104 823 1174 sui
850 1110 885 1172 et
910 1099 1054 1195 Spiritus
1081 1103 1133 1172 sui
1160 1104 1285 1188 sancti,
1312 1101 1405 1173 velut
1437 1102 1480 1174 ad
1506 1102 1714 1175 confirman-

336 1218 413 1290 dam
438 1219 616 1289 veritatem
643 1218 758 1288 mortis
785 1215 994 1289 voluntariae
1020 1237 1082 1310 pro
1110 1214 1217 1288 salute
1236 1219 1398 1312 imaginis
1431 1240 1532 1310 suae,
1567 1241 1653 1313 quae
1680 1221 1715 1291 in

335 1335 550 1429 corruptione
573 1330 730 1423 jacebat,
757 1334 857 1403 etiam
891 1329 1031 1402 calicem
1063 1334 1173 1420 vitae,
1208 1355 1307 1427 quem
1340 1335 1521 1406 miscuerat
1554 1337 1635 1405 vino
1669 1356 1716 1406 ex

334 1471 422 1538 uva,
451 1458 484 1520 et
511 1469 597 1542 aqna
627 1445 768 1519 naturali
795 1445 976 1518 secundum
992 1468 1201 1534 mensuram,
1230 1449 1376 1543 accepit,
1402 1459 1580 1544 postquam
1594 1449 1716 1545 epulati

336 1572 451 1637 essent
476 1586 523 1634 ex
548 1564 786 1650 sacramentis,
821 1571 855 1633 et
881 1565 1008 1654 gratias
1043 1566 1127 1654 egit,
1160 1565 1188 1652 †
1214 1562 1402 1652 benedixit,
1429 1567 1457 1654 †
1484 1563 1714 1652 sanctificavit,

337 1682 365 1769 †
393 1690 427 1751 et
453 1677 602 1751 similiter
631 1675 849 1750 familiaribus
878 1679 947 1749 suis
974 1679 1144 1772 porrexit,
1172 1687 1207 1748 et
1234 1677 1333 1748 dixit:
1358 1678 1514 1775 Accipite
1546 1691 1580 1752 et
1611 1678 1714 1751 bibite

338 1793 460 1886 singuli
487 1815 534 1865 ex
559 1813 659 1864 manu
686 1792 837 1864 alterius:
866 1795 943 1886 quia
970 1791 1021 1862 bic
1049 1801 1102 1863 est
1119 1794 1256 1884 sanguis
1271 1815 1366 1866 meus
1378 1797 1498 1884 vivus,
1527 1797 1582 1888 qui
1602 1793 1714 1866 eitun-

337 1909 422 1982 ditur
448 1931 510 2005 pro
537 1906 836 1999 hummogenere
863 1910 977 1979 inme
1004 1907 1180 1997 credente,
1208 1905 1250 1980 ab
1267 1906 1483 1980 abolitionem
1500 1912 1714 2008 insipienda-

336 2047 428 2114 rum,
458 2034 491 2094 et
517 2026 621 2096 vitam
649 2033 830 2095 aeternam.

441 2139 603 2231 Populos.
655 2139 775 2214 Amen.

377 2273 384 2278 ·
442 2254 627 2326 Sacerdos.
682 2251 833 2347 Cumque
860 2251 945 2324 baec
971 2255 1005 2323 in
1031 2275 1177 2349 persona
1205 2276 1265 2326 sua
1280 2256 1352 2351 ipse
1377 2255 1626 2351 complevisset,
1653 2257 1714 2328 in-

333 2373 445 2462 junxit
469 2371 551 2458 illis,
579 2369 884 2465 praecipiendoque
911 2368 1010 2440 dixit:
1039 2372 1311 2466 quotiescumque
1326 2371 1514 2444 concordes
1531 2374 1617 2443 inter
1637 2393 1715 2462 vos,

336 2509 398 2582 per
424 2484 507 2558 haec
534 2484 631 2559 simul
657 2487 919 2576 conjungemini,
945 2487 1061 2558 mortis
1076 2506 1173 2556 meae
1189 2483 1378 2558 volmrtaria
1396 2489 1592 2560 memoriam
1612 2489 1715 2579 agite,

336 2604 592 2674 resumectionis
631 2621 728 2672 meae
762 2599 917 2672 salutaris
952 2603 1302 2673 commemorationem
1328 2601 1448 2696 facite,
1476 2613 1509 2675 et
1536 2601 1715 2674 adventum

336 2741 447 2790 meum
473 2739 580 2812 usque
607 2713 650 2786 ad
676 2718 959 2786 resurrectionem
985 2703 1174 2810 expectate.

440 2832 601 2926 Populus.
653 2832 773 2904 Mortis
800 2842 878 2902 tuae
905 2830 1049 2902 Domine
1075 2835 1272 2904 memoriam
1300 2836 1440 2925 agimus.

441 2948 624 3019 Sacerdos.
678 2947 760 3033 Quis
787 2949 909 3040 poterit
935 2945 1109 3041 explicare
1135 2947 1253 3026 verbis
1289 2956 1393 3020 totam
1433 2947 1716 3043 dispensationem

338 3077 441 3157 tuam,
469 3086 567 3159 quam
595 3071 752 3159 operatus
779 3082 817 3132 es
844 3082 906 3156 pro
933 3060 1048 3148 nobis,
1076 3083 1097 3132 o
1124 3060 1274 3136 Verbum
1300 3064 1410 3152 Deus:
1438 3073 1494 3135 aut
1521 3066 1594 3158 quis
1613 3083 1717 3135 asse-

338 3183 393 3277 qui
418 3180 541 3276 poterit
568 3179 828 3251 exinanitionem
855 3184 944 3248 tuam
970 3176 1213 3268 voluntariam,
1238 3199 1302 3273 per
1328 3200 1426 3274 quam
1453 3187 1603 3250 tamena
1630 3176 1716 3251 solio

338 3294 535 3368 abscondito
563 3292 672 3366 Patris
710 3297 757 3364 tui
782 3315 851 3368 non
878 3315 917 3366 es
945 3292 1135 3385 elongatus,
1163 3304 1197 3365 et
1217 3293 1260 3364 ad
1275 3293 1444 3384 malitiam,
1471 3292 1716 3366 infirmitatem-

339 3434 403 3507 que
429 3418 579 3490 nostram
604 3410 727 3482 venisti
753 3408 910 3501 integre?
939 3409 1022 3495 Quis
1048 3408 1482 3482 scrutabitur-nativitatem
1508 3419 1598 3481 tuam
1624 3418 1717 3480 tem-

338 3526 509 3623 poralem,
535 3546 598 3619 per
624 3547 720 3619 quam
753 3522 840 3596 lilios
873 3523 1043 3596 hominum
1070 3549 1090 3596 a
1117 3534 1256 3598 satanae
1290 3527 1452 3598 servitute
1482 3524 1652 3614 liberasti,
1683 3535 1718 3596 et

339 3667 359 3714 a
384 3651 552 3739 potestate
579 3644 752 3738 tyrannica
780 3650 814 3712 et
841 3662 947 3714 saeva
973 3663 1038 3714 nos
1074 3639 1250 3736 eripuisti?
1283 3640 1365 3726 Quis
1397 3641 1616 3733 investigabit
1647 3639 1716 3714 ba-

337 3761 493 3851 ptismum
519 3767 609 3828 tuum
635 3759 669 3827 in
695 3756 865 3846 lordane,
898 3779 1085 3852 perquem
1119 3756 1241 3828 donum
1275 3755 1464 3852 adoptionis
1497 3755 1595 3828 nobis
1628 3778 1717 3829 con-

339 3875 485 3961 cessisti,
519 3875 781 3968 mysteriumque
819 3871 989 3946 Trinitatis
1023 3881 1160 3946 sanctae
1195 3870 1357 3946 revelasti
1389 3883 1424 3944 et
1456 3871 1717 3946 demonstrasti?

340 3989 422 4074 Quis
449 4009 555 4082 aequa
582 3988 743 4084 rependet
769 3987 981 4083 passionibus
1008 3991 1072 4061 tuis
1098 3991 1288 4079 immeritis,
1314 3991 1479 4082 mortique
1494 3998 1572 4059 tuae
1588 3987 1716 4060 volun-

339 4106 458 4188 tariae,
486 4125 547 4198 per
575 4127 658 4198 quas
686 4105 916 4198 compressisti
947 4108 1126 4199 passiones
1158 4114 1293 4178 nostras
1329 4103 1372 4176 ad
1405 4112 1581 4200 peccatum
1613 4103 1716 4175 incli-

339 4229 475 4291 nantes:
502 4230 710 4315 mortemque
736 4229 885 4293 nostram
911 4222 1132 4315 peccatricem
1161 4219 1337 4294 occidisti?
1366 4221 1447 4307 Quis
1463 4242 1531 4292 non
1544 4217 1718 4292 mirabitur

339 4337 618 4406 resurrectionem
652 4347 741 4407 tuam
774 4333 958 4422 vivificam,
995 4359 1058 4431 per
1085 4360 1183 4432 quam
1204 4324 1488 4410 ‘resurrectionem
1522 4335 1717 4428 generalem

341 4453 485 4521 omnium
511 4448 678 4522 bominum
715 4459 841 4522 certam
876 4451 1002 4540 fecisti,
1036 4452 1191 4548 quodque
1223 4450 1461 4548 corporaliter,
1495 4451 1555 4523 sed
1588 4451 1717 4547 absque

340 4566 496 4639 sensibus
523 4569 673 4660 passioni
701 4565 859 4639 obnoxiis
886 4588 1066 4659 resurgere
1094 4568 1239 4641 debeant
1262 4568 1414 4640 homines
1440 4568 1607 4655 universi,
1634 4566 1716 4663 pol-

340 4678 449 4752 licitus
493 4680 556 4754 es?
599 4681 681 4766 Quis
716 4702 784 4753 non
823 4691 955 4778 stupeat
995 4685 1227 4758 ascensionem
1266 4683 1450 4775 gloriosam
1493 4683 1535 4754 ad
1573 4682 1717 4774 coelum,

341 4797 594 4890 sessionemque
620 4804 708 4867 mam
736 4798 909 4869 excelsam
935 4819 1038 4894 super
1064 4820 1181 4872 omnes
1196 4809 1325 4872 mentes
1343 4801 1528 4873 existentes
1543 4797 1621 4887 illic,
1650 4819 1717 4894 quo

340 4910 439 4982 nobis
467 4910 509 4983 ad
535 4915 710 5003 regionem
737 4911 909 4985 divinitate
936 4913 1086 5010 plenam,
1120 4917 1185 4986 iter
1218 4913 1343 4985 fecisti:
1375 4923 1410 4984 et
1443 4912 1717 5008 quemadmodum

341 5023 469 5112 dixisti,
495 5024 552 5098 ubi
580 5049 652 5099 sum
680 5048 764 5118 ego,
791 5025 857 5099 illic
884 5032 947 5100 erit
974 5038 1008 5099 et
1032 5031 1183 5101 minister
1208 5049 1320 5116 meus,
1355 5031 1401 5101 ita
1431 5039 1471 5101 et
1505 5027 1584 5101 illud
1618 5028 1718 5101 nobis

339 5139 523 5237 perfecisti.
575 5142 818 5216 Adorationem
845 5153 879 5216 et
906 5144 1164 5236 exaltationem,
1192 5141 1374 5218 secundum
1389 5141 1580 5216 facultatem
1601 5146 1721 5218 vires-
