4730 6038
746 555 822 631 272
1315 555 1544 635 NOTAE

746 749 848 806 rectae
876 739 945 802 fidei
972 759 1058 822 mam
1088 739 1205 803 liaruta
1237 739 1434 820 profitebatur
1461 740 1541 803 illam
1570 744 1734 806 convenire
1763 741 1951 808 manifestum
1981 753 2047 824 est,
2079 754 2111 810 et

746 841 812 922 ejus
835 839 972 904 sacculo:
995 857 1094 920 neque
1117 838 1155 902 de
1176 838 1255 902 illius
1278 841 1450 920 antiquitate
1473 849 1504 904 et
1527 842 1686 906 autoritate
1708 841 1913 906 dubitandum.
1965 843 2048 908 ilaec
2072 845 2111 909 de

745 940 862 1004 llarnta
884 939 988 1019 fusius,
1011 939 1091 1020 quod
1113 939 1203 1002 obvia
1225 956 1285 1000 non
1307 947 1387 1019 sunt,
1411 947 1442 1002 et
1464 939 1502 1002 ad
1524 941 1729 1004 illustrandam
1748 949 1866 1023 partem
1876 942 2020 1008 historiae
2034 962 2111 1026 quiae

744 1037 826 1100 illum
848 1046 977 1119 spectat,
999 1057 1113 1102 summe
1134 1039 1317 1102 necessaria.
1361 1039 1489 1102 Possem
1511 1041 1590 1102 enim
1612 1041 1663 1122 qui
1685 1041 1810 1123 Syriaca
1833 1042 1945 1119 sciunt,
1978 1041 2109 1127 legendo

743 1136 910 1219 Liturgiam
931 1146 964 1199 ut
986 1137 1098 1202 Romae
1121 1136 1200 1200 edita
1223 1145 1278 1216 est,
1307 1138 1395 1201 alium
1424 1138 1581 1220 quemdam
1602 1140 1750 1204 llarutam
1772 1159 1939 1222 quaerere,
1969 1143 2020 1222 qui
2043 1161 2110 1206 cum

744 1237 922 1316 Philoxeno,
944 1237 1070 1318 Jacobo,
1092 1238 1232 1302 Anthimo
1255 1246 1286 1301 et
1309 1238 1373 1302 aliis
1397 1238 1477 1301 idem
1498 1241 1641 1318 senserit,
1664 1257 1733 1302 nam
1755 1241 1833 1304 inter
1855 1258 1910 1303 eos
1933 1240 2110 1320 collocatur,
2231 1283 2233 1287 -

747 1336 835 1397 etiam
857 1353 923 1399 cum
945 1337 1081 1417 Marone,
1104 1340 1135 1400 in
1157 1337 1332 1419 quibusdam
1352 1337 1584 1418 exemplaribus.
1606 1338 1651 1401 lta
1673 1340 1724 1419 qui
1746 1330 1907 1402 editionem
1929 1349 2111 1404 curaverunt

746 1443 883 1498 sanctum
905 1436 987 1499 illum
1016 1435 1266 1508 suumJacobitis
1296 1437 1533 1518 conjunxerunt,
1565 1438 1712 1520 aquibus
1739 1447 1837 1502 tamen
1866 1456 1927 1501 non
1955 1440 2110 1521 recipitur,

746 1535 801 1598 sed
823 1544 856 1598 nt
877 1535 1138 1600 Monothelitarum
1159 1537 1301 1617 princeps
1323 1537 1467 1618 rejicitur.
1492 1562 1500 1573 ·
1745 1537 1750 1552 '

960 1827 995 1899 2.
1034 1827 1165 1899 Panem
1186 1833 1424 1922 fermentatam
1450 1831 1586 1921 occepit
1612 1831 1648 1897 in
1673 1851 1790 1900 manua
1814 1851 1904 1900 saca.

858 2017 934 2096 losa
961 2028 1071 2114 legitur
1099 2032 1130 2093 in
1159 2029 1335 2112 quibusdam
1362 2030 1507 2114 Liturgiis
1538 2030 1686 2112 Syriacis,
1715 2038 1748 2092 ut
1777 2032 1884 2112 Ignatii
1915 2031 2109 2096 Patriarchae

745 2133 925 2197 Antiocheni
958 2131 1009 2195 [ilii
1038 2133 1160 2196 Wahib:
1192 2133 1338 2214 quaedam
1370 2134 1480 2196 habent
1508 2154 1616 2214 ponem
1635 2134 1819 2214 perfectam,
1848 2135 1929 2216 quod
1951 2135 2030 2197 idem
2053 2143 2110 2214 est,

744 2253 823 2314 quae
844 2232 938 2295 verba
960 2233 1099 2296 novitatis
1122 2240 1172 2294 aut
1193 2233 1430 2314 interpolationis
1443 2242 1544 2297 notam
1559 2233 1743 2313 praeierunt
1773 2234 1849 2296 Nam
1862 2234 1998 2298 llarutae
2010 2241 2110 2297 aetate

746 2333 785 2396 de
805 2331 923 2414 Azymo
946 2334 977 2396 ct
999 2334 1188 2395 Fermentato
1212 2333 1418 2394 controversia
1440 2331 1523 2394 nulla
1545 2339 1619 2394 erat.

776 2626 811 2696 3.
846 2628 1020 2719 Accipite,
1038 2627 1262 2716 manducate,
1279 2628 1422 2718 credite,
1439 2631 1527 2699 certi
1546 2632 1663 2715 estole,
1680 2627 1886 2720 praedicate
1905 2632 1939 2698 et
1955 2629 2085 2700 docete.

865 2818 1000 2895 ltnonua
1022 2830 1185 2892 verborum
1208 2829 1397 2911 adjunctione
1420 2833 1571 2913 corrumpi
1593 2849 1680 2894 sacra
1702 2829 1795 2892 verba
1816 2829 1952 2893 Christus
1975 2848 2112 2911 pronun-

746 2934 844 3009 ciavit,
868 2940 898 2995 et
920 2952 997 3014 quae
1021 2931 1057 2995 ad
1082 2935 1339 2996 consecrationem
1355 2933 1568 3015 perficiendam
1582 2935 1708 2996 maxime
1723 2933 1887 3014 pertinent,
1910 2950 1998 2995 nemo
2021 2933 2110 2999 facilc

746 3032 939 3097 existimabit:
962 3037 1097 3115 quamvis
1121 3053 1160 3097 ex
1181 3034 1313 3098 Romana
1336 3035 1466 3097 editione
1489 3033 1607 3097 sublata
1628 3034 1697 3096 sint.
1732 3033 1944 3095 Verumtamen
1961 3034 2110 3112 eximiam,

747 3139 778 3194 et
802 3150 859 3212 qua
883 3134 978 3216 magis
1000 3135 1161 3214 perspicua
1183 3152 1254 3197 esse
1277 3134 1355 3196 nulla
1378 3142 1494 3215 potest,
1518 3135 1672 3196 continent
1694 3132 1833 3213 adjuncta
1854 3131 1904 3196 illa
1926 3135 2021 3196 verba
2042 3133 2112 3196 fidei

747 3231 785 3294 de
807 3232 996 3296 Eucharistia
1019 3232 1257 3310 confessionem3
1284 3232 1401 3296 scilicet
1429 3240 1462 3294 ut
1485 3232 1605 3296 Christo
1634 3234 1702 3312 ipso
1725 3230 1850 3295 doctore
1874 3239 1905 3295 et
1926 3233 2108 3314 interprete,

746 3331 887 3394 credatur
908 3331 1032 3394 lirmiter
1054 3341 1085 3394 et
1106 3333 1312 3414 praedicetur,
1343 3351 1451 3414 panem
1479 3340 1510 3396 et
1540 3333 1680 3410 calicem,
1711 3350 1780 3394 esse
1809 3333 1907 3412 ipsum
1937 3350 2048 3412 corpus
2080 3338 2110 3394 et

745 3432 923 3513 sanguinem
946 3432 1024 3514 ejus:
1048 3451 1160 3513 corpus
1183 3441 1280 3496 autem
1303 3433 1383 3514 quod
1403 3432 1571 3513 frangitur,
1594 3430 1660 3510 vel,
1683 3438 1716 3493 ut
1737 3430 1828 3493 habet
1850 3430 1905 3493 alia
1929 3431 2030 3510 lentie,
2052 3449 2110 3493 ru-

746 3529 901 3609 erificotar
923 3540 952 3593 et
973 3533 1159 3594 immolator:
1181 3533 1261 3614 quod
1283 3539 1316 3593 ut
1337 3533 1367 3592 in
1389 3532 1472 3615 ligno
1496 3533 1595 3594 crucis
1618 3529 1727 3593 lactum
1749 3538 1814 3607 est,
1837 3531 1868 3592 in
1890 3529 1976 3592 altari
1997 3531 2110 3611 pariter

745 3629 793 3690 lit:
824 3629 970 3711 simulque
1001 3639 1183 3712 agnoscatur
1210 3631 1375 3694 doctrinam
1404 3635 1490 3694 istam
1523 3639 1554 3694 et
1585 3630 1723 3694 sacrificii
1751 3628 1942 3710 ‘disciplinam
1977 3629 2013 3692 ab
2042 3631 2109 3713 ipso

748 3726 867 3791 Christo
889 3747 946 3810 per
966 3728 1143 3812 Apostolos,
1165 3731 1203 3794 ad
1224 3731 1390 3794 Ecclesiam
1412 3732 1599 3812 pervenisse.

1141 4027 1176 4095 lt.
1216 4025 1393 4098 [avocatio
1419 4024 1571 4119 Spiritus
1595 4028 1716 4096 sancti.
1747 4063 1753 4076 ·

856 4217 953 4294 lanan
976 4227 1142 4290 orationem
1165 4230 1370 4310 expressimus
1393 4227 1557 4293 secundum
1580 4236 1749 4291 accuratam
1757 4225 1900 4291 Codicum
1914 4228 1986 4292 Mss.
2000 4228 2109 4292 lectio-

746 4350 826 4407 nem,
849 4350 866 4393 a
888 4349 947 4412 qua
970 4331 1090 4415 longius
1113 4331 1173 4394 abit
1195 4351 1231 4396 ea
1246 4350 1333 4413 quam
1345 4332 1443 4395 Editio
1455 4331 1586 4395 Romana
1600 4338 1819 4413 repraesentat.
1849 4331 1895 4394 De
1907 4331 1957 4394 illa
1973 4335 2108 4396 oratione

747 4431 856 4494 dictum
886 4438 933 4493 est
954 4431 992 4493 ad
1013 4430 1114 4493 Basilii
1138 4429 1291 4512 Copticam
1313 4431 1494 4515 Liturgiam,
1525 4441 1556 4494 et
1579 4431 1616 4492 ad
1639 4449 1703 4494 eam
1725 4430 1831 4493 Jacooi
1852 4429 1953 4494 fratris
1975 4432 2108 4494 Domini:

748 4529 828 4593 unde
851 4547 928 4610 quae
950 4529 1030 4592 illam
1052 4530 1235 4612 generaliter
1255 4539 1394 4612 spectant
1415 4539 1556 4613 repetere
1578 4548 1705 4594 necesse
1726 4547 1788 4593 non
1810 4538 1867 4609 est,
1891 4549 1958 4594 cum
1973 4531 2108 4594 omnihus

748 4631 961 4712 cujuscumque
983 4627 1156 4708 Ecclesiae,
1186 4632 1278 4708 ritus,
1308 4639 1359 4694 aut
1379 4631 1500 4714 linguae
1522 4630 1666 4712 Liturgiis
1689 4632 1878 4694 conveniant.
1922 4631 1977 4694 llic
1999 4631 2109 4694 obser-

746 4728 876 4790 vandum
897 4729 1078 4810 praecipue,
1110 4729 1190 4808 quod
1213 4738 1373 4811 usurpetur
1402 4749 1466 4794 vox
1495 4712 1606 4820 plum]
1631 4736 1825 4808 camalet,
1854 4737 1887 4792 ut
1916 4731 1947 4791 in
1974 4730 2108 4814 Liturgia

746 4828 886 4906 Nestorii,
910 4835 942 4891 et
963 4828 993 4888 in
1014 4827 1179 4890 Jacobitica
1201 4829 1306 4892 Jacobi
1329 4830 1525 4912 Serugensis:
1549 4827 1586 4890 ad
1597 4829 1789 4891 imitationem
1802 4829 1955 4913 Liturgiae
1972 4828 2107 4894 Graecae

746 4923 964 5008 chrysostomi.
994 4927 1088 5011 Igitur
1110 4947 1150 4990 ex
1172 4931 1284 4992 autoris
1308 4931 1485 5010 quicumque
1508 4929 1608 5006 fuerit,
1632 4936 1787 4990 eteorum
1810 4929 1860 5009 qui
1875 4929 1933 4992 lroc
1946 4929 2049 4993 Officio
2063 4930 2108 4992 usi

744 5023 875 5106 fuerunt,
890 5029 1047 5107 sententia,
1066 5029 1282 5105 demonstrare,
1295 5031 1451 5110 complere,
1458 5029 1614 5108 perficere,
1627 5027 1733 5107 facere
1745 5039 1814 5094 ΜΠ,
1832 5010 1926 5095 riom
1944 5039 2016 5097 notu
2034 5041 2108 5105 tutta
