4730 6038
544 619 549 632 ·
636 567 812 648 noscunt
837 569 1097 648 Phlhtttttttht
1123 570 1388 647 thllhllbltllll.
1464 687 1469 695 Ι
1620 568 1697 642 293

336 765 410 830 esto
436 755 535 829 uobis
562 756 731 830 omnibus:
759 759 835 853 qnia
861 769 895 830 tn
921 757 1062 828 Domine
1089 761 1161 854 ipse
1189 781 1226 832 es
1254 761 1309 853 qui
1335 759 1509 852 unicuique
1518 757 1607 848 juste
1633 779 1696 828 re-

334 874 471 962 tribuis,
498 880 532 944 et
558 876 586 946 si
612 876 715 947 intres
740 873 912 946 nobiscum
939 877 971 943 in
995 873 1154 964 judicium
1178 874 1338 962 Domine,
1372 896 1439 946 non
1468 870 1696 965 justificabitur

333 991 368 1062 in
394 1001 576 1086 conspectu
602 1000 659 1062 tuo
686 993 792 1063 omnis
818 993 948 1062 vivens.
1000 988 1069 1061 Sed
1096 991 1234 1063 ostende
1260 991 1358 1063 nobis
1379 992 1520 1082 gratiam
1537 999 1636 1075 tuam,
1664 997 1698 1060 et

334 1102 377 1176 ab
404 1107 482 1198 igne
509 1106 683 1199 gehennae
708 1128 770 1200 per
795 1109 1025 1177 miserationes
1051 1103 1244 1177 liberemur:
1271 1117 1306 1178 ut
1330 1117 1467 1202 propter
1486 1104 1696 1177 haecomnia

333 1216 504 1293 laudemus
532 1229 566 1292 ct
591 1221 777 1294 exaltemus
803 1243 923 1294 nomen
951 1230 1039 1293 tuum
1065 1219 1247 1314 gloriosum
1275 1225 1308 1294 in
1335 1220 1484 1294 omnibns
1518 1229 1553 1292 et
1584 1221 1697 1293 bene-

335 1335 477 1424 dictum,
503 1337 636 1408 Domini
663 1340 761 1408 etiam
788 1338 868 1409 Je'sn
896 1335 1035 1428 Christi,
1063 1349 1097 1411 et
1122 1338 1264 1433 Spiritus
1292 1341 1337 1410 tui
1364 1339 1477 1410 sancti.

437 1453 599 1546 Populus.
652 1453 714 1543 Ut,
742 1463 805 1525 etc.

438 1569 621 1641 Sacerdos.
674 1569 748 1641 Pax
773 1569 873 1642 vobis
900 1568 1060 1643 omuibus.

437 1686 598 1779 Populus.
650 1685 694 1757 tn
720 1708 794 1757 cum
822 1689 937 1781 spiritu
964 1695 1029 1758 tuo.

438 1803 621 1876 Sacerdos.
674 1802 926 1876 Misericordiae
952 1805 1016 1875 Dei
1043 1807 1107 1875 sint
1133 1824 1335 1899 supervos.

438 1919 598 2012 Populus.
650 1919 793 1991 Etcum
820 1921 935 2015 spiritu
962 1928 1028 1990 tuo.

438 2035 617 2106 Diaconos
643 2038 729 2106 dicit
755 2034 1009 2106 Catholicae·

437 2149 612 2222 Sacerdos
635 2155 767 2246 srnnpit
794 2157 829 2222 et
853 2154 966 2243 sipont
993 2149 1155 2220 Oblainm.

584 2519 760 2591 Sacerdos
786 2520 871 2590 dicit
899 2519 1094 2590 &aaronem
1120 2519 1166 2589 ud
1192 2520 1294 2591 Pater
1318 2528 1443 2592 noster.

436 2728 537 2799 Pater
569 2737 696 2816 sancte,
723 2724 861 2798 excelse
886 2736 921 2797 et
946 2723 1109 2816 timendo,
1136 2727 1191 2820 qui
1225 2747 1300 2797 cum
1326 2727 1445 2798 timore
1478 2725 1624 2800 laudaris
1660 2737 1695 2801 et

334 2842 492 2917 exaltaris
525 2843 568 2916 ab
604 2842 756 2917 omnibus
789 2840 976 2931 ordinibus,
1008 2841 1202 2915 chiliadibns
1238 2851 1272 2914 et
1303 2842 1508 2940 myriadibus
1534 2845 1694 2938 Angelo-

330 2982 421 3032 rum:
448 2965 503 3056 qui
530 2984 549 3032 a
578 2957 755 3052 Cherubim
780 2959 963 3048 inclinatis,
989 2963 1023 3030 in
1049 2969 1140 3031 motu
1171 2969 1316 3030 rotarum
1348 2957 1574 3047 benediceris,
1611 2970 1644 3031 et
1675 2983 1696 3033 a

329 3079 444 3150 turmis
470 3079 648 3149 innumeris
675 3074 850 3169 Seraphim
877 3077 1066 3167 igneorum,
1102 3072 1413 3148 sanctificationibus
1449 3075 1624 3168 gloriosis,
1661 3086 1696 3149 et

328 3196 466 3266 roubais
492 3190 774 3278 immaterialibus,
802 3214 876 3262 cum
902 3201 1048 3263 tremore
1075 3191 1306 3264 sanctificaris:
1335 3195 1389 3285 qui
1416 3194 1516 3264 etiam
1543 3192 1695 3266 adoraris

330 3320 364 3382 et
389 3307 587 3401 glorificaris
614 3331 633 3380 a
660 3307 757 3380 nobis
784 3307 939 3396 infirmis,
966 3306 1125 3400 abjectis,
1152 3318 1186 3379 et
1213 3310 1368 3379 terrenis:
1395 3309 1547 3402 Aequum
1583 3321 1635 3382 est
1660 3318 1697 3383 ui

329 3429 525 3497 invocemus
551 3435 585 3495 te
610 3422 710 3496 Pater
743 3433 898 3511 aeterne,
933 3445 994 3517 per
1026 3423 1206 3495 doctrinam
1241 3422 1407 3495 vivificam
1444 3434 1478 3495 et
1511 3427 1695 3496 orahonem

331 3541 546 3628 dominicam,
573 3562 670 3635 mam
696 3543 882 3630 unigenitus
909 3539 1011 3611 Fihus
1037 3553 1111 3612 tuus
1138 3538 1322 3634 Apostolos
1350 3561 1429 3611 suos
1462 3549 1598 3612 sanctos
1626 3540 1694 3614 do-

331 3661 412 3744 cuit,
439 3667 473 3730 et
497 3661 616 3752 pignus
644 3655 829 3750 adoptionis
855 3654 995 3728 liliorum
1020 3654 1118 3728 nobis
1145 3658 1332 3742 concessit,
1358 3659 1585 3751 mysteriaque
1611 3656 1696 3730 haec

331 3773 466 3846 vivifica
492 3772 590 3844 nobis
616 3771 756 3859 tradidit,
784 3781 819 3843 ut
845 3794 919 3843 cum
941 3770 1058 3843 fiducia
1084 3793 1171 3866 quae
1197 3770 1281 3842 lilios
1308 3769 1405 3842 decet
1431 3781 1465 3843 et
1486 3774 1594 3862 juvat,
1621 3796 1696 3846 cum

332 3892 440 3960 anima
466 3898 607 3983 purgata
634 3912 654 3961 a
680 3887 817 3960 maculis
844 3891 989 3984 peccati,
1016 3897 1126 3959 mente
1153 3886 1195 3960 ab
1229 3872 1379 3960 omnibus
1412 3887 1583 3982 affectibus
1614 3913 1695 3962 ma·-

333 4001 501 4075 terinlibus
526 4001 653 4090 libera,
680 4001 783 4076 corde
809 4025 891 4100 puro
919 4027 939 4074 a
966 4007 1091 4076 cunctis
1118 4002 1375 4096 cogitationibus
1403 4005 1603 4097 carnalibus,
1629 4031 1695 4080 una

333 4142 419 4192 voce
446 4123 626 4212 gratiarum
653 4124 793 4194 actionis
819 4121 936 4217 plena,
964 4119 1144 4192 audeamus
1170 4130 1204 4194 te
1229 4124 1391 4195 iuvocare
1417 4122 1548 4195 Patrem
1581 4126 1694 4198 omni-

333 4245 523 4333 potentem,
552 4259 667 4326 orare,
694 4249 728 4309 et
756 4237 876 4310 dicere.
929 4239 1029 4310 Pater
1054 4249 1169 4312 noster
1196 4242 1313 4335 quies
1340 4243 1372 4310 in
1400 4238 1514 4312 coelis.

420 4353 596 4445 ,Populus
649 4354 880 4428 Sanctificetur
905 4377 1026 4427 nomen
1053 4365 1153 4428 tuum.

435 4469 618 4541 Sacerdos.
670 4470 813 4544 Domine
839 4470 934 4544 fortis
961 4481 995 4543 et
1019 4479 1160 4567 potens,
1188 4475 1242 4567 qui
1267 4475 1437 4560 virtutem,
1472 4484 1506 4546 et
1537 4485 1694 4568 potesta-

333 4595 398 4658 tem
424 4585 522 4659 nobis
549 4585 667 4659 dedisti
694 4587 856 4660 adversus
882 4589 1037 4660 virtutem
1063 4587 1168 4662 bostis
1195 4588 1384 4685 spiritualis,
1410 4589 1514 4662 libera
1541 4600 1574 4660 et
1599 4591 1696 4663 salva

331 4725 394 4776 nos
422 4702 464 4776 ab
492 4702 642 4774 omnibus
670 4703 822 4776 sordibus
848 4707 1045 4800 perniciosis
1072 4713 1141 4776 eta
1163 4701 1395 4777 tentationibus
1422 4701 1694 4798 intolerabilibus,

332 4822 505 4913 virgisque
531 4817 670 4893 luroris:
698 4825 773 4917 quia
799 4831 888 4892 tuum
916 4829 967 4892 est
992 4841 1142 4913 regnum,
1170 4831 1203 4893 et
1228 4829 1262 4892 tn
1289 4844 1327 4894 es
1353 4843 1418 4892 rex
1444 4821 1585 4913 gloriae,
1612 4818 1695 4893 tibi-

334 4957 398 5031 que
424 4935 564 5028 gloriam
589 4937 783 5026 referimus,
811 4945 844 5008 et
869 4939 1039 5028 unigenito
1065 4938 1151 5011 Filio
1177 4950 1253 5030 tuo,
1280 4948 1314 5009 et
1339 4937 1474 5034 Spiritui
1501 4947 1628 5013 sancto.

436 5051 598 5144 Populus.
650 5053 770 5127 Amen.

1415 5169 1494 5244 40*
