4814 6060
700 632 774 710 532
1203 631 1561 711 LITURGIA

693 845 756 920 per
777 824 919 918 gratiam
942 831 1032 894 marn
1058 820 1322 916 tranquillitatem
1349 830 1384 893 et
1408 843 1537 918 pacem,
1563 831 1717 917 tempora
1735 820 1882 894 laetitiae
1899 831 1934 892 et
1952 820 2068 895 abun-

695 940 839 1027 dantiae,
867 937 1117 1010 benedictiones
1144 936 1304 1010 ubertatis
1330 935 1510 1028 metuam,
1536 939 1767 1010 remissionem
1793 919 2083 1033 praevaricatio·-¹

694 1078 771 1128 rrum
798 1064 1004 1142 nostrarum,
1032 1051 1276 1126 abstersionem
1300 1056 1495 1149 insipienter
1520 1056 1791 1145 commissorum,
1815 1051 2067 1127 malefactorum

694 1170 940 1267 depulsionem,
966 1168 1152 1242 libertatem
1178 1166 1219 1240 ab
1248 1167 1398 1241 omnibus
1424 1169 1553 1264 laqueis
1589 1167 1780 1260 hostilibus,
1815 1180 1850 1242 ut
1880 1168 2066 1244 referamos

692 1287 752 1361 tibi
778 1285 921 1379 gloriam
948 1295 982 1357 ot
1006 1283 1154 1372 laudem,
1186 1284 1348 1380 simulque
1374 1288 1545 1378 unigenito
1571 1285 1656 1358 Filio
1684 1298 1759 1377 tuo,
1785 1296 1820 1360 et
1845 1287 1982 1383 Spiritui
2008 1296 2066 1360 tuo

694 1405 925 1491 sanctissimo,
952 1412 987 1474 et
1012 1405 1149 1498 optimo.
1567 1408 1572 1420 “

797 1518 960 1611 Populos.
1011 1518 1132 1593 Amen.

799 1634 974 1707 Sacerdos
1000 1634 1191 1705 inclinatas.
1232 1634 1355 1706 Iterum
1382 1633 1523 1727 dignare
1547 1635 1692 1708 Domine
1716 1637 1909 1708 meminisse
1934 1633 2066 1707 illorum

696 1753 840 1852 pmnium
868 1752 922 1845 qui
950 1747 991 1822 ab
1018 1751 1111 1821 initio
1138 1771 1244 1844 usque
1276 1749 1318 1821 ad
1350 1747 1466 1840 linem,
1501 1753 1534 1822 in
1567 1753 1633 1822 viis
1667 1752 1768 1822 rectis
1802 1749 2067 1842 ambulaverunt,

694 1878 729 1940 at
754 1878 787 1938 te
813 1869 918 1941 secuti
945 1875 1035 1953 sont,
1063 1866 1276 1960 confessique
1303 1877 1379 1938 sunt
1404 1888 1528 1939 nomen
1554 1877 1662 1954 tumn,
1689 1867 1900 1939 crediderunt
1925 1870 1959 1938 iu
1984 1869 2065 1940 urui-

693 1987 841 2078 geuitum
867 1982 984 2056 Filium
1011 1991 1112 2070 mum,
1137 1992 1171 2054 et
1196 1980 1286 2054 laeto
1314 1986 1424 2056 auimo
1452 1986 1676 2056 sustinuerunt
1702 1984 1908 2058 calamitates
1929 1995 2067 2080 propter
2177 2040 2182 2048 .

692 2109 746 2173 te:
773 2099 1013 2196 Prophetarum
1040 2107 1075 2170 et
1098 2097 1339 2194 Apostolorum
1373 2101 1428 2195 qui
1460 2099 1573 2195 placiti
1607 2099 1667 2172 tibi
1698 2076 1849 2188 bremun
1880 2099 2067 2195 Martpmm

696 2225 732 2287 et
758 2213 1000 2288 Confessorum
1035 2217 1090 2308 qui
1126 2225 1159 2286 te
1190 2226 1439 2307 cognoverunt,
1461 2217 1609 2288 -Patrum
1645 2225 1680 2288 et
1708 2215 1910 2302 Doctorum,
1945 2218 2000 2310 qui
2033 2225 2067 2288 ta

695 2351 855 2404 veracem
882 2327 1202 2426 comprobaverunt,
1229 2352 1304 2402 curn
1330 2333 1507 2427 purissima
1533 2331 1674 2425 Virgine
1701 2341 1833 2420 sancta,
1865 2331 1930 2402 Dei
1963 2332 2066 2423 geni·

694 2450 779 2521 trice
804 2447 931 2538 Maria,
963 2455 1069 2518 matre
1101 2450 1261 2540 unigeniti
1287 2451 1349 2537 tui,
1382 2458 1417 2520 et
1441 2449 1577 2544 reliquis
1604 2452 1728 2521 sanctis
1763 2449 1878 2521 amieis
1911 2455 1945 2518 et
1975 2446 2066 2518 dile-

695 2566 758 2636 ctis
784 2566 858 2638 tuis.

801 2680 965 2774 Populos.
1015 2679 1120 2775 llyrie
1150 2677 1288 2752 eleison.

800 2795 976 2868 Sacerdos
1002 2795 1140 2867 clocam
1169 2817 1297 2867 uocem.
1339 2794 1536 2870 Amicorum
1561 2796 1744 2888 majestatis
1770 2807 1849 2869 tuae
1873 2795 2067 2868 memoriam

695 2913 826 3005 agimus
853 2911 1007 3001 Domine,
1034 2921 1070 2983 et
1094 2934 1170 2984 cum
1196 2911 1434 3008 deprecatione
1458 2912 1600 3010 supplici
1617 2935 1637 2983 a
1657 2922 1691 2984 te
1709 2916 1863 3009 petimus,
1889 2922 1926 2984 ut
1946 2911 2091 3004 dignos

693 3028 802 3102 iacias
828 3049 891 3100 uos
917 3027 1053 3121 adjungi
1086 3027 1256 3102 ordinibus
1290 3050 1425 3119 eorum,
1455 3037 1490 3101 et
1524 3029 1649 3102 admitti
1683 3032 1718 3100 in
1750 3027 2067 3122 congregationibus

694 3165 824 3236 eorum,
852 3154 887 3216 et
912 3144 1072 3218 collocari
1097 3147 1184 3217 inter
1209 3155 1325 3219 coetus
1352 3167 1478 3218 eorum.
1530 3145 1716 3244 Propterea
1742 3141 1912 3218 iufirmitas
1938 3153 2066 3233 nosne,

694 3259 753 3336 luti
778 3261 901 3360 pelago
928 3261 1096 3352 immersa,
1122 3271 1284 3334 memorat
1310 3283 1426 3333 corum
1451 3264 1595 3350 nomina,
1622 3270 1658 3334 ut
1683 3271 1839 3357 tanquam
1867 3260 1928 3334 alis
1952 3260 2064 3331 levis-

695 3381 788 3452 simis
815 3377 978 3451 subveeta
1004 3379 1136 3451 nomina
1161 3389 1277 3451 nostra
1304 3376 1490 3450 infirmaet
1515 3377 1667 3471 indigua,
1700 3381 1893 3451 memoriam
1919 3374 2065 3449 babeant

692 3497 728 3568 in
756 3491 962 3596 orationibus
989 3516 1118 3583 eorum,
1146 3505 1180 3566 et
1205 3497 1239 3566 in
1264 3492 1419 3567 Ecclesia
1445 3497 1741 3590 primogenitorum
1767 3497 1800 3566 iu
1827 3493 1940 3582 coelo,
1972 3495 2063 3564 scri-

694 3611 816 3686 bantm
851 3633 913 3706 par
945 3613 1220 3684 intercessionem
1254 3631 1386 3685 eorum:
1417 3633 1547 3706 nosque
1582 3631 1698 3683 omnes
1731 3611 1824 3684 servi
1854 3614 1901 3682 tui
1932 3611 2064 3683 viriet

695 3729 816 3803 mortui
840 3725 1003 3798 laetemur
1027 3728 1061 3798 in
1086 3747 1195 3820 regno
1221 3735 1277 3798 tuo
1310 3737 1466 3817 aeterno,
1502 3748 1564 3822 per
1589 3729 1807 3822 patrocinium
1838 3748 1971 3815 corum,
1999 3749 2062 3800 se-

695 3823 837 3915 cundam
863 3844 1121 3938 promissionem
1147 3863 1263 3916 veram
1290 3843 1450 3935 unigeniti
1475 3841 1550 3914 Filii
1577 3845 1636 3934 tui,
1663 3846 1718 3939 qui
1744 3865 1918 3918 sermones
1946 3865 2061 3917 eorum
2094 3837 2100 3852 '

695 3957 922 4031 confirmavit:
958 3967 992 4031 et
1017 3981 1090 4032 cunr
1125 3981 1191 4054 quo
1216 3966 1251 4030 te
1283 3957 1380 4031 decet
1405 3958 1532 4051 g'lou'a,
1558 3958 1683 4048 bonor,
1720 3970 1754 4031 et
1783 3961 1956 4056 imperium
1988 3981 2063 4032 cum

694 4073 819 4173 Spiritu
845 4085 902 4147 tuo
929 4085 1056 4149 sancto.

798 4190 961 4284 Papulas.
1013 4192 1134 4264 Amen.

798 4305 974 4379 Sacerdos
1003 4308 1195 4379 inclinatas.
1248 4307 1401 4403 Amplius
1428 4312 1527 4382 etiam
1553 4320 1721 4383 momento
1747 4307 1907 4395 Domine,
1934 4287 2061 4382 Pasto-

694 4445 767 4495 rum
803 4421 1005 4514 electarum,
1031 4433 1066 4496 et
1090 4445 1249 4497 verorum
1285 4429 1340 4520 qui
1374 4425 1486 4519 legem
1520 4425 1703 4499 docaeumt
1734 4433 1912 4514 accurate,
1947 4445 2063 4496 eornm

690 4541 746 4633 qai
767 4537 927 4631 judicium
954 4538 1040 4632 legis
1067 4539 1264 4612 christianae
1289 4561 1374 4614 vere
1406 4553 1440 4614 et
1469 4553 1563 4615 reete
1596 4541 1927 4631 administraverant,
1961 4551 1995 4613 ct
2029 4544 2063 4612 in

687 4653 754 4726 fide
782 4651 999 4745 orthodoxa,
1035 4678 1081 4728 ex
1107 4659 1176 4728 vita
1202 4654 1265 4729 bac
1291 4655 1482 4749 laboriosa,
1516 4659 1558 4731 ad
1592 4662 1795 4751 unigenitam
1821 4658 1940 4732 Filium
1972 4665 2062 4728 mum

691 4770 935 4862 migravemnt:
963 4793 1079 4847 eorum
1107 4774 1162 4868 qui
1188 4795 1208 4844 a
1234 4773 1324 4848 Divo
1357 4773 1527 4848 ⁵Jaeobo
1545 4773 1795 4868 'theologorum
1808 4777 1972 4872 principe,
1997 4769 2063 4844 buc

692 4907 810 4980 usque,
837 4889 1072 4982 mysteriorum
1099 4887 1284 4964 dimnorum
1311 4892 1482 4964 seientiam
1508 4889 1671 4964 Ecclesiis
1704 4895 1768 4966 tuis
1801 4895 1925 4964 sanctis
1952 4887 2062 4961 tradi-

694 5001 822 5088 derant,
850 5010 886 5074 et
912 5007 1000 5076 omui
1026 5027 1154 5098 genere
1180 5006 1421 5102 deprecationis
1448 5011 1499 5081 usi
1526 5019 1619 5099 sunt,
1653 5030 1715 5104 pro
1746 5007 1820 5080 liliis
1854 5009 1923 5082 suis
1955 5006 2062 5102 spiri·
2134 5103 2138 5116 Ι

689 5116 842 5191 tualibus.
