4712 6032
543 1017 594 1108 IN
624 1017 886 1110 LuuRthtt
942 1019 1198 1106 carnatus
1229 1023 1414 1110 nonam

862 1222 891 1302 ll
916 1221 941 1304 t
964 1221 991 1303 T
1012 1222 1093 1304 lu.

380 1481 409 1544 l.
430 1470 579 1548 Paterna
601 1479 700 1554 istam,
722 1476 802 1540 nulla
826 1478 883 1540 alia
911 1478 992 1559 apud
1023 1478 1193 1542 Orientales
1217 1479 1365 1544 Clementi
1388 1482 1538 1564 adscripta
1562 1486 1667 1550 Litur-

294 1589 344 1670 qia
372 1585 525 1664 reperitur
555 1583 586 1644 in
607 1581 679 1643 ltlss.
703 1580 883 1658 Codicibus,
915 1580 997 1662 quod
1027 1583 1133 1644 mirum
1163 1599 1238 1644 sane
1265 1582 1362 1646 videri
1395 1595 1518 1666 posset,
1546 1592 1666 1670 quando

294 1685 413 1767 quidem
440 1683 471 1744 in
502 1679 695 1744 clementinis
724 1676 993 1742 Constitutionibus
1024 1687 1107 1742 estat
1135 1683 1254 1762 integra
1282 1681 1360 1746 illius
1391 1683 1486 1748 lorma
1515 1687 1593 1751 libro
1621 1687 1668 1751 8⁰.

294 1784 457 1864 descripta.
502 1783 615 1844 Verum
637 1779 772 1862 quamvis
794 1778 911 1842 illarum
940 1777 1192 1842 Constitutionum
1214 1797 1289 1860 quas
1315 1781 1481 1860 Doscotio,
1511 1785 1668 1850 decurtato

294 1874 524 1954 Διδασκαλὶας
545 1879 676 1954 nomino,
701 1878 770 1959 Syri
793 1884 824 1940 et
846 1877 965 1940 Arabes
999 1895 1112 1940 vocare
1134 1878 1245 1956 solent,
1268 1879 1427 1944 versiones
1458 1891 1489 1944 et
1517 1885 1668 1963 epitomae

294 1979 396 2062 plures
426 1981 619 2062 reperiantur
648 1977 679 2039 iu
711 1975 947 2040 Collectionibus
976 1974 1140 2058 ,Canonnm
1177 1975 1333 2052 Arabicis,
1372 1978 1465 2042 ultimi
1492 1981 1571 2044 illius
1598 1981 1668 2046 libri

293 2079 463 2161 fragmenta
485 2084 598 2140 tantum
619 2074 746 2137 habent:
775 2080 806 2136 et
833 2075 858 2138 is
887 2074 964 2137 liber
992 2077 1023 2138 in
1052 2074 1255 2138 vetustissima
1284 2075 1408 2158 Syriaca
1430 2080 1580 2143 versione
1605 2081 1668 2144 Co-

295 2176 369 2239 dicis
391 2175 558 2240 Florentini
579 2189 640 2234 non
663 2179 757 2235 extat.
811 2172 918 2253 Neque
948 2173 1029 2255 apud
1060 2175 1212 2252 Graecos,
1244 2191 1261 2234 a
1291 2175 1400 2254 quibus
1431 2176 1667 2242 constitutiones

295 2273 487 2355 Apostolicas
510 2272 580 2353 Syri
601 2278 633 2334 et
655 2269 706 2332 alii
728 2277 929 2349 acceperunt,
960 2273 1106 2334 memoria
1132 2270 1194 2332 ulla
1223 2277 1271 2332 est
1298 2270 1454 2356 Liturgiae
1485 2292 1562 2354 quae
1593 2276 1668 2338 Cle-

294 2373 385 2434 menti
408 2373 601 2442 tribueretur,
625 2368 695 2450 quia
717 2367 833 2430 scilicet
855 2367 885 2429 in
907 2368 988 2431 nulla
1012 2368 1150 2431 Ecclesia
1173 2368 1299 2445 celebri,
1322 2377 1353 2432 et
1376 2390 1454 2452 quae
1478 2372 1544 2436 aliis
1567 2372 1668 2455 legem

296 2479 346 2533 aut
368 2471 538 2551 exemplum
561 2469 634 2530 dare
657 2474 771 2547 posset,
795 2465 892 2530 forma
919 2469 1029 2530 rituum
1060 2475 1091 2530 et
1120 2469 1289 2530 orationum
1319 2470 1496 2550 singularis,
1525 2489 1566 2532 ex
1594 2468 1669 2533 Cle-

296 2571 433 2634 mentinis
456 2583 616 2656 expressa,
639 2566 668 2627 in
692 2583 749 2627 usu
771 2563 835 2628 luit.
880 2565 967 2628 ilatio
997 2585 1053 2629 our
1082 2567 1168 2629 istam
1191 2567 1349 2630 Jacobitae
1379 2569 1607 2648 composuerint
1638 2576 1669 2630 et

297 2668 444 2732 Clementi
466 2665 656 2729 attribuerint
677 2663 789 2726 trustra
813 2673 1023 2745 quaereretur,
1046 2666 1103 2728 nisi
1119 2665 1271 2746 dignitatis
1286 2683 1373 2746 quam
1397 2684 1575 2747 comparare
1598 2666 1669 2754 huic

297 2768 391 2830 ollloio
422 2767 522 2829 conati
551 2769 620 2824 sunt
648 2780 687 2824 ex
715 2763 835 2826 nomine
865 2764 923 2825 viri
945 2763 1131 2845 Apostolioi,
1159 2765 1244 2846 cujus
1274 2765 1448 2827 memoriam
1474 2764 1670 2827 inseruerunt

298 2865 455 2946 aliquoties
477 2863 509 2923 in
531 2859 687 2940 Diptychis
710 2863 785 2940 suis,
807 2869 840 2924 ut
862 2863 950 2924 etiam
973 2864 1003 2926 in
1026 2861 1226 2926 Confessione
1249 2880 1338 2943 quam
1351 2861 1533 2926 Ordinandis
1554 2862 1669 2926 Sacer-

299 2964 416 3027 dotibus
438 2959 577 3042 praelegi
595 2957 683 3039 jubet
710 2959 890 3024 Pontificalis
919 2961 1091 3037 Mediceus;
1123 2970 1155 3025 et
1183 2963 1269 3043 cujus
1299 2962 1413 3042 aliquot
1443 2964 1611 3025 testimonia
1638 2964 1669 3024 in

298 3081 370 3126 suae
393 3059 543 3139 opinionis
565 3057 765 3138 patrocinium
787 3059 923 3122 referunt
950 3061 980 3122 in
1011 3058 1224 3136 Collectaneis,
1248 3059 1286 3122 de
1310 3061 1418 3140 quibus
1441 3079 1534 3141 saepe
1558 3047 1669 3124 dictum

298 3167 353 3224 est.
398 3159 466 3222 Non
489 3158 568 3220 edita
591 3156 690 3219 estin
714 3155 827 3218 llissali
857 3155 1030 3228 chaldaico,
1054 3175 1154 3238 neque
1186 3156 1308 3218 Gabriel
1331 3157 1444 3221 Sionita
1470 3160 1501 3220 in
1531 3159 1668 3238 Epistola
1745 3173 1880 3239 spontem
1914 3171 1992 3224 ndat.

298 3259 335 3322 ad
357 3257 522 3334 Nihusium,
547 3262 597 3316 aut
618 3252 771 3316 Abraham
793 3254 981 3316 Echellensis
1004 3255 1090 3318 Notis
1120 3255 1158 3317 ad
1180 3254 1390 3332 Heben-lesu,
1412 3255 1491 3318 illius
1520 3256 1668 3318 memine-
1696 3276 1723 3328 p.
1740 3256 1804 3310 29¹·

297 3365 375 3436 runt,
400 3364 431 3418 et
452 3355 541 3436 pauci
565 3353 694 3416 Codices
717 3371 783 3415 eam
805 3360 1044 3433 repraesentent.
1094 3354 1203 3416 Versio
1226 3352 1305 3415 lacta
1328 3361 1376 3416 est
1398 3353 1435 3416 ad
1457 3353 1556 3417 bonae
1579 3360 1669 3415 notae

300 3453 442 3517 Codioem
465 3451 670 3516 Colbertinum
693 3448 789 3515 3921.

355 3533 363 3552 ⁸
384 3551 422 3614 Ut
444 3549 591 3630 probetur
613 3548 778 3632 liturgiam
807 3549 894 3611 istam
917 3546 1080 3610 Clementis
1102 3548 1227 3611 llomani
1255 3567 1332 3628 opus
1362 3565 1421 3610 non
1449 3568 1536 3626 esse,
1570 3549 1671 3612 multis

299 3651 402 3732 verbis
425 3667 486 3712 non
509 3667 585 3730 opus
609 3655 666 3727 est,
690 3666 758 3710 oum
780 3667 819 3710 ne
848 3647 947 3710 levem
969 3648 1089 3728 quidem
1116 3647 1184 3710 talis
1212 3649 1394 3728 antiquitatis
1421 3655 1522 3712 notam
1551 3648 1671 3724 babeat,

301 3748 356 3812 sed
378 3749 558 3811 recentioris
580 3749 649 3809 aevi
670 3765 729 3808 non
753 3765 883 3826 paucas,
913 3748 994 3808 inter
1023 3764 1098 3828 quas
1127 3747 1291 3827 praecipua
1319 3746 1439 3808 videtur
1467 3764 1555 3822 esse,
1583 3746 1671 3808 stilus

299 3846 350 3910 ille
372 3865 389 3908 a
412 3847 507 3927 prima
529 3845 718 3926 simplicitate
741 3845 950 3926 degenerans,
973 3853 1004 3907 et
1025 3865 1099 3908 vere
1122 3844 1256 3907 Asiatica
1278 3862 1525 3927 synonymorum,
1548 3845 1671 3925 epithe-

300 3953 408 4020 torum,
431 3943 733 4024 metaphorarumque
756 3943 933 4025 congeries,
968 3962 1024 4024 per
1046 3962 1134 4025 quam
1157 3943 1193 4006 ad
1216 3960 1388 4024 supremum
1411 3945 1579 4026 elegantiae
1603 3943 1671 4005 cul-

299 4062 367 4106 men
389 4042 544 4123 perveniri
567 4040 738 4104 Orientales
762 4041 943 4106 existimant.
989 4041 1021 4102 ld
1044 4043 1131 4105 etiam
1152 4041 1261 4122 probat
1284 4041 1395 4106 additio
1419 4043 1533 4124 aliquot
1554 4042 1671 4104 verbo-

299 4159 366 4202 rum
388 4141 418 4202 in
442 4140 536 4203 lorma
561 4140 760 4202 consecrandi
787 4140 874 4219 panis
905 4147 935 4202 et
963 4139 1083 4218 calicis,
1115 4148 1147 4203 ut
1174 4141 1204 4203 in
1232 4141 1343 4221 prima,
1372 4143 1454 4220 quod
1482 4159 1543 4220 pro
1572 4141 1672 4202 multis

296 4238 434 4317 fidelitates
456 4239 645 4300 immoletur:
668 4239 698 4300 in
721 4237 827 4317 altera,
850 4241 976 4318 sanquis
996 4257 1081 4300 mmm
1093 4241 1146 4319 qai
1158 4241 1317 4318 conpensat
1338 4245 1546 4301 testamentum
1567 4239 1673 4298 mortis

298 4355 400 4399 meae:
424 4357 503 4420 quae
526 4335 671 4399 formulae
695 4337 791 4419 magis
817 4337 1038 4400 recentioribus
1066 4337 1178 4400 similes
1207 4345 1286 4416 sunt,
1311 4355 1399 4418 quam
1421 4339 1550 4399 vetustis
1573 4333 1672 4398 Grae-

300 4435 354 4514 cis,
378 4435 591 4518 Syriacisque,
614 4453 738 4516 quarum
762 4436 912 4498 sententia
935 4435 973 4497 ad
995 4435 1159 4499 verborum
1178 4435 1431 4520 Evangelicorum
1454 4435 1673 4516 simplicitatem

300 4535 425 4615 propius
451 4534 579 4598 accedit.
617 4533 650 4594 ln
673 4533 867 4597 invocatione
891 4535 1020 4616 Spiritus
1043 4536 1140 4597 sancti
1161 4534 1191 4596 id
1215 4533 1447 4607 observandum,
1471 4532 1551 4614 quod
1575 4533 1672 4595 oratio

300 4649 379 4710 quae
401 4635 496 4697 verba
520 4633 629 4696 Christi
652 4635 790 4714 sequitur
812 4640 935 4715 praeter
950 4633 1074 4696 aliarum
1088 4651 1203 4696 morem
1217 4633 1333 4713 prolixa
1358 4630 1419 4696 est'
1428 4650 1519 4712 supra
1541 4632 1672 4707 modum,

300 4729 340 4790 ita
362 4737 394 4792 ut
416 4732 512 4814 majus
536 4733 657 4796 omnino
680 4733 760 4794 inter
782 4732 833 4795 illa
857 4741 888 4795 et
911 4731 1146 4810 invocationem,
1169 4733 1207 4794 sit
1223 4729 1422 4794 intervallum.
1445 4730 1551 4811 Neque
1574 4737 1673 4793 tamen

299 4827 493 4892 interlocutio
518 4830 645 4892 Diaconi
667 4831 801 4894 occurrit
824 4832 910 4894 utin
934 4829 1060 4894 Graecis
1082 4830 1313 4913 posterioribus,
1337 4845 1405 4890 nam
1428 4847 1481 4892 eas
1505 4829 1672 4892 additiones

301 4925 424 4988 Graecis
447 4937 620 5009 usurpatas,
644 4930 785 5012 ignorant
810 4928 979 4993 Orientales
1003 4929 1170 4994 Ecclesiae.
