<?xml version="1.0" encoding="UTF-8"?>
<!DOCTYPE html PUBLIC "-//W3C//DTD XHTML 1.0 Transitional//EN"
    "http://www.w3.org/TR/xhtml1/DTD/xhtml1-transitional.dtd">
<html xmlns="http://www.w3.org/1999/xhtml" xml:lang="en" lang="en">
 <head>
  <title>
</title>
<meta http-equiv="Content-Type" content="text/html;charset=utf-8" />
  <meta name='ocr-system' content='tesseract 3.04.00' />
  <meta name='ocr-capabilities' content='ocr_page ocr_carea ocr_par ocr_line ocrx_word'/>
</head>
<body>
  <div class='ocr_page' id='page_1' title='image "./liturgiarumorie04renagoog_0176.png"; bbox 0 0 4728 6028; ppageno 0'>
   <div class='ocr_carea' id='block_1_1' title="bbox 743 503 1709 584">
    <p class='ocr_par' dir='ltr' id='par_1_1' title="bbox 743 503 1709 584">
     <span class='ocr_line' id='line_1_1' title="bbox 743 503 1709 584; baseline -0.002 0"><span class='ocrx_word' id='word_1_1' title='bbox 743 505 773 584; x_wconf 90' lang='lat' dir='ltr'><strong>S.</strong></span> <span class='ocrx_word' id='word_1_2' title='bbox 799 503 933 582; x_wconf 87' lang='lat' dir='ltr'><strong>XYSTI</strong></span> <span class='ocrx_word' id='word_1_3' title='bbox 963 506 1106 584; x_wconf 76' lang='lat' dir='ltr'><strong>PAPAE</strong></span> <span class='ocrx_word' id='word_1_4' title='bbox 1132 505 1318 584; x_wconf 78' lang='lat' dir='ltr'><strong>tantm.</strong></span> <span class='ocrx_word' id='word_1_5' title='bbox 1579 533 1581 538; x_wconf 71' lang='grc'>’</span> <span class='ocrx_word' id='word_1_6' title='bbox 1636 507 1709 582; x_wconf 86' lang='grc'><strong>139</strong></span> 
     </span>
    </p>
   </div>
   <div class='ocr_carea' id='block_1_2' title="bbox 345 689 1711 1136">
    <p class='ocr_par' dir='ltr' id='par_1_2' title="bbox 345 689 1711 1136">
     <span class='ocr_line' id='line_1_2' title="bbox 352 689 1710 789; baseline 0.002 -27"><span class='ocrx_word' id='word_1_7' title='bbox 352 729 355 740; x_wconf 89' lang='grc'><strong><em>·</em></strong></span> <span class='ocrx_word' id='word_1_8' title='bbox 449 689 633 766; x_wconf 85' lang='lat' dir='ltr'><strong>Sacerdos.</strong></span> <span class='ocrx_word' id='word_1_9' title='bbox 685 691 729 764; x_wconf 88' lang='lat' dir='ltr'><strong>Et</strong></span> <span class='ocrx_word' id='word_1_10' title='bbox 762 691 903 789; x_wconf 81' lang='lat' dir='ltr'><strong>Spiritus</strong></span> <span class='ocrx_word' id='word_1_11' title='bbox 939 695 1061 784; x_wconf 87' lang='lat' dir='ltr'><strong>sancti,</strong></span> <span class='ocrx_word' id='word_1_12' title='bbox 1092 697 1261 789; x_wconf 90' lang='lat' dir='ltr'><strong>principii,</strong></span> <span class='ocrx_word' id='word_1_13' title='bbox 1288 691 1522 789; x_wconf 85' lang='lat' dir='ltr'><strong>perfectionis,</strong></span> <span class='ocrx_word' id='word_1_14' title='bbox 1548 704 1583 766; x_wconf 87' lang='lat' dir='ltr'><strong>ct</strong></span> <span class='ocrx_word' id='word_1_15' title='bbox 1608 692 1710 785; x_wconf 82' lang='lat' dir='ltr'><strong>sigilli</strong></span> 
     </span>
     <span class='ocr_line' id='line_1_3' title="bbox 347 807 1710 904; baseline 0.001 -24"><span class='ocrx_word' id='word_1_16' title='bbox 347 810 491 881; x_wconf 90' lang='lat' dir='ltr'><strong>omnium</strong></span> <span class='ocrx_word' id='word_1_17' title='bbox 517 832 603 904; x_wconf 88' lang='lat' dir='ltr'><strong>quaa</strong></span> <span class='ocrx_word' id='word_1_18' title='bbox 636 819 712 882; x_wconf 92' lang='lat' dir='ltr'><strong>sunt</strong></span> <span class='ocrx_word' id='word_1_19' title='bbox 738 818 772 880; x_wconf 90' lang='lat' dir='ltr'><strong>et</strong></span> <span class='ocrx_word' id='word_1_20' title='bbox 805 807 936 880; x_wconf 86' lang='lat' dir='ltr'><strong>luenmt</strong></span> <span class='ocrx_word' id='word_1_21' title='bbox 966 812 1001 880; x_wconf 93' lang='lat' dir='ltr'><strong>in</strong></span> <span class='ocrx_word' id='word_1_22' title='bbox 1033 809 1129 882; x_wconf 86' lang='lat' dir='ltr'><strong>coelo</strong></span> <span class='ocrx_word' id='word_1_23' title='bbox 1163 820 1197 881; x_wconf 86' lang='lat' dir='ltr'><strong>et</strong></span> <span class='ocrx_word' id='word_1_24' title='bbox 1226 813 1260 881; x_wconf 93' lang='lat' dir='ltr'><strong>in</strong></span> <span class='ocrx_word' id='word_1_25' title='bbox 1292 820 1398 882; x_wconf 85' lang='lat' dir='ltr'><strong>terra:</strong></span> <span class='ocrx_word' id='word_1_26' title='bbox 1432 812 1526 883; x_wconf 90' lang='lat' dir='ltr'><strong>unius</strong></span> <span class='ocrx_word' id='word_1_27' title='bbox 1560 812 1710 898; x_wconf 90' lang='lat' dir='ltr'><strong>virtutis,</strong></span> 
     </span>
     <span class='ocr_line' id='line_1_4' title="bbox 345 917 1711 1020; baseline 0 -24"><span class='ocrx_word' id='word_1_28' title='bbox 345 927 655 1020; x_wconf 77' lang='lat' dir='ltr'><strong>uniuspotestatis,</strong></span> <span class='ocrx_word' id='word_1_29' title='bbox 691 927 784 996; x_wconf 90' lang='lat' dir='ltr'><strong>unius</strong></span> <span class='ocrx_word' id='word_1_30' title='bbox 817 917 1013 1016; x_wconf 77' lang='lat' dir='ltr'><strong>voluntatis,</strong></span> <span class='ocrx_word' id='word_1_31' title='bbox 1039 929 1134 997; x_wconf 91' lang='lat' dir='ltr'><strong>unius</strong></span> <span class='ocrx_word' id='word_1_32' title='bbox 1161 926 1224 998; x_wconf 85' lang='lat' dir='ltr'><strong>Dei</strong></span> <span class='ocrx_word' id='word_1_33' title='bbox 1251 929 1341 1014; x_wconf 88' lang='lat' dir='ltr'><strong>van&#39;;</strong></span> <span class='ocrx_word' id='word_1_34' title='bbox 1375 926 1554 1017; x_wconf 84' lang='lat' dir='ltr'><strong>benedicti,</strong></span> <span class='ocrx_word' id='word_1_35' title='bbox 1582 923 1711 998; x_wconf 85' lang='lat' dir='ltr'><strong>excelsi</strong></span> 
     </span>
     <span class='ocr_line' id='line_1_5' title="bbox 347 1040 1332 1136; baseline 0.001 -23"><span class='ocrx_word' id='word_1_36' title='bbox 347 1051 381 1113; x_wconf 90' lang='lat' dir='ltr'><strong>ct</strong></span> <span class='ocrx_word' id='word_1_37' title='bbox 405 1040 550 1132; x_wconf 78' lang='lat' dir='ltr'><strong>indivisi,</strong></span> <span class='ocrx_word' id='word_1_38' title='bbox 577 1066 597 1114; x_wconf 90' lang='lat' dir='ltr'><strong>a</strong></span> <span class='ocrx_word' id='word_1_39' title='bbox 623 1063 689 1136; x_wconf 86' lang='lat' dir='ltr'><strong>quo</strong></span> <span class='ocrx_word' id='word_1_40' title='bbox 719 1050 772 1114; x_wconf 85' lang='lat' dir='ltr'><strong>est</strong></span> <span class='ocrx_word' id='word_1_41' title='bbox 796 1044 867 1114; x_wconf 90' lang='lat' dir='ltr'><strong>vita</strong></span> <span class='ocrx_word' id='word_1_42' title='bbox 893 1044 926 1113; x_wconf 94' lang='lat' dir='ltr'><strong>in</strong></span> <span class='ocrx_word' id='word_1_43' title='bbox 953 1042 1085 1116; x_wconf 87' lang='lat' dir='ltr'><strong>saccula</strong></span> <span class='ocrx_word' id='word_1_44' title='bbox 1113 1042 1332 1118; x_wconf 86' lang='lat' dir='ltr'><strong>saeculoram.</strong></span> 
     </span>
    </p>
   </div>
   <div class='ocr_carea' id='block_1_3' title="bbox 586 1383 1476 1458">
    <p class='ocr_par' dir='ltr' id='par_1_3' title="bbox 586 1383 1476 1458">
     <span class='ocr_line' id='line_1_6' title="bbox 586 1383 1476 1458; baseline -0.003 -1"><span class='ocrx_word' id='word_1_45' title='bbox 586 1384 761 1457; x_wconf 81' lang='lat' dir='ltr'><strong>Sacerdos</strong></span> <span class='ocrx_word' id='word_1_46' title='bbox 786 1383 871 1456; x_wconf 82' lang='lat' dir='ltr'><strong>dicit</strong></span> <span class='ocrx_word' id='word_1_47' title='bbox 893 1385 1096 1458; x_wconf 53' lang='lat' dir='ltr'><strong>»Orationem</strong></span> <span class='ocrx_word' id='word_1_48' title='bbox 1121 1391 1201 1457; x_wconf 82' lang='lat' dir='ltr'><strong>acle</strong></span> <span class='ocrx_word' id='word_1_49' title='bbox 1226 1384 1327 1456; x_wconf 91' lang='lat' dir='ltr'><strong>Patcr</strong></span> <span class='ocrx_word' id='word_1_50' title='bbox 1352 1394 1476 1457; x_wconf 86' lang='lat' dir='ltr'><strong>noster.</strong></span> 
     </span>
    </p>
   </div>
   <div class='ocr_carea' id='block_1_4' title="bbox 344 1589 1743 5159">
    <p class='ocr_par' dir='ltr' id='par_1_4' title="bbox 346 1589 1710 2129">
     <span class='ocr_line' id='line_1_7' title="bbox 449 1589 1708 1696; baseline -0.003 -31"><span class='ocrx_word' id='word_1_51' title='bbox 449 1592 556 1687; x_wconf 85' lang='lat' dir='ltr'><strong>Aperi</strong></span> <span class='ocrx_word' id='word_1_52' title='bbox 587 1591 730 1665; x_wconf 85' lang='lat' dir='ltr'><strong>Domine</strong></span> <span class='ocrx_word' id='word_1_53' title='bbox 756 1593 865 1680; x_wconf 86' lang='lat' dir='ltr'><strong>Deus,</strong></span> <span class='ocrx_word' id='word_1_54' title='bbox 901 1615 961 1665; x_wconf 88' lang='lat' dir='ltr'><strong>ora</strong></span> <span class='ocrx_word' id='word_1_55' title='bbox 988 1602 1022 1664; x_wconf 89' lang='lat' dir='ltr'><strong>et</strong></span> <span class='ocrx_word' id='word_1_56' title='bbox 1045 1591 1133 1664; x_wconf 92' lang='lat' dir='ltr'><strong>labia</strong></span> <span class='ocrx_word' id='word_1_57' title='bbox 1153 1600 1285 1664; x_wconf 90' lang='lat' dir='ltr'><strong>nostra:</strong></span> <span class='ocrx_word' id='word_1_58' title='bbox 1313 1589 1482 1662; x_wconf 83' lang='lat' dir='ltr'><strong>sanctifica</strong></span> <span class='ocrx_word' id='word_1_59' title='bbox 1506 1591 1604 1660; x_wconf 88' lang='lat' dir='ltr'><strong>etiam</strong></span> <span class='ocrx_word' id='word_1_60' title='bbox 1623 1611 1708 1696; x_wconf 78' lang='lat' dir='ltr'><strong>cor-</strong></span> 
     </span>
     <span class='ocr_line' id='line_1_8' title="bbox 347 1706 1708 1806; baseline -0.001 -26"><span class='ocrx_word' id='word_1_61' title='bbox 347 1729 430 1803; x_wconf 88' lang='lat' dir='ltr'><strong>pora</strong></span> <span class='ocrx_word' id='word_1_62' title='bbox 447 1717 491 1778; x_wconf 81' lang='lat' dir='ltr'><strong>ot</strong></span> <span class='ocrx_word' id='word_1_63' title='bbox 517 1711 642 1781; x_wconf 85' lang='lat' dir='ltr'><strong>animas</strong></span> <span class='ocrx_word' id='word_1_64' title='bbox 670 1710 812 1781; x_wconf 91' lang='lat' dir='ltr'><strong>omnium</strong></span> <span class='ocrx_word' id='word_1_65' title='bbox 845 1718 1009 1780; x_wconf 90' lang='lat' dir='ltr'><strong>nostrum:</strong></span> <span class='ocrx_word' id='word_1_66' title='bbox 1044 1731 1151 1806; x_wconf 86' lang='lat' dir='ltr'><strong>purga</strong></span> <span class='ocrx_word' id='word_1_67' title='bbox 1187 1729 1319 1803; x_wconf 79' lang='lat' dir='ltr'><strong>quoqrm</strong></span> <span class='ocrx_word' id='word_1_68' title='bbox 1349 1715 1478 1778; x_wconf 87' lang='lat' dir='ltr'><strong>mentes</strong></span> <span class='ocrx_word' id='word_1_69' title='bbox 1511 1713 1545 1775; x_wconf 88' lang='lat' dir='ltr'><strong>ot</strong></span> <span class='ocrx_word' id='word_1_70' title='bbox 1578 1706 1708 1800; x_wconf 78' lang='lat' dir='ltr'><strong>linguas</strong></span> 
     </span>
     <span class='ocr_line' id='line_1_9' title="bbox 346 1820 1710 1921; baseline -0.001 -27"><span class='ocrx_word' id='word_1_71' title='bbox 346 1832 493 1914; x_wconf 87' lang='lat' dir='ltr'><strong>nostras,</strong></span> <span class='ocrx_word' id='word_1_72' title='bbox 518 1833 554 1895; x_wconf 91' lang='lat' dir='ltr'><strong>ut</strong></span> <span class='ocrx_word' id='word_1_73' title='bbox 579 1823 823 1921; x_wconf 82' lang='lat' dir='ltr'><strong>deprecabundi</strong></span> <span class='ocrx_word' id='word_1_74' title='bbox 849 1822 1028 1898; x_wconf 86' lang='lat' dir='ltr'><strong>clamemus</strong></span> <span class='ocrx_word' id='word_1_75' title='bbox 1055 1824 1098 1896; x_wconf 88' lang='lat' dir='ltr'><strong>ad</strong></span> <span class='ocrx_word' id='word_1_76' title='bbox 1130 1833 1183 1914; x_wconf 89' lang='lat' dir='ltr'><strong>te,</strong></span> <span class='ocrx_word' id='word_1_77' title='bbox 1215 1823 1318 1895; x_wconf 86' lang='lat' dir='ltr'><strong>Pater</strong></span> <span class='ocrx_word' id='word_1_78' title='bbox 1350 1820 1649 1896; x_wconf 84' lang='lat' dir='ltr'><strong>misericordiarum</strong></span> <span class='ocrx_word' id='word_1_79' title='bbox 1676 1831 1710 1894; x_wconf 90' lang='lat' dir='ltr'><strong>et</strong></span> 
     </span>
     <span class='ocr_line' id='line_1_10' title="bbox 347 1936 1708 2033; baseline -0.001 -23"><span class='ocrx_word' id='word_1_80' title='bbox 347 1936 439 2012; x_wconf 87' lang='lat' dir='ltr'><strong>Deus</strong></span> <span class='ocrx_word' id='word_1_81' title='bbox 475 1940 649 2012; x_wconf 86' lang='lat' dir='ltr'><strong>coelestis:</strong></span> <span class='ocrx_word' id='word_1_82' title='bbox 692 1961 890 2033; x_wconf 88' lang='lat' dir='ltr'><strong>oremusque</strong></span> <span class='ocrx_word' id='word_1_83' title='bbox 931 1948 964 2011; x_wconf 86' lang='lat' dir='ltr'><strong>et</strong></span> <span class='ocrx_word' id='word_1_84' title='bbox 998 1939 1154 2013; x_wconf 91' lang='lat' dir='ltr'><strong>dicamus.</strong></span> <span class='ocrx_word' id='word_1_85' title='bbox 1222 1938 1323 2010; x_wconf 87' lang='lat' dir='ltr'><strong>Pater</strong></span> <span class='ocrx_word' id='word_1_86' title='bbox 1359 1948 1473 2011; x_wconf 87' lang='lat' dir='ltr'><strong>noster</strong></span> <span class='ocrx_word' id='word_1_87' title='bbox 1512 1939 1566 2033; x_wconf 82' lang='lat' dir='ltr'><strong>qui</strong></span> <span class='ocrx_word' id='word_1_88' title='bbox 1602 1958 1640 2010; x_wconf 88' lang='lat' dir='ltr'><strong>es</strong></span> <span class='ocrx_word' id='word_1_89' title='bbox 1675 1940 1708 2008; x_wconf 91' lang='lat' dir='ltr'><strong>in</strong></span> 
     </span>
     <span class='ocr_line' id='line_1_11' title="bbox 347 2056 460 2129; baseline -0.009 -1"><span class='ocrx_word' id='word_1_90' title='bbox 347 2056 460 2129; x_wconf 89' lang='lat' dir='ltr'><strong>coelis.</strong></span> 
     </span>
    </p>

    <p class='ocr_par' dir='ltr' id='par_1_5' title="bbox 448 2170 1163 2267">
     <span class='ocr_line' id='line_1_12' title="bbox 448 2170 1163 2267; baseline -0.001 -23"><span class='ocrx_word' id='word_1_91' title='bbox 448 2173 610 2267; x_wconf 82' lang='lat' dir='ltr'><strong>Populos.</strong></span> <span class='ocrx_word' id='word_1_92' title='bbox 663 2170 892 2245; x_wconf 86' lang='lat' dir='ltr'><strong>Sanctificetur</strong></span> <span class='ocrx_word' id='word_1_93' title='bbox 918 2195 1037 2247; x_wconf 86' lang='lat' dir='ltr'><strong>nomen</strong></span> <span class='ocrx_word' id='word_1_94' title='bbox 1066 2183 1163 2245; x_wconf 89' lang='lat' dir='ltr'><strong>tuum.</strong></span> 
     </span>
    </p>

    <p class='ocr_par' dir='ltr' id='par_1_6' title="bbox 345 2284 1708 2614">
     <span class='ocr_line' id='line_1_13' title="bbox 447 2284 1708 2384; baseline -0.002 -24"><span class='ocrx_word' id='word_1_95' title='bbox 447 2289 633 2362; x_wconf 67' lang='lat' dir='ltr'><strong>Sacerdos*</strong></span> <span class='ocrx_word' id='word_1_96' title='bbox 684 2288 803 2362; x_wconf 86' lang='lat' dir='ltr'><strong>Omnia</strong></span> <span class='ocrx_word' id='word_1_97' title='bbox 830 2293 929 2361; x_wconf 88' lang='lat' dir='ltr'><strong>otiam</strong></span> <span class='ocrx_word' id='word_1_98' title='bbox 956 2312 1042 2384; x_wconf 88' lang='lat' dir='ltr'><strong>quae</strong></span> <span class='ocrx_word' id='word_1_99' title='bbox 1066 2311 1130 2362; x_wconf 91' lang='lat' dir='ltr'><strong>nos</strong></span> <span class='ocrx_word' id='word_1_100' title='bbox 1157 2287 1341 2362; x_wconf 84' lang='lat' dir='ltr'><strong>deteriores</strong></span> <span class='ocrx_word' id='word_1_101' title='bbox 1360 2297 1417 2360; x_wconf 91' lang='lat' dir='ltr'><strong>aut</strong></span> <span class='ocrx_word' id='word_1_102' title='bbox 1442 2284 1708 2382; x_wconf 83' lang='lat' dir='ltr'><strong>imperfectiores</strong></span> 
     </span>
     <span class='ocr_line' id='line_1_14' title="bbox 345 2401 1708 2501; baseline 0 -25"><span class='ocrx_word' id='word_1_103' title='bbox 345 2403 480 2496; x_wconf 87' lang='lat' dir='ltr'><strong>iaciunt,</strong></span> <span class='ocrx_word' id='word_1_104' title='bbox 505 2409 540 2478; x_wconf 93' lang='lat' dir='ltr'><strong>in</strong></span> <span class='ocrx_word' id='word_1_105' title='bbox 566 2429 606 2478; x_wconf 87' lang='lat' dir='ltr'><strong>ea</strong></span> <span class='ocrx_word' id='word_1_106' title='bbox 634 2415 798 2480; x_wconf 89' lang='lat' dir='ltr'><strong>commuta</strong></span> <span class='ocrx_word' id='word_1_107' title='bbox 818 2408 933 2495; x_wconf 86' lang='lat' dir='ltr'><strong>citius,</strong></span> <span class='ocrx_word' id='word_1_108' title='bbox 959 2407 1111 2496; x_wconf 88' lang='lat' dir='ltr'><strong>Domine,</strong></span> <span class='ocrx_word' id='word_1_109' title='bbox 1140 2427 1225 2501; x_wconf 83' lang='lat' dir='ltr'><strong>quae</strong></span> <span class='ocrx_word' id='word_1_110' title='bbox 1250 2427 1314 2480; x_wconf 92' lang='lat' dir='ltr'><strong>nos</strong></span> <span class='ocrx_word' id='word_1_111' title='bbox 1336 2403 1491 2476; x_wconf 78' lang='lat' dir='ltr'><strong>madores</strong></span> <span class='ocrx_word' id='word_1_112' title='bbox 1512 2414 1546 2476; x_wconf 90' lang='lat' dir='ltr'><strong>et</strong></span> <span class='ocrx_word' id='word_1_113' title='bbox 1571 2401 1708 2496; x_wconf 87' lang='lat' dir='ltr'><strong>dignio-</strong></span> 
     </span>
     <span class='ocr_line' id='line_1_15' title="bbox 345 2520 1206 2614; baseline 0.002 -22"><span class='ocrx_word' id='word_1_114' title='bbox 345 2542 402 2596; x_wconf 87' lang='lat' dir='ltr'><strong>res</strong></span> <span class='ocrx_word' id='word_1_115' title='bbox 429 2523 581 2596; x_wconf 86' lang='lat' dir='ltr'><strong>efficinnt:</strong></span> <span class='ocrx_word' id='word_1_116' title='bbox 609 2533 643 2594; x_wconf 90' lang='lat' dir='ltr'><strong>et</strong></span> <span class='ocrx_word' id='word_1_117' title='bbox 667 2521 851 2596; x_wconf 85' lang='lat' dir='ltr'><strong>referemus</strong></span> <span class='ocrx_word' id='word_1_118' title='bbox 878 2520 936 2594; x_wconf 81' lang='lat' dir='ltr'><strong>tibi</strong></span> <span class='ocrx_word' id='word_1_119' title='bbox 962 2522 1116 2614; x_wconf 91' lang='lat' dir='ltr'><strong>gloriam,</strong></span> <span class='ocrx_word' id='word_1_120' title='bbox 1143 2532 1206 2595; x_wconf 88' lang='lat' dir='ltr'><strong>etc.</strong></span> 
     </span>
    </p>

    <p class='ocr_par' dir='ltr' id='par_1_7' title="bbox 447 2638 779 2733">
     <span class='ocr_line' id='line_1_16' title="bbox 447 2638 779 2733; baseline -0.009 -23"><span class='ocrx_word' id='word_1_121' title='bbox 447 2638 608 2733; x_wconf 80' lang='lat' dir='ltr'><strong>Populos.</strong></span> <span class='ocrx_word' id='word_1_122' title='bbox 659 2640 779 2712; x_wconf 87' lang='lat' dir='ltr'><strong>Amen.</strong></span> 
     </span>
    </p>

    <p class='ocr_par' dir='ltr' id='par_1_8' title="bbox 447 2756 767 2829">
     <span class='ocr_line' id='line_1_17' title="bbox 447 2756 767 2829; baseline -0.009 0"><span class='ocrx_word' id='word_1_123' title='bbox 447 2756 631 2829; x_wconf 85' lang='lat' dir='ltr'><strong>Sacerdos.</strong></span> <span class='ocrx_word' id='word_1_124' title='bbox 684 2757 767 2829; x_wconf 85' lang='lat' dir='ltr'><strong>Pax.</strong></span> 
     </span>
    </p>

    <p class='ocr_par' dir='ltr' id='par_1_9' title="bbox 446 2870 1040 2967">
     <span class='ocr_line' id='line_1_18' title="bbox 446 2870 1040 2967; baseline -0.002 -23"><span class='ocrx_word' id='word_1_125' title='bbox 446 2871 608 2964; x_wconf 80' lang='lat' dir='ltr'><strong>Papulas.</strong></span> <span class='ocrx_word' id='word_1_126' title='bbox 659 2870 802 2945; x_wconf 89' lang='lat' dir='ltr'><strong>Etcum</strong></span> <span class='ocrx_word' id='word_1_127' title='bbox 829 2874 943 2967; x_wconf 86' lang='lat' dir='ltr'><strong>spiritu</strong></span> <span class='ocrx_word' id='word_1_128' title='bbox 973 2879 1040 2944; x_wconf 83' lang='lat' dir='ltr'><strong>tuo.</strong></span> 
     </span>
    </p>

    <p class='ocr_par' dir='ltr' id='par_1_10' title="bbox 447 2987 1135 3086">
     <span class='ocr_line' id='line_1_19' title="bbox 447 2987 1135 3086; baseline 0 -26"><span class='ocrx_word' id='word_1_129' title='bbox 447 2988 635 3060; x_wconf 83' lang='lat' dir='ltr'><strong>Diaconos.</strong></span> <span class='ocrx_word' id='word_1_130' title='bbox 686 2987 845 3062; x_wconf 80' lang='lat' dir='ltr'><strong>Inclinato</strong></span> <span class='ocrx_word' id='word_1_131' title='bbox 876 2995 984 3086; x_wconf 87' lang='lat' dir='ltr'><strong>capita</strong></span> <span class='ocrx_word' id='word_1_132' title='bbox 1011 2997 1135 3062; x_wconf 86' lang='lat' dir='ltr'><strong>vestra.</strong></span> 
     </span>
    </p>

    <p class='ocr_par' dir='ltr' id='par_1_11' title="bbox 448 3105 860 3198">
     <span class='ocr_line' id='line_1_20' title="bbox 448 3105 860 3198; baseline 0.002 -21"><span class='ocrx_word' id='word_1_133' title='bbox 448 3106 608 3198; x_wconf 80' lang='lat' dir='ltr'><strong>Populus.</strong></span> <span class='ocrx_word' id='word_1_134' title='bbox 665 3105 790 3178; x_wconf 85' lang='lat' dir='ltr'><strong>Coram</strong></span> <span class='ocrx_word' id='word_1_135' title='bbox 816 3115 860 3178; x_wconf 84' lang='lat' dir='ltr'><strong>te.</strong></span> 
     </span>
    </p>

    <p class='ocr_par' dir='ltr' id='par_1_12' title="bbox 344 3211 1707 3664">
     <span class='ocr_line' id='line_1_21' title="bbox 445 3211 1706 3315; baseline 0.004 -23"><span class='ocrx_word' id='word_1_136' title='bbox 445 3211 630 3293; x_wconf 80' lang='lat' dir='ltr'><strong>Sacerdos.</strong></span> <span class='ocrx_word' id='word_1_137' title='bbox 685 3220 809 3294; x_wconf 86' lang='lat' dir='ltr'><strong>Omnes</strong></span> <span class='ocrx_word' id='word_1_138' title='bbox 845 3225 974 3314; x_wconf 86' lang='lat' dir='ltr'><strong>gratias</strong></span> <span class='ocrx_word' id='word_1_139' title='bbox 1000 3231 1094 3309; x_wconf 85' lang='lat' dir='ltr'><strong>tuae,</strong></span> <span class='ocrx_word' id='word_1_140' title='bbox 1128 3243 1310 3315; x_wconf 86' lang='lat' dir='ltr'><strong>omnesque</strong></span> <span class='ocrx_word' id='word_1_141' title='bbox 1342 3217 1593 3298; x_wconf 85' lang='lat' dir='ltr'><strong>henedictiones</strong></span> <span class='ocrx_word' id='word_1_142' title='bbox 1619 3235 1706 3312; x_wconf 87' lang='lat' dir='ltr'><strong>tuae,</strong></span> 
     </span>
     <span class='ocr_line' id='line_1_22' title="bbox 346 3335 1707 3433; baseline -0.002 -21"><span class='ocrx_word' id='word_1_143' title='bbox 346 3346 380 3412; x_wconf 88' lang='lat' dir='ltr'><strong>et</strong></span> <span class='ocrx_word' id='word_1_144' title='bbox 405 3341 515 3411; x_wconf 91' lang='lat' dir='ltr'><strong>omnia</strong></span> <span class='ocrx_word' id='word_1_145' title='bbox 543 3337 629 3412; x_wconf 91' lang='lat' dir='ltr'><strong>dona</strong></span> <span class='ocrx_word' id='word_1_146' title='bbox 657 3346 712 3410; x_wconf 86' lang='lat' dir='ltr'><strong>tua</strong></span> <span class='ocrx_word' id='word_1_147' title='bbox 744 3337 874 3428; x_wconf 88' lang='lat' dir='ltr'><strong>divina,</strong></span> <span class='ocrx_word' id='word_1_148' title='bbox 908 3340 1062 3427; x_wconf 83' lang='lat' dir='ltr'><strong>veniant,</strong></span> <span class='ocrx_word' id='word_1_149' title='bbox 1094 3336 1268 3409; x_wconf 89' lang='lat' dir='ltr'><strong>illabantur</strong></span> <span class='ocrx_word' id='word_1_150' title='bbox 1301 3345 1335 3408; x_wconf 89' lang='lat' dir='ltr'><strong>ct</strong></span> <span class='ocrx_word' id='word_1_151' title='bbox 1365 3335 1570 3410; x_wconf 80' lang='lat' dir='ltr'><strong>effundantur</strong></span> <span class='ocrx_word' id='word_1_152' title='bbox 1605 3361 1707 3433; x_wconf 85' lang='lat' dir='ltr'><strong>super</strong></span> 
     </span>
     <span class='ocr_line' id='line_1_23' title="bbox 344 3451 1707 3550; baseline 0.001 -24"><span class='ocrx_word' id='word_1_153' title='bbox 344 3451 531 3528; x_wconf 83' lang='lat' dir='ltr'><strong>Ecclesiam</strong></span> <span class='ocrx_word' id='word_1_154' title='bbox 556 3464 663 3545; x_wconf 91' lang='lat' dir='ltr'><strong>tuam,</strong></span> <span class='ocrx_word' id='word_1_155' title='bbox 699 3464 734 3526; x_wconf 87' lang='lat' dir='ltr'><strong>et</strong></span> <span class='ocrx_word' id='word_1_156' title='bbox 764 3475 864 3550; x_wconf 83' lang='lat' dir='ltr'><strong>super</strong></span> <span class='ocrx_word' id='word_1_157' title='bbox 894 3474 1034 3546; x_wconf 83' lang='lat' dir='ltr'><strong>gregem</strong></span> <span class='ocrx_word' id='word_1_158' title='bbox 1061 3463 1169 3541; x_wconf 81' lang='lat' dir='ltr'><strong>mum,</strong></span> <span class='ocrx_word' id='word_1_159' title='bbox 1196 3453 1348 3542; x_wconf 88' lang='lat' dir='ltr'><strong>Domine,</strong></span> <span class='ocrx_word' id='word_1_160' title='bbox 1376 3461 1410 3524; x_wconf 89' lang='lat' dir='ltr'><strong>et</strong></span> <span class='ocrx_word' id='word_1_161' title='bbox 1435 3453 1620 3527; x_wconf 84' lang='lat' dir='ltr'><strong>referemus</strong></span> <span class='ocrx_word' id='word_1_162' title='bbox 1649 3453 1707 3527; x_wconf 91' lang='lat' dir='ltr'><strong>tibi</strong></span> 
     </span>
     <span class='ocr_line' id='line_1_24' title="bbox 345 3571 677 3664; baseline -0.003 -21"><span class='ocrx_word' id='word_1_163' title='bbox 345 3571 495 3664; x_wconf 86' lang='lat' dir='ltr'><strong>gloriam,</strong></span> <span class='ocrx_word' id='word_1_164' title='bbox 523 3581 586 3644; x_wconf 89' lang='lat' dir='ltr'><strong>etc.</strong></span> <span class='ocrx_word' id='word_1_165' title='bbox 670 3629 677 3642; x_wconf 81' lang='grc'><em>.</em></span> 
     </span>
    </p>

    <p class='ocr_par' dir='ltr' id='par_1_13' title="bbox 447 3686 906 3781">
     <span class='ocr_line' id='line_1_25' title="bbox 447 3686 906 3781; baseline -0.002 -22"><span class='ocrx_word' id='word_1_166' title='bbox 447 3688 609 3781; x_wconf 82' lang='lat' dir='ltr'><strong>Populos.</strong></span> <span class='ocrx_word' id='word_1_167' title='bbox 661 3686 906 3781; x_wconf 86' lang='lat' dir='ltr'><strong>Unusquisque.</strong></span> 
     </span>
    </p>

    <p class='ocr_par' dir='ltr' id='par_1_14' title="bbox 447 3803 787 3876">
     <span class='ocr_line' id='line_1_26' title="bbox 447 3803 787 3876; baseline -0.003 -1"><span class='ocrx_word' id='word_1_168' title='bbox 447 3803 631 3876; x_wconf 79' lang='lat' dir='ltr'><strong>Sacerdos.</strong></span> <span class='ocrx_word' id='word_1_169' title='bbox 684 3804 787 3876; x_wconf 78' lang='lat' dir='ltr'><strong>Pax..</strong></span> 
     </span>
    </p>

    <p class='ocr_par' dir='ltr' id='par_1_15' title="bbox 447 3919 1041 4016">
     <span class='ocr_line' id='line_1_27' title="bbox 447 3919 1041 4016; baseline -0.002 -24"><span class='ocrx_word' id='word_1_170' title='bbox 447 3921 609 4014; x_wconf 80' lang='lat' dir='ltr'><strong>Popalra.</strong></span> <span class='ocrx_word' id='word_1_171' title='bbox 664 3919 807 3992; x_wconf 89' lang='lat' dir='ltr'><strong>Etcum</strong></span> <span class='ocrx_word' id='word_1_172' title='bbox 834 3923 949 4016; x_wconf 90' lang='lat' dir='ltr'><strong>spiritu</strong></span> <span class='ocrx_word' id='word_1_173' title='bbox 976 3927 1041 3992; x_wconf 89' lang='lat' dir='ltr'><strong>tuo.</strong></span> 
     </span>
    </p>

    <p class='ocr_par' dir='ltr' id='par_1_16' title="bbox 344 4035 1704 4361">
     <span class='ocr_line' id='line_1_28' title="bbox 446 4035 1703 4131; baseline 0.005 -23"><span class='ocrx_word' id='word_1_174' title='bbox 446 4035 630 4109; x_wconf 80' lang='lat' dir='ltr'><strong>Sacerdos.</strong></span> <span class='ocrx_word' id='word_1_175' title='bbox 683 4036 796 4108; x_wconf 87' lang='lat' dir='ltr'><strong>Gratia</strong></span> <span class='ocrx_word' id='word_1_176' title='bbox 838 4036 1006 4110; x_wconf 79' lang='lat' dir='ltr'><strong>Trinitatis</strong></span> <span class='ocrx_word' id='word_1_177' title='bbox 1048 4047 1184 4109; x_wconf 84' lang='lat' dir='ltr'><strong>sanctae</strong></span> <span class='ocrx_word' id='word_1_178' title='bbox 1224 4045 1258 4108; x_wconf 84' lang='lat' dir='ltr'><strong>ct</strong></span> <span class='ocrx_word' id='word_1_179' title='bbox 1295 4035 1485 4128; x_wconf 83' lang='lat' dir='ltr'><strong>gloriosae,</strong></span> <span class='ocrx_word' id='word_1_180' title='bbox 1524 4041 1703 4131; x_wconf 86' lang='lat' dir='ltr'><strong>increatae,</strong></span> 
     </span>
     <span class='ocr_line' id='line_1_29' title="bbox 345 4152 1704 4243; baseline 0.002 -18"><span class='ocrx_word' id='word_1_181' title='bbox 345 4153 531 4234; x_wconf 87' lang='lat' dir='ltr'><strong>essentialis</strong></span> <span class='ocrx_word' id='word_1_182' title='bbox 558 4164 592 4226; x_wconf 86' lang='lat' dir='ltr'><strong>et</strong></span> <span class='ocrx_word' id='word_1_183' title='bbox 617 4165 788 4243; x_wconf 86' lang='lat' dir='ltr'><strong>aeternae,</strong></span> <span class='ocrx_word' id='word_1_184' title='bbox 815 4153 1005 4226; x_wconf 84' lang='lat' dir='ltr'><strong>adorandae</strong></span> <span class='ocrx_word' id='word_1_185' title='bbox 1032 4165 1065 4225; x_wconf 89' lang='lat' dir='ltr'><strong>ct</strong></span> <span class='ocrx_word' id='word_1_186' title='bbox 1091 4152 1395 4241; x_wconf 88' lang='lat' dir='ltr'><strong>consubstantialis,</strong></span> <span class='ocrx_word' id='word_1_187' title='bbox 1422 4156 1564 4227; x_wconf 85' lang='lat' dir='ltr'><strong>situum</strong></span> <span class='ocrx_word' id='word_1_188' title='bbox 1591 4161 1704 4231; x_wconf 92' lang='lat' dir='ltr'><strong>omni-</strong></span> 
     </span>
     <span class='ocr_line' id='line_1_30' title="bbox 344 4267 1026 4361; baseline 0 -21"><span class='ocrx_word' id='word_1_189' title='bbox 344 4267 406 4342; x_wconf 89' lang='lat' dir='ltr'><strong>bus</strong></span> <span class='ocrx_word' id='word_1_190' title='bbox 433 4271 545 4360; x_wconf 87' lang='lat' dir='ltr'><strong>vobis,</strong></span> <span class='ocrx_word' id='word_1_191' title='bbox 571 4271 693 4342; x_wconf 86' lang='lat' dir='ltr'><strong>fratres</strong></span> <span class='ocrx_word' id='word_1_192' title='bbox 719 4273 795 4361; x_wconf 86' lang='lat' dir='ltr'><strong>mei,</strong></span> <span class='ocrx_word' id='word_1_193' title='bbox 822 4273 854 4341; x_wconf 92' lang='lat' dir='ltr'><strong>in</strong></span> <span class='ocrx_word' id='word_1_194' title='bbox 881 4269 1026 4342; x_wconf 86' lang='lat' dir='ltr'><strong>saecula.</strong></span> 
     </span>
    </p>

    <p class='ocr_par' dir='ltr' id='par_1_17' title="bbox 447 4369 1063 4482">
     <span class='ocr_line' id='line_1_31' title="bbox 447 4369 1063 4482; baseline 0 -24"><span class='ocrx_word' id='word_1_195' title='bbox 447 4387 609 4480; x_wconf 82' lang='lat' dir='ltr'><strong>Populus.</strong></span> <span class='ocrx_word' id='word_1_196' title='bbox 661 4387 805 4459; x_wconf 83' lang='lat' dir='ltr'><strong>Etcum</strong></span> <span class='ocrx_word' id='word_1_197' title='bbox 832 4389 947 4482; x_wconf 86' lang='lat' dir='ltr'><strong>spiritu</strong></span> <span class='ocrx_word' id='word_1_198' title='bbox 974 4369 1063 4458; x_wconf 47' lang='lat' dir='ltr'><strong>tuos</strong></span> 
     </span>
    </p>

    <p class='ocr_par' dir='ltr' id='par_1_18' title="bbox 344 4487 1743 5061">
     <span class='ocr_line' id='line_1_32' title="bbox 447 4487 1705 4598; baseline 0.002 -24"><span class='ocrx_word' id='word_1_199' title='bbox 447 4487 623 4576; x_wconf 87' lang='lat' dir='ltr'><strong>Sacerdos</strong></span> <span class='ocrx_word' id='word_1_200' title='bbox 649 4503 785 4575; x_wconf 79' lang='lat' dir='ltr'><strong>eleoaas</strong></span> <span class='ocrx_word' id='word_1_201' title='bbox 811 4527 951 4598; x_wconf 65' lang='lat' dir='ltr'><strong>coum,</strong></span> <span class='ocrx_word' id='word_1_202' title='bbox 979 4505 1071 4575; x_wconf 85' lang='lat' dir='ltr'><strong>dicit.</strong></span> <span class='ocrx_word' id='word_1_203' title='bbox 1119 4500 1280 4594; x_wconf 91' lang='lat' dir='ltr'><strong>Sanctus,</strong></span> <span class='ocrx_word' id='word_1_204' title='bbox 1309 4501 1469 4596; x_wconf 88' lang='lat' dir='ltr'><strong>Sanctus,</strong></span> <span class='ocrx_word' id='word_1_205' title='bbox 1496 4502 1639 4576; x_wconf 86' lang='lat' dir='ltr'><strong>Sanctus</strong></span> <span class='ocrx_word' id='word_1_206' title='bbox 1666 4527 1705 4576; x_wconf 86' lang='lat' dir='ltr'><strong>es</strong></span> 
     </span>
     <span class='ocr_line' id='line_1_33' title="bbox 345 4618 1743 4718; baseline -0.001 -26"><span class='ocrx_word' id='word_1_207' title='bbox 345 4618 488 4693; x_wconf 86' lang='lat' dir='ltr'><strong>Domine</strong></span> <span class='ocrx_word' id='word_1_208' title='bbox 513 4622 605 4693; x_wconf 91' lang='lat' dir='ltr'><strong>Deus</strong></span> <span class='ocrx_word' id='word_1_209' title='bbox 638 4631 758 4718; x_wconf 89' lang='lat' dir='ltr'><strong>potens</strong></span> <span class='ocrx_word' id='word_1_210' title='bbox 793 4618 956 4708; x_wconf 88' lang='lat' dir='ltr'><strong>Sabaoth,</strong></span> <span class='ocrx_word' id='word_1_211' title='bbox 991 4619 1080 4715; x_wconf 85' lang='lat' dir='ltr'><strong>pleni</strong></span> <span class='ocrx_word' id='word_1_212' title='bbox 1112 4629 1187 4692; x_wconf 88' lang='lat' dir='ltr'><strong>sunt</strong></span> <span class='ocrx_word' id='word_1_213' title='bbox 1219 4619 1305 4691; x_wconf 89' lang='lat' dir='ltr'><strong>coeli</strong></span> <span class='ocrx_word' id='word_1_214' title='bbox 1331 4629 1365 4690; x_wconf 90' lang='lat' dir='ltr'><strong>ot</strong></span> <span class='ocrx_word' id='word_1_215' title='bbox 1391 4628 1480 4690; x_wconf 84' lang='lat' dir='ltr'><strong>terra</strong></span> <span class='ocrx_word' id='word_1_216' title='bbox 1506 4618 1613 4711; x_wconf 90' lang='lat' dir='ltr'><strong>gloria</strong></span> <span class='ocrx_word' id='word_1_217' title='bbox 1640 4630 1704 4692; x_wconf 78' lang='lat' dir='ltr'><strong>tua</strong></span> <span class='ocrx_word' id='word_1_218' title='bbox 1740 4690 1743 4699; x_wconf 75' lang='grc'>,</span> 
     </span>
     <span class='ocr_line' id='line_1_34' title="bbox 344 4734 1704 4832; baseline -0.001 -23"><span class='ocrx_word' id='word_1_219' title='bbox 344 4734 491 4810; x_wconf 84' lang='lat' dir='ltr'><strong>Elevarc</strong></span> <span class='ocrx_word' id='word_1_220' title='bbox 517 4760 618 4832; x_wconf 87' lang='lat' dir='ltr'><strong>super</strong></span> <span class='ocrx_word' id='word_1_221' title='bbox 644 4738 770 4825; x_wconf 88' lang='lat' dir='ltr'><strong>coelos,</strong></span> <span class='ocrx_word' id='word_1_222' title='bbox 797 4739 902 4826; x_wconf 89' lang='lat' dir='ltr'><strong>Deus,</strong></span> <span class='ocrx_word' id='word_1_223' title='bbox 929 4747 963 4809; x_wconf 87' lang='lat' dir='ltr'><strong>ct</strong></span> <span class='ocrx_word' id='word_1_224' title='bbox 988 4757 1089 4830; x_wconf 84' lang='lat' dir='ltr'><strong>super</strong></span> <span class='ocrx_word' id='word_1_225' title='bbox 1115 4757 1244 4807; x_wconf 89' lang='lat' dir='ltr'><strong>omnem</strong></span> <span class='ocrx_word' id='word_1_226' title='bbox 1271 4744 1394 4808; x_wconf 86' lang='lat' dir='ltr'><strong>terram</strong></span> <span class='ocrx_word' id='word_1_227' title='bbox 1414 4735 1522 4826; x_wconf 82' lang='lat' dir='ltr'><strong>gloria</strong></span> <span class='ocrx_word' id='word_1_228' title='bbox 1548 4746 1613 4807; x_wconf 91' lang='lat' dir='ltr'><strong>tua.</strong></span> <span class='ocrx_word' id='word_1_229' title='bbox 1649 4735 1704 4808; x_wconf 87' lang='lat' dir='ltr'><strong>Ad</strong></span> 
     </span>
     <span class='ocr_line' id='line_1_35' title="bbox 345 4850 1705 4948; baseline -0.001 -24"><span class='ocrx_word' id='word_1_230' title='bbox 345 4851 518 4946; x_wconf 77' lang='lat' dir='ltr'><strong>talevavi</strong></span> <span class='ocrx_word' id='word_1_231' title='bbox 545 4853 660 4926; x_wconf 90' lang='lat' dir='ltr'><strong>oculos</strong></span> <span class='ocrx_word' id='word_1_232' title='bbox 687 4875 795 4945; x_wconf 86' lang='lat' dir='ltr'><strong>meos,</strong></span> <span class='ocrx_word' id='word_1_233' title='bbox 822 4855 876 4948; x_wconf 88' lang='lat' dir='ltr'><strong>qui</strong></span> <span class='ocrx_word' id='word_1_234' title='bbox 901 4852 1029 4926; x_wconf 77' lang='lat' dir='ltr'><strong>halritas</strong></span> <span class='ocrx_word' id='word_1_235' title='bbox 1064 4854 1098 4922; x_wconf 93' lang='lat' dir='ltr'><strong>in</strong></span> <span class='ocrx_word' id='word_1_236' title='bbox 1130 4850 1243 4924; x_wconf 88' lang='lat' dir='ltr'><strong>coelis.</strong></span> <span class='ocrx_word' id='word_1_237' title='bbox 1297 4851 1390 4924; x_wconf 89' lang='lat' dir='ltr'><strong>Sicut</strong></span> <span class='ocrx_word' id='word_1_238' title='bbox 1416 4850 1502 4923; x_wconf 88' lang='lat' dir='ltr'><strong>oculi</strong></span> <span class='ocrx_word' id='word_1_239' title='bbox 1529 4872 1705 4925; x_wconf 86' lang='lat' dir='ltr'><strong>servorum</strong></span> 
     </span>
     <span class='ocr_line' id='line_1_36' title="bbox 345 4967 1705 5061; baseline -0.004 -19"><span class='ocrx_word' id='word_1_240' title='bbox 345 4967 387 5042; x_wconf 89' lang='lat' dir='ltr'><strong>ad</strong></span> <span class='ocrx_word' id='word_1_241' title='bbox 414 4969 567 5044; x_wconf 90' lang='lat' dir='ltr'><strong>dominos</strong></span> <span class='ocrx_word' id='word_1_242' title='bbox 593 4991 687 5061; x_wconf 89' lang='lat' dir='ltr'><strong>suos,</strong></span> <span class='ocrx_word' id='word_1_243' title='bbox 714 4979 749 5042; x_wconf 88' lang='lat' dir='ltr'><strong>et</strong></span> <span class='ocrx_word' id='word_1_244' title='bbox 774 4973 859 5044; x_wconf 89' lang='lat' dir='ltr'><strong>sicut</strong></span> <span class='ocrx_word' id='word_1_245' title='bbox 884 4969 971 5042; x_wconf 89' lang='lat' dir='ltr'><strong>oculi</strong></span> <span class='ocrx_word' id='word_1_246' title='bbox 997 4968 1135 5041; x_wconf 87' lang='lat' dir='ltr'><strong>ancillae</strong></span> <span class='ocrx_word' id='word_1_247' title='bbox 1162 4968 1203 5040; x_wconf 90' lang='lat' dir='ltr'><strong>ad</strong></span> <span class='ocrx_word' id='word_1_248' title='bbox 1231 4967 1396 5040; x_wconf 90' lang='lat' dir='ltr'><strong>dominam</strong></span> <span class='ocrx_word' id='word_1_249' title='bbox 1422 4989 1532 5058; x_wconf 91' lang='lat' dir='ltr'><strong>suam,</strong></span> <span class='ocrx_word' id='word_1_250' title='bbox 1558 4970 1604 5039; x_wconf 85' lang='lat' dir='ltr'><strong>ita</strong></span> <span class='ocrx_word' id='word_1_251' title='bbox 1630 4975 1705 5040; x_wconf 89' lang='lat' dir='ltr'><strong>sunt</strong></span> 
     </span>
    </p>

    <p class='ocr_par' dir='ltr' id='par_1_19' title="bbox 370 5085 1500 5159">
     <span class='ocr_line' id='line_1_37' title="bbox 370 5085 1500 5159; baseline 0.006 -7"><span class='ocrx_word' id='word_1_252' title='bbox 370 5107 493 5154; x_wconf 77' lang='lat' dir='ltr'><strong>nummu</strong></span> <span class='ocrx_word' id='word_1_253' title='bbox 1454 5085 1500 5159; x_wconf 84' lang='lat'><strong>21</strong></span> 
     </span>
    </p>
   </div>
   <div class='ocr_carea' id='block_1_5' title="bbox 0 0 2368 6022">
    <p class='ocr_par' dir='ltr' id='par_1_20' title="bbox 0 0 2368 6022">
     <span class='ocr_line' id='line_1_38' title="bbox 0 0 2368 6022; baseline 0 0"><span class='ocrx_word' id='word_1_254' title='bbox 0 0 2368 6022; x_wconf 95' lang='lat' dir='ltr'><strong> </strong></span> 
     </span>
    </p>
   </div>
  </div>
 </body>
</html>
