4784 6040
656 572 884 652 LITURGIA
910 571 1113 650 turtinis
1140 572 1437 692 thllllllllSlS.
1662 573 1735 650 421

360 759 506 832 inclinati
532 763 660 853 gratias
687 761 827 852 agimus,
854 769 888 832 et
913 781 974 857 per
1001 781 1075 832 eam
1103 763 1221 856 capitis
1249 759 1486 834 demissionem
1505 759 1737 859 deprecamur,

362 887 397 948 ut
429 874 583 948 demittas
617 896 719 972 super
749 897 812 948 nos
848 876 1022 950 dexteram
1054 884 1145 947 tuam
1187 874 1404 965 invisibilem,
1448 887 1482 949 et
1516 877 1641 952 efficias
1674 900 1739 951 nos

363 991 484 1088 templa
511 991 655 1087 Spiritus
682 995 729 1063 tui
756 995 873 1080 sancti,
902 991 1166 1086 quandoquidem
1193 1015 1268 1063 cum
1294 991 1359 1064 fide
1392 1005 1426 1065 et
1451 996 1595 1066 veritate
1623 992 1738 1086 glori-

361 1107 498 1179 ficamus
525 1129 649 1180 nomen
674 1117 776 1196 mum,
802 1108 915 1198 Pater,
942 1118 975 1179 ct
1000 1105 1074 1179 Filii
1101 1110 1146 1180 tui
1169 1110 1339 1200 unigeniti,
1367 1119 1401 1180 et
1416 1108 1558 1205 Spiritus
1585 1111 1633 1182 tui
1652 1130 1738 1182 san-

364 1226 510 1296 ctissimi.

467 1339 629 1433 Populus.
682 1340 802 1411 Arnen.

557 1711 560 1718 Ι
693 1614 868 1686 Sacerdos
894 1612 981 1684 dicit
1008 1612 1207 1684 Orationem
1233 1613 1280 1684 od
1304 1613 1421 1684 celum.

468 1803 611 1879 Creator
638 1813 863 1876 creaturarum
885 1800 1065 1875 visibilium
1088 1813 1125 1874 et
1140 1800 1364 1890 invisibilium,
1393 1812 1427 1874 ct
1453 1825 1567 1874 curam
1593 1807 1737 1876 omnium

361 1941 497 2011 gerens,
526 1924 600 2015 quia
627 1927 683 1990 tua
710 1928 802 1990 sunt:
826 1920 970 1992 Domine
997 1929 1126 1989 amator
1152 1921 1344 1990 animarum.
1390 1916 1736 2015 Domine,‘omnipo-

360 2043 435 2108 tens
462 2045 497 2108 tu
524 2059 575 2126 es,
603 2043 637 2108 ct
663 2056 743 2127 ego,
756 2055 886 2130 pauper
912 2045 946 2106 et
971 2032 1100 2106 infimus
1126 2036 1276 2106 minister
1292 2043 1379 2122 tuus,
1405 2032 1562 2127 indignus
1590 2037 1646 2130 qui
1672 2058 1738 2106 ac-

361 2151 477 2223 cedam
505 2152 548 2224 ad
574 2159 689 2225 sancta
717 2159 911 2224 sannarum·
934 2158 1002 2239 tua,
1028 2160 1062 2221 ct
1088 2159 1227 2222 tractem
1245 2151 1439 2245 mysterium
1466 2148 1532 2224 hoc
1558 2161 1647 2223 tuum
1673 2173 1736 2224 sa-

362 2266 543 2339 cerdotale.
598 2266 751 2340 Obsecro
788 2276 823 2338 ut
850 2265 910 2337 des
942 2263 1019 2337 mihi
1051 2265 1207 2360 Spiritum
1244 2276 1332 2336 tuum
1370 2275 1538 2354 sanctum,
1575 2269 1738 2340 materiae

364 2393 555 2478 expertem,
581 2405 690 2478 neque
723 2379 864 2453 humana
900 2389 1010 2452 mente
1046 2377 1398 2477 comprehensibilem:
1425 2385 1539 2474 ignem
1565 2381 1654 2455 illum
1683 2387 1738 2479 qui

363 2521 493 2572 omnem
526 2500 694 2574 libidinem
731 2498 882 2595 depellit,
915 2510 951 2571 et
988 2502 1245 2592 imaginationes
1279 2518 1461 2595 perversas
1502 2498 1666 2588 incendit,
1704 2509 1739 2569 et

362 2617 548 2705 mortificat,
576 2640 623 2688 ex
648 2613 805 2688 membris
833 2613 1047 2688 terrestribus
1073 2613 1237 2688 humanae
1264 2616 1383 2686 carnis.
1437 2612 1605 2688 Cocrceat
1637 2617 1736 2688 etiarn

363 2753 496 2806 omnem
521 2733 797 2805 inordinationem
823 2733 943 2804 mentis
970 2753 1053 2823 erga
1079 2729 1270 2827 phantasias
1299 2731 1494 2826 passionum
1521 2733 1738 2803 exterimum.

361 2847 507 2946 Mystice
534 2852 634 2920 etiam
661 2856 760 2941 atque
787 2845 988 2918 sacerdotali
1004 2845 1155 2939 dignitati
1170 2848 1424 2937 convenienter,
1441 2855 1475 2917 et
1489 2867 1590 2941 supra
1605 2868 1737 2918 omnem

282 2983 285 2989 ·
361 2967 479 3038 mentis
506 2961 654 3036 mortalis
687 2972 831 3058 captum,
858 2959 987 3034 habitet
1019 2964 1052 3032 in
1086 2983 1141 3033 me
1168 2959 1339 3056 plenitudo
1373 2961 1661 3050 sanctificationis,
1696 2960 1739 3032 ad

361 3079 600 3174 perfectionem
628 3077 708 3151 doni
732 3076 828 3170 hujus
854 3078 1026 3172 propositi.
1062 3077 1140 3172 lpse
1157 3079 1212 3172 qui
1239 3087 1292 3150 est
1318 3085 1565 3150 consummator
1592 3078 1736 3157 omnium
1853 3135 1856 3140 ,

282 3182 301 3208 ”
362 3197 614 3292 mysteriorum,
646 3214 708 3289 per
739 3194 1069 3264 communicationem
1105 3191 1228 3266 Christi
1261 3193 1326 3279 tui,
1367 3212 1430 3287 per
1464 3213 1562 3286 quem
1596 3203 1630 3263 et
1661 3213 1736 3262 cum

362 3332 427 3404 quo
453 3319 488 3382 te
515 3309 613 3383 decet
638 3309 766 3401 gloria,
797 3307 906 3380 honor
931 3317 966 3380 et
997 3311 1190 3406 imperium,
1226 3330 1301 3379 cum
1336 3305 1460 3401 Spiritu
1494 3316 1551 3378 tuo
1585 3309 1735 3380 sanctis-

362 3428 457 3499 simo.

464 3542 627 3635 Populus.
680 3542 800 3613 Amen.

464 3658 653 3730 Diaconos.
707 3653 851 3728 Stemus.

465 3773 627 3865 Populus.
679 3767 934 3844 Misericordiae
959 3770 1033 3856 Dei,
1061 3779 1124 3840 etc.

464 3888 649 3959 Scccrdoa.
704 3885 847 3961 Caritas.

464 4004 626 4097 Populea.
679 4002 723 4074 m
749 4023 823 4073 cum
851 4001 966 4096 spiritu
992 4009 1060 4074 tuo.

462 4119 646 4191 Sacerdos.
700 4117 839 4191 Sursum
866 4115 980 4189 corda.

461 4234 625 4327 Populus.
678 4231 849 4306 Habemus
877 4229 921 4304 ad
944 4230 1131 4303 Dominum.

370 4384 376 4392 ·
461 4349 645 4423 Sacerdos.
700 4348 832 4422 Gratias
860 4353 999 4440 agamus
1026 4345 1110 4417 Deo.

461 4465 623 4559 Populus.
677 4466 823 4558 Dignum
850 4473 884 4536 et
905 4465 1029 4555 justum
1057 4473 1119 4534 est.

461 4581 637 4653 Sacerdos
663 4582 854 4652 tunicata.
907 4577 999 4649 Vere
1027 4577 1159 4669 dignum
1188 4586 1222 4647 et
1250 4579 1374 4669 justum
1408 4585 1461 4648 est
1496 4585 1530 4646 et
1565 4570 1607 4643 ab
1642 4578 1732 4645 omui

358 4705 510 4769 creatura
537 4699 662 4792 pariter
688 4694 851 4784 debitum,
883 4704 919 4767 ut
950 4704 984 4765 te
1016 4692 1257 4786 glorificemus,
1290 4700 1325 4762 ta
1358 4690 1594 4764 benedicamus
1630 4697 1664 4759 et
1697 4691 1731 4760 iu

357 4822 518 4908 perpetua
558 4812 601 4883 ad
639 4823 673 4884 te
706 4813 891 4905 gratiarum
923 4812 1055 4882 actione
1090 4829 1365 4904 perseveremus,
1398 4815 1556 4902 tanquam
1592 4805 1730 4876 virtutes

357 4927 434 4999 illae
466 4925 709 5019 intelligibiles,
750 4934 972 5019 naturaeque·
990 4923 1067 4996 illac
1100 4928 1341 5020 incorporeae,
1381 4919 1607 5018 pulcritudinis
1644 4939 1731 5013 quae

355 5042 554 5114 mundanam
582 5042 732 5113 excedit:
764 5038 917 5113 llammae
942 5061 1012 5113 non
1038 5043 1267 5138 compositae,
1301 5040 1436 5136 spiritns
1463 5037 1624 5109 materiae
1659 5055 1730 5104 ex-

1449 5151 1525 5227 56⁴*
