4712 6032
645 561 677 639 S.
703 561 872 642 ntomsn
898 565 1134 643 ltnsmntttt
1159 565 1337 644 trisoon.
1599 570 1677 645 207

298 747 591 836 Praedicatorum,
622 745 936 840 Evangelistarum,
968 722 1174 847 Martyrum,
1202 751 1459 842 confessorum,
1487 756 1672 830 zelatorum

300 863 405 936 cultus
432 862 545 950 divini,
572 859 808 952 beneficorum,
836 865 1072 961 eleemosynas
1098 866 1301 958 facientium,
1328 892 1445 942 eorum
1472 875 1527 966 qui
1546 894 1675 946 neces-

300 979 451 1053 sitatibus
469 999 652 1074 pauperum
673 983 927 1070 communicant,
955 991 988 1052 et
1009 980 1050 1054 ab
1068 981 1234 1071 omnibus,
1261 1005 1327 1054 uua
1351 983 1496 1059 laudatio
1517 989 1560 1060 sit
1574 986 1674 1060 hodie

298 1117 415 1166 coram
440 1105 487 1181 te,
514 1092 557 1164 ad
584 1093 689 1162 altare
714 1093 779 1163 boc
806 1103 955 1166 sanctum
983 1103 1017 1163 et
1041 1097 1076 1163 in
1102 1093 1290 1165 Jerusalem
1316 1097 1465 1164 coelesti.

401 1206 552 1277 Eleoous
586 1229 712 1278 uocem.
765 1207 809 1278 llt
836 1217 973 1303 propter
998 1206 1083 1281 haee
1110 1217 1210 1302 atque
1237 1207 1301 1279 alia
1329 1207 1492 1298 ejusmodi
1516 1208 1674 1281 stabilie-

299 1332 351 1394 tur
376 1319 532 1393 Ecclesia
559 1331 615 1393 tua
642 1331 778 1410 sancta,
816 1345 901 1417 quae
935 1333 987 1394 est
1022 1344 1041 1393 a
1076 1323 1195 1394 linibus
1228 1343 1334 1417 usque
1361 1323 1405 1395 ad
1431 1323 1513 1394 lines
1549 1335 1673 1414 terrae,

299 1448 588 1531 conserveturque
614 1441 648 1508 in
675 1438 908 1531 tranquillitate
935 1446 969 1508 et
994 1460 1097 1534 pace,
1123 1437 1348 1533 doctrinisque
1373 1439 1612 1530 Evangelicis,
1639 1449 1674 1513 et

298 1553 517 1649 Apostolieis,
543 1575 605 1647 par
631 1553 806 1626 Antistites
833 1553 965 1626 divinos
991 1563 1083 1624 recte
1110 1554 1343 1650 dispensantes
1370 1554 1511 1630 verbum
1539 1558 1672 1628 verita-

298 1672 354 1758 tis,
380 1678 414 1741 et
430 1673 630 1742 instruentes
648 1667 859 1760 dogmatibus
878 1689 983 1740 verae
999 1669 1192 1761 religionis:
1219 1670 1286 1742 Per
1302 1670 1506 1744 Sacerdotes
1523 1682 1673 1760 sanctos,

299 1786 354 1878 qui
381 1785 621 1879 amplectuntur
646 1781 786 1854 verbum
813 1785 915 1869 vitae,
943 1793 977 1855 et
1003 1785 1179 1879 praeclaro
1207 1807 1245 1858 se
1272 1789 1444 1878 geruntio
1467 1785 1672 1880 dispensan-

300 1896 350 1968 dis
382 1901 553 1995 mysteriis
586 1900 649 1970 tuis
683 1898 903 1971 coelestibus:
941 1920 1004 1994 per
1034 1900 1206 1973 Diaconos
1239 1901 1429 1986 modestos,
1464 1902 1674 1996 perficientes

297 2017 511 2086 ministerium
537 2035 655 2108 purum
682 2023 717 2084 et
741 2012 858 2104 regale
885 2011 1013 2108 absque
1039 2015 1190 2087 macula:
1223 2037 1284 2110 per
1310 2015 1426 2090 fideles
1453 2036 1577 2106 veros,
1615 2019 1671 2110 qui

299 2139 506 2225 occupantur
532 2128 690 2224 operibus
717 2138 751 2200 et
781 2127 909 2201 actibus
937 2127 1126 2202 Christiano
1159 2130 1286 2222 dignis3
1318 2154 1379 2227 per
1412 2130 1555 2203 choreas
1586 2130 1673 2203 Vir-

297 2247 411 2334 giuum
438 2247 610 2338 utriusque
636 2265 760 2332 sexus,
791 2244 1076 2316 mortificationem
1110 2245 1298 2332 vivificam,
1332 2247 1492 2336 unigeniti
1517 2245 1592 2316 Filii
1626 2248 1673 2316 tui

297 2359 516 2433 inmembris
543 2361 613 2430 suis
642 2357 924 2432 circumferentes.
982 2359 1095 2452 Atque
1130 2357 1204 2430 binc
1239 2381 1305 2432 mm
1342 2363 1474 2452 agmine
1508 2363 1674 2432 mittamur

298 2493 415 2548 omnes
452 2475 495 2546 ad
526 2472 714 2546 Ecclesiam
746 2472 835 2545 illam
869 2473 1073 2564 Jerusalem,
1106 2478 1402 2568 primogenitorum
1433 2474 1672 2571 descriptorum

222 2589 225 2602 '
296 2588 476 2678 incaelis,
504 2599 602 2684 atque
629 2588 696 2660 illic
722 2589 935 2684 spiritualiter
960 2589 1185 2681 glorificamus
1213 2601 1246 2663 te
1272 2593 1365 2664 Deus
1391 2591 1504 2681 Pater,
1532 2601 1566 2662 et
1591 2593 1672 2662 uui-

298 2707 446 2796 genitum
471 2704 591 2776 Filium
617 2714 717 2792 tuum,
745 2712 779 2775 et
804 2704 962 2799 Spiritum
990 2715 1079 2776 tunm
1107 2716 1266 2778 sunctum.

402 2819 566 2912 Populus.
618 2822 738 2894 Amen.

401 2933 578 3006 Sacerdos
613 2935 805 3006 inclinatas.
866 2933 1001 3025 Adjuva
1044 2944 1152 3006 autem
1189 2934 1333 3008 Domine
1368 2957 1430 3010 eos
1463 2959 1581 3011 omnes
1617 2941 1673 3034 qui

297 3051 458 3145 adjuvant
473 3050 659 3123 Ecclesiam
685 3061 775 3122 tuam
802 3060 963 3138 sanctam,
990 3053 1092 3140 votis,
1120 3049 1269 3137 decimis,
1296 3054 1490 3141 ministerio,
1518 3063 1552 3126 et
1569 3051 1672 3125 obla-

297 3167 461 3240 tionibus:
490 3178 589 3261 atque
616 3166 692 3239 illos
719 3170 818 3239 etiam
848 3169 903 3261 qui
929 3165 1099 3261 postulant
1125 3170 1296 3238 orationes
1323 3171 1490 3240 tenuitatis
1523 3180 1672 3256 nostrae,

299 3281 340 3355 da
367 3283 431 3354 illis
458 3281 557 3354 finem
583 3279 838 3378 postulationum
865 3285 1026 3376 ipsorum,
1053 3282 1197 3351 Domine
1224 3290 1352 3353 amator
1377 3281 1553 3357 homiuum.

399 3397 575 3468 Sacerdos
602 3397 741 3468 elevares
765 3419 891 3468 vocem.
945 3395 1040 3468 Mitte
1068 3405 1177 3466 autem
1205 3417 1317 3494 curam
1344 3395 1547 3491 perlectam,
1575 3398 1672 3470 salu-

296 3523 430 3608 temque
457 3513 606 3609 plenam,
639 3511 789 3584 omuibus
816 3511 881 3584 illis
909 3515 964 3608 qui
991 3534 1105 3584 curam
1132 3523 1252 3604 gerunt
1278 3533 1480 3607 pauperum,
1514 3518 1568 3610 qui
1603 3513 1672 3585 ali-

297 3639 409 3701 menta
435 3627 598 3724 praebent
624 3628 781 3724 orphanis
809 3639 843 3700 et
874 3629 1003 3716 viduis,
1040 3630 1240 3722 visitautque
1272 3625 1421 3701 infirmos
1457 3639 1490 3700 et
1524 3629 1672 3702 alllietos.

297 3744 460 3816 Retribue
487 3744 566 3832 illis,
601 3742 653 3814 lric
686 3743 818 3837 quidem
852 3744 1084 3816 abundantiam
1111 3753 1145 3814 et
1178 3742 1283 3817 bona:
1325 3743 1392 3816 illic
1423 3765 1508 3817 vero
1536 3744 1673 3816 delicias

297 3858 580 3956 incorruptibiles,
608 3862 683 3954 quia
711 3868 746 3932 tu
765 3859 928 3931 Dominus
956 3881 994 3932 es
1021 3862 1192 3953 utriusque
1217 3861 1355 3948 soeculi,
1382 3869 1416 3931 et
1440 3859 1579 3951 largitor
1604 3863 1674 3930 im-

300 3998 440 4048 mensae
468 3975 649 4062 mercedis,
684 3973 809 4070 tibique
836 3979 993 4047 convenit
1022 3973 1259 4063 beneficentia,
1293 3985 1360 4046 tam
1385 3975 1439 4047 hic
1465 3995 1562 4067 quum
1594 3971 1674 4063 illic,

297 4101 331 4162 et
356 4094 527 4184 unigenito
554 4091 640 4163 Filio
668 4101 735 4164 tuo.

399 4207 562 4300 Populus.
616 4208 736 4280 Amen.

400 4323 577 4394 Sacerdos
603 4322 795 4393 incliaotos.
849 4322 936 4393 Iram
964 4321 1096 4412 Regum
1122 4323 1325 4416 comprime,
1359 4341 1380 4392 ο
1416 4321 1494 4394 Rex
1527 4321 1672 4413 Regum,

296 4436 445 4510 furorem
472 4437 605 4508 militum
633 4458 832 4533 compesce;
858 4435 946 4510 bella
973 4446 1006 4508 et
1032 4435 1214 4508 seditiones
1241 4435 1355 4525 auser,
1388 4435 1509 4510 fastum
1546 4435 1672 4507 baere—

298 4557 439 4626 ticorum
467 4553 591 4645 dejice,
625 4563 659 4626 et
692 4555 874 4626 sententias
908 4575 927 4623 a
957 4553 1082 4645 justitia
1111 4563 1165 4624 tua
1192 4561 1308 4624 contra
1335 4572 1398 4623 nos
1424 4553 1672 4647 pronunciatas,

300 4679 437 4764 superet
463 4691 559 4740 umor
586 4690 669 4761 erga
695 4667 845 4742 homines
873 4678 957 4756 tuus,
985 4678 1018 4740 et
1045 4677 1221 4739 convertat
1247 4669 1281 4738 in
1296 4668 1578 4741 mansuetudinem
1606 4665 1674 4739 be-

298 4785 468 4876 nignitatis
495 4793 582 4856 tuae.

402 4899 552 4971 Eleooas
577 4923 703 4972 vocem.
756 4899 1038 4994 Tranquillitatem
1066 4908 1100 4971 et
1124 4921 1242 4993 paoem
1271 4920 1357 4994 quaa
1384 4924 1404 4973 a
1431 4911 1464 4972 te
1491 4907 1555 4989 ast,
1583 4919 1671 4970 cou-

300 5014 383 5088 cede
408 5024 520 5088 terrae
548 5026 582 5088 et
609 5017 762 5090 omnibus
788 5014 1028 5089 habitatoribus
1056 5019 1150 5109 ejus,
1185 5017 1287 5087 visita
1321 5037 1396 5088 eam
1422 5038 1484 5112 per
1510 5014 1673 5089 beuelicia
