4728 6028
719 543 795 638 '154
1122 563 1248 644 noras
1274 566 1313 642 n
1338 566 1446 642 curn
1472 535 1688 643 nimaina.

1038 841 1072 911 1.
1114 841 1281 932 Mpsleria
1306 839 1393 928 haec
1418 841 1549 910 viatico
1575 838 1672 909 cobis
1695 840 1772 908 aiot.

813 1047 952 1141 Qunavrs
974 1060 1050 1122 haec
1073 1059 1167 1123 verba
1189 1060 1253 1140 ipsa
1278 1058 1414 1123 Christus
1437 1075 1497 1120 non
1521 1056 1648 1138 dixerit,
1679 1073 1737 1120 nec
1759 1056 1810 1120 illa
1833 1056 1947 1119 dixisse
1970 1055 2083 1118 Orien-

716 1163 792 1224 tales
826 1162 1022 1244 pertendant,
1053 1163 1227 1245 frequenter
1256 1170 1355 1226 tamen
1386 1161 1595 1238 Sacerdotem,
1626 1161 1711 1243 quasi
1741 1179 1781 1224 ex
1808 1177 1939 1241 persona
1963 1159 2084 1238 Christi,

682 1293 685 1300 ‚
717 1279 805 1342 quam
828 1262 858 1323 in
881 1262 1086 1324 consecranda
1108 1262 1295 1325 Eucharistia
1317 1264 1460 1342 sustinet,
1491 1263 1664 1342 loquentem
1694 1259 1852 1338 inducunt,
1881 1279 1918 1322 ea
1946 1277 2024 1340 quae
2047 1259 2083 1321 ad

718 1360 954 1423 Christianorum
982 1363 1198 1424 institutionem
1227 1363 1400 1424 neccssaria
1424 1369 1509 1439 sunt,
1539 1368 1569 1423 et
1592 1359 1628 1422 ad
1651 1360 1786 1442 mysterii
1808 1361 1902 1440 ipsius
1925 1358 2007 1440 quod
2028 1376 2084 1420 ec·
2124 1392 2134 1408 ·

716 1459 852 1521 lebratnr
873 1460 961 1522 fidem
984 1460 1199 1523 inculcandam.
1231 1459 1376 1541 Exempla
1399 1462 1482 1523 varia
1505 1461 1708 1522 occurrentia
1722 1457 2084 1541 sequentibusbiturgiis:

716 1560 747 1620 in
769 1560 840 1637 ista,
871 1579 911 1621 ex
933 1577 1064 1640 persona
1084 1555 1199 1623 'Christi
1220 1560 1343 1639 dicitur,
1373 1559 1516 1641 Mysteria
1544 1577 1600 1622 scu
1622 1559 1827 1637 Sacramenta,
1858 1559 1966 1620 viatica
1996 1557 2083 1619 nobis

716 1677 797 1737 esse,
821 1677 898 1738 quae
921 1678 984 1722 vox
1006 1659 1084 1741 apud
1101 1661 1206 1741 Syros,
1228 1668 1261 1722 ut
1283 1660 1361 1740 apud
1374 1659 1507 1721 Graecos
1531 1665 1562 1720 et
1584 1657 1705 1719 Latinos
1729 1677 1769 1718 ex
1790 1675 1847 1719 usu
1867 1655 2083 1719 Ecclesiastico

716 1759 1152 1839 communionempraesertim,
1175 1778 1251 1840 quac
1270 1758 1454 1821 moribundis
1477 1757 1566 1818 datur
1588 1755 1752 1838 significat:
1777 1773 1837 1836 quo
1859 1773 1951 1817 sensu
1973 1755 2083 1838 legitur

715 1858 746 1919 in
768 1858 972 1938 antiquissima
995 1857 1118 1939 Syriaca
1139 1860 1280 1921 versione
1304 1856 1456 1920 Canonum
1477 1856 1686 1919 Nicaenornm.
1709 1855 1864 1937 llysteria,
1887 1855 1952 1916 sive
1972 1854 2083 1916 Sacra-

715 1965 814 2019 menta
837 1957 1007 2038 exprimunt
1030 1956 1097 2039 Syri
1119 1975 1176 2038 per
1198 1975 1305 2020 vocem
1328 1969 1420 2036 nrnn,
1445 1975 1522 2038 quae
1544 1963 1671 2037 utraque
1696 1954 1853 2038 significat.
1888 1952 2000 2015 Dicunt
2022 1955 2082 2036 igi-

715 2064 764 2118 tur
786 2055 882 2136 quod,
905 2056 975 2118 licet
997 2073 1053 2136 per
1074 2055 1193 2118 modum
1215 2055 1345 2118 alimenti
1367 2063 1535 2131 smnantur,
1564 2054 1747 2117 credendum
1769 2061 1867 2116 tamen
1889 2053 2012 2116 tirmiter
2034 2055 2081 2132 sit,
2106 2127 2108 2134 γ

715 2155 821 2218 eadem
844 2173 913 2218 esse
937 2173 1047 2236 corpus
1069 2164 1099 2218 et
1122 2158 1298 2238 sauguinem
1323 2152 1433 2217 Christi
1456 2154 1584 2218 Domini.
1614 2154 1817 2234 Adjunctionc
1840 2160 1939 2215 autem
1962 2152 2081 2216 illorum

714 2254 877 2318 verborum
905 2254 1056 2336 corrumpi
1084 2254 1210 2317 formam
1240 2253 1486 2317 sacramentalem
1514 2271 1574 2315 non
1602 2252 1690 2315 facile
1718 2252 1841 2334 probari
1869 2259 1986 2332 potest,
2015 2270 2081 2314 curn

715 2355 780 2435 ipsa
803 2353 897 2416 verba
919 2353 1145 2417 sacramentalia
1168 2361 1341 2436 sequantur,
1365 2353 1627 2436 integritatemque
1650 2371 1734 2415 suam
1756 2353 1914 2414 retineant.

1109 2633 1143 2703 2.
1183 2631 1361 2703 invocatio
1388 2630 1539 2739 Spiritus
1564 2635 1685 2702 sancti.

810 2824 900 2902 Tora
923 2835 1068 2899 orationis
1090 2836 1188 2898 series
1211 2836 1328 2916 etipsa
1350 2833 1458 2914 verba,
1481 2852 1541 2898 uno
1564 2842 1705 2915 excepto,
1728 2833 1833 2897 eadem
1856 2841 1925 2896 sunt
1948 2850 1983 2894 ao
2005 2832 2079 2894 reli-

713 2959 837 3021 quarum
859 2937 947 3020 hujus
971 2939 1116 3002 orationis
1139 2937 1343 3017 formularum,
1367 2955 1444 3019 quae
1468 2945 1630 3000 occurrunt
1652 2939 1683 2999 iu
1706 2938 1842 3000 omnibus
1865 2937 2077 3019 cujuscumque

712 3038 833 3120 linguae
862 3038 1032 3120 Liturgicis.
1055 3037 1218 3102 codicibus.
1262 3038 1377 3119 Nempe
1407 3057 1474 3100 cum
1502 3039 1533 3099 in
1555 3045 1641 3117 parte
1664 3036 1864 3100 lnvocationis
1887 3054 1964 3116 quae
1987 3054 2079 3117 super

619 3173 622 3181 ·
712 3156 822 3218 corpus
846 3136 955 3200 Christi
978 3139 1201 3219 pronunciatur,
1224 3137 1344 3220 legatur
1363 3136 1463 3217 [aciat
1484 3148 1564 3211 aaut
1586 3123 1718 3220 ποιήσῃ,
1742 3136 1779 3199 ad
1801 3136 1925 3199 calicem
1948 3153 2078 3216 usurpa-

711 3245 760 3301 tur
783 3249 878 3305 mbr.
921 3236 966 3299 Ea
985 3253 1049 3298 -vox
1072 3255 1089 3298 a
1112 3237 1237 3298 Graecis
1260 3243 1384 3317 accepta
1406 3237 1529 3317 proprie
1551 3235 1699 3318 significat
1726 3237 1884 3310 ordinare,
1913 3237 2077 3310 instituere,

710 3345 791 3400 recte
813 3337 1003 3414 constituere,
1022 3337 1178 3416 perficere.
1214 3335 1244 3399 Si
1270 3336 1341 3416 quid
1364 3353 1420 3416 per
1441 3352 1507 3397 eam
1529 3334 1699 3417 significare
1724 3335 1793 3416 Syri
1815 3333 1966 3398 voluerint
1989 3333 2077 3394 dnbi-

710 3443 805 3513 tetur,
836 3435 949 3516 absque
979 3434 1039 3496 ulla
1068 3453 1110 3497 ex
1138 3435 1259 3519 linguae
1281 3435 1438 3515 utriusque
1461 3435 1709 3518 originationibus
1741 3433 1868 3512 Critica,
1899 3434 2078 3515 responderi

710 3539 808 3599 statim
829 3543 947 3616 potest,
975 3535 1055 3596 illam
1086 3535 1219 3617 ejusdem
1248 3537 1405 3615 potestatis
1434 3542 1464 3597 et
1486 3534 1711 3618 significationis
1735 3552 1821 3612 esse,
1845 3553 1880 3595 ao
1903 3534 1976 3596 alias
1999 3553 2076 3616 quae

602 3675 607 3686 ·
710 3637 741 3698 in
763 3635 887 3716 reliquis
910 3634 1052 3714 Liturgiis
1083 3634 1190 3697 eodem
1219 3635 1303 3713 loco,
1332 3633 1412 3697 illius
1433 3636 1501 3697 vioe
1524 3633 1751 3697 substituuntur.
1797 3633 1868 3696 lllae
1890 3651 1985 3713 porro
2008 3643 2077 3696 sunt

710 3741 792 3808 'tzttt
811 3734 926 3815 facim,
955 3731 1070 3814 efficiat
1095 3725 1216 3818 ποιήσῃ
1238 3745 1315 3801 arnt
1337 3722 1498 3818 ἆναδείξῃ.
1542 3745 1620 3801 Ἴθι)
1641 3722 1813 3820 τελειώσῃ,
1838 3751 1961 3814 quarum
1983 3751 2077 3814 prae-

711 3835 816 3915 cipuus
839 3840 870 3896 et
892 3833 1080 3914 frequentior
1102 3851 1175 3896 usus
1198 3841 1254 3897 est.
1285 3834 1339 3896 llic
1354 3852 1429 3897 vero
1445 3835 1513 3915 Syri
1537 3833 1622 3895 aliam
1646 3832 1786 3896 adhibent
1809 3833 1932 3895 Graecis
1956 3850 2075 3914 quoque

710 3939 885 4012 usurpatam
916 3950 994 4015 quae
1016 3940 1064 3995 est
1085 3920 1362 4018 μεταῤῥυθμήσῃ,
1387 3944 1418 3997 ct
1445 3933 1526 3996 illam
1553 3934 1605 3994 vix
1627 3933 1713 3995 aliter
1735 3934 1906 4013 exprimere
1929 3939 2075 4013 poterant.

711 4031 825 4094 Talium
854 4040 953 4094 autem
981 4049 1107 4109 vocum,
1141 4040 1171 4094 et
1200 4035 1329 4095 omnium
1359 4051 1437 4114 quae
1466 4042 1536 4097 sunt
1566 4049 1637 4094 usus
1659 4031 1864 4095 Ecclesiastici
1886 4032 2074 4115 significatio,

710 4131 773 4211 peti
796 4130 903 4208 debet,
933 4139 965 4194 ut
993 4131 1024 4192 in
1047 4131 1113 4194 aliis
1135 4131 1211 4195 locis
1234 4133 1427 4196 observatum
1450 4142 1559 4196 estex
1582 4131 1699 4194 Graeca
1721 4132 1820 4212 potius
1843 4149 1930 4212 quarn
1954 4151 1993 4194 ex
2015 4131 2077 4212 Sy-

709 4229 791 4292 riaca
814 4231 941 4311 origine.
980 4231 1012 4294 Si
1033 4230 1108 4293 haec
1131 4249 1192 4294 non
1214 4231 1371 4311 subiciunt,
1395 4241 1425 4294 at
1447 4233 1519 4296 illud
1541 4231 1647 4295 saltem
1669 4232 1774 4314 negari
1798 4249 1858 4293 non
1880 4238 1991 4310 potest,
2013 4232 2077 4312 peti

709 4328 846 4392 eumdem
870 4329 1008 4392 ellectum
1032 4349 1268 4412 superponam,
1297 4351 1337 4394 ae.
1363 4350 1455 4412 super
1482 4330 1620 4409 calicem,
1650 4347 1838 4411 quacumque
1866 4348 1945 4391 voce
1973 4332 2077 4414 expli-
2161 4339 2168 4350 '

709 4435 810 4490 cetur:
834 4428 872 4492 de
895 4427 989 4492 altero
1013 4429 1120 4493 dicitur
1142 4439 1174 4493 ut
1193 4431 1295 4512 [aciat
1315 4431 1352 4494 de
1375 4431 1470 4494 calice
1494 4449 1614 4513 quoque
1637 4429 1863 4511 intelligendum
1882 4437 1928 4492 est
1941 4429 2076 4512 ejusdem

708 4545 779 4590 csse
802 4527 1029 4612 significationis
1051 4529 1190 4592 verbnm:
1219 4528 1299 4611 quod
1322 4531 1503 4620 reliquarum
1526 4531 1655 4593 omnium
1678 4527 1878 4611 liturgiarum
1900 4529 2075 4592 testimoniis

708 4628 911 4690 confirmatur.
