4804 6026
681 553 712 631 S.
740 550 878 630 tutum
902 551 1088 630 Apostoll
1112 551 1268 630 FRATRIS
1295 551 1439 631 aalma
1696 554 1745 630 41

474 740 651 812 Sacerdos
676 743 866 831 mterp'ectir
891 738 1024 832 aliquot
1054 737 1268 810 orationihus
1299 761 1388 834 quae
1415 763 1483 834 pro
1510 740 1747 814 Ecclesiarum

373 857 615 929 consuetudine
639 859 763 930 cariae
787 861 880 942 aaut,
905 857 1039 948 frangit
1065 876 1111 925 ea
1135 857 1261 946 majori
1286 855 1521 927 Eucharistici
1531 861 1748 950 pauispmte

371 976 534 1044 minorem
568 972 691 1062 aliam,
725 993 793 1068 pua
824 973 860 1041 ia
893 969 1003 1040 calice
1036 971 1197 1058 iatiucta,
1233 968 1385 1065 reliquae
1415 974 1451 1042 iu
1477 973 1608 1043 modum
1634 976 1748 1044 crucis

372 1093 501 1186 signat,
528 1089 663 1160 diceas:

474 1205 682 1298 Inspergitur
708 1203 845 1293 sanguis
872 1197 1005 1272 Domini
1032 1201 1157 1288 nostri,
1184 1203 1318 1295 corpori
1345 1203 1435 1292 ejus,
1461 1203 1496 1274 in
1521 1204 1655 1279 nomine
1672 1203 1746 1276 Pa-

372 1321 430 1393 tris
456 1320 486 1406 †
512 1329 546 1391 et
571 1318 667 1410 Filii,
693 1318 721 1405 †
748 1327 781 1388 et
808 1313 951 1411 Spiritus
979 1317 1094 1387 sancti.
1122 1315 1150 1402 †

474 1433 637 1504 Earedem
659 1431 866 1527 particulam
891 1433 1038 1502 immittit
1062 1433 1099 1500 ia
1125 1429 1266 1502 calicem
1293 1431 1457 1502 diceudo:

474 1547 638 1621 Miscuisti
662 1537 806 1622 Domine
842 1547 1046 1620 divinitatem
1078 1555 1168 1619 tuam
1200 1569 1276 1618 cum
1309 1545 1510 1620 humanitate
1542 1557 1679 1638 mostra,
1713 1559 1748 1621 et

371 1663 605 1736 humanitatem
631 1673 779 1736 nostram
807 1686 881 1736 cum
909 1661 1080 1734 divinitate
1107 1673 1180 1751 tua3
1206 1666 1310 1734 vitam
1337 1673 1426 1736 tuam
1454 1686 1528 1736 cum
1547 1662 1746 1737 mortalitate

372 1789 505 1868 nostra,
531 1790 566 1852 et
590 1778 822 1853 mortalitatem
849 1787 997 1852 nostram
1025 1799 1100 1848 cum
1125 1779 1196 1850 vita
1223 1786 1296 1866 tua;
1332 1779 1491 1873 accepisti
1518 1801 1603 1872 quae
1629 1789 1745 1852 nostra

372 1904 485 1984 erant,
513 1905 546 1967 et
574 1895 691 1967 dedisti
717 1887 816 1966 nobis
843 1904 920 1982 tua,
947 1892 989 1962 ad
1015 1896 1138 1984 uitam,
1171 1905 1205 1966 et
1231 1893 1370 1966 salutem
1398 1897 1580 1966 anhnarum
1605 1905 1746 1969 unstra-

371 2031 461 2099 mm,
488 2007 547 2082 tibi
572 2009 680 2100 gloria
706 2011 739 2080 iu
767 2008 911 2082 saecula.

474 2137 650 2209 Sacerdos
675 2140 805 2230 accipit
831 2157 956 2230 corpus
983 2135 1128 2223 Christi,
1156 2137 1291 2207 diceus:
1325 2155 1335 2178 ·

475 2269 615 2342 Praesta
632 2270 774 2342 Domine
798 2280 834 2342 ut
859 2265 1106 2340 sanctificentur
1126 2290 1269 2363 corpora
1292 2275 1407 2341 nostra
1429 2291 1635 2366 percorpus
1657 2280 1747 2342 urum

373 2394 541 2474 sarchum,
568 2395 602 2456 et
627 2384 840 2480 purificentur
866 2386 995 2455 ammae
1021 2395 1158 2457 nostrae
1184 2405 1246 2480 per
1271 2385 1468 2476 sauguinem
1501 2396 1590 2458 tuum
1624 2387 1747 2482 propi-

372 2503 557 2590 tiatorium,
585 2503 714 2594 sintque
741 2500 784 2572 arl
809 2502 944 2570 veniam
972 2497 1165 2572 delictorum
1200 2510 1234 2572 et
1266 2502 1498 2574 remissionem
1530 2511 1748 2598 peccatorum

374 2623 581 2702 nostrorum3
607 2616 750 2688 Domine
776 2617 869 2689 Deus
896 2613 955 2686 tihi
980 2612 1090 2706 gloria
1115 2617 1149 2685 in
1175 2613 1321 2687 saecula.

475 2747 562 2818 illoc
593 2747 849 2818 Eucharistiam
884 2745 1057 2817 distribuit
1091 2747 1356 2834 Sacerdotibus,
1396 2747 1583 2838 Dinaeam,
1625 2748 1749 2819 deiude

371 2863 507 2949 Laicis,
535 2862 670 2936 dicem:
697 2861 829 2958 Corpus
857 2871 890 2934 et
915 2864 1053 2954 sanguis
1079 2862 1213 2935 Domini
1250 2865 1357 2936 nostri
1388 2862 1471 2936 Jesu
1498 2859 1621 2936 Christi
1654 2863 1749 2934 datur

372 2977 430 3050 tihi
464 2980 498 3048 iu
531 2980 666 3050 veniam
701 2977 913 3066 delictorum,
953 2986 987 3048 et
1019 2978 1250 3052 remissionem
1287 2985 1502 3074 peccatorum
1534 2981 1569 3049 in
1606 2986 1747 3072 utroque

374 3091 521 3165 saeculo.

472 3223 613 3296 Interea
638 3224 714 3296 dum
741 3227 926 3296 commuuio
953 3224 1210 3296 administratur
1237 3246 1310 3296 cum
1336 3223 1531 3313 cochleari,
1564 3222 1744 3293 Diacouur

375 3337 519 3433 reliquia
542 3339 792 3410 mcciueutihua
814 3339 959 3410 claruet:
1196 3319 1203 3332 ⁸

475 3471 613 3544 Fratres
641 3473 707 3544 mei
734 3474 874 3569 accipite
900 3493 1022 3567 corpus
1049 3469 1128 3558 utu,
1164 3468 1286 3542 clamat
1316 3467 1489 3543 Ecclesia:
1520 3467 1624 3542 hihite
1659 3489 1746 3542 san-

372 3590 508 3680 guinem
542 3589 615 3679 ejus
649 3610 724 3660 cum
753 3587 840 3678 lide,
867 3599 902 3659 et
928 3590 1037 3660 canite
1063 3585 1224 3678 gloriam,
1257 3583 1310 3658 hic
1340 3594 1393 3658 est
1419 3583 1510 3658 calix
1544 3605 1642 3678 quem
1677 3586 1747 3656 mi·

376 3705 461 3774 scuit
486 3703 649 3775 Dominus
675 3715 790 3777 noster
816 3725 917 3799 super
950 3702 1076 3794 lignum
1113 3703 1237 3772 crucis:
1265 3700 1415 3774 accedite
1441 3699 1617 3787 mortales,
1644 3696 1747 3772 hihite

371 3839 416 3888 ex
443 3839 502 3905 eo,
532 3819 826 3914 inremissionem
854 3817 1057 3891 delictorum.
1109 3813 1278 3904 Alleluia,
1311 3826 1345 3887 et
1382 3819 1447 3913 ipsi
1472 3816 1563 3904 laus,
1603 3812 1645 3884 de
1680 3834 1746 3914 qun

261 4017 267 4032 ἱ
370 3931 453 4006 hihit
478 3955 566 4025 grex
593 3935 676 4024 ejus,
715 3945 749 4006 et
774 3937 949 4030 puritatem
976 3933 1199 4026 consequitur.

475 4062 540 4147 Oui
573 4085 691 4136 nereus
724 4071 762 4133 ut
795 4070 831 4134 et
861 4061 954 4133 mult-i
986 4063 1067 4154 alii,
1093 4067 1201 4154 punto
1237 4038 1549 4134 communicantium
1575 4083 1746 4132 munerum

369 4180 560 4248 minuuntur
585 4178 640 4249 nel
661 4178 922 4272 producuntur:
952 4199 1034 4248 moa
1062 4176 1239 4248 Sacerdos
1265 4177 1433 4272 abstergit
1456 4201 1565 4264 oasa,
1599 4177 1743 4249 Diaco-

369 4313 488 4364 aorum
513 4295 722 4381 ministerio,
750 4300 786 4364 et
811 4293 933 4362 deiude
960 4293 1086 4364 dicitur
1112 4294 1230 4363 Oratio
1257 4297 1448 4386 mattarum
1473 4295 1630 4363 actionis.

476 4423 610 4496 Gratias
638 4427 765 4517 agimus
792 4423 851 4495 tihi
878 4425 971 4496 Deus
1000 4433 1033 4494 et
1059 4428 1240 4520 praecipue
1267 4423 1438 4496 laudamus
1470 4433 1502 4494 te
1530 4419 1573 4494 oh
1601 4423 1747 4494 immen-

371 4559 442 4610 sum
470 4547 505 4609 et
529 4538 728 4611 inellahilem
763 4561 844 4632 erga
876 4538 1029 4611 homiues
1064 4560 1213 4610 amorem
1245 4549 1344 4611 tuum
1405 4538 1434 4611 Ο
1467 4540 1630 4626 Domine,
1664 4559 1748 4632 quos

370 4653 542 4732 admittere
570 4654 725 4747 dignatus
752 4677 791 4727 es
824 4654 865 4727 ad
898 4657 1183 4751 participationem
1217 4676 1353 4728 mensae
1384 4663 1462 4725 tuae
1497 4653 1671 4742 coelestis,
1704 4676 1749 4725 ne
1791 4695 1794 4704 ,

377 4769 516 4842 damnes
544 4768 588 4841 oh
616 4773 860 4866 susceptionem
887 4773 1121 4866 mysteriorum
1148 4779 1278 4843 tuomm
1305 4779 1495 4843 sauctorum
1526 4779 1560 4840 et
1584 4769 1751 4841 immacu-

369 4883 520 4956 latorum.
573 4885 700 4958 Verum
736 4908 757 4958 ο
793 4884 899 4974 hone,
936 4886 1066 4958 custodi
1099 4906 1162 4959 nos
1193 4890 1228 4958 in
1260 4887 1388 4978 justitia
1421 4895 1454 4957 et
1488 4887 1680 4973 sanctitate,
1713 4893 1749 4955 ut

373 4999 462 5091 digni
490 4999 599 5072 effecti
634 5003 931 5074 communicatione
964 5000 1106 5097 Spiritus
1140 5005 1186 5074 tui
1221 5005 1346 5094 sancti,
1378 5013 1527 5099 partem,
1559 5011 1684 5074 sortem
1701 5010 1750 5071 'et
