4712 6032
761 603 1205 696 S.J0ntittts.'
1560 619 1637 695 25⁷

376 804 527 876 liccam
545 825 670 875 socan.
697 801 853 892 Erulum,
871 807 990 900 quique
1004 808 1271 900 persecutionem
1287 809 1465 902 patiuntur,
1486 830 1635 905 oppres-

272 941 385 993 sorum
412 931 445 993 et
472 918 677 1008 afflictorum,
704 942 885 1016 pauperum
912 930 946 992 et
964 943 1157 1012 egenorum,
1184 921 1399 1013 advenarum,
1424 926 1634 1016 miserorum,

273 1039 493 1132 captivorum,
520 1035 690 1126 orborum,
718 1034 939 1132 orphanorum
967 1047 1001 1109 et
1025 1038 1199 1110 viduarum
1226 1061 1338 1111 curam
1366 1061 1462 1132 gere,
1493 1019 1527 1112 et
1551 1062 1635 1134 rege

273 1174 334 1226 cos
360 1176 421 1249 per
448 1152 709 1225 misericordiam
735 1161 824 1223 mam
850 1150 1005 1245 Domine,
1032 1165 1066 1227 et
1091 1153 1275 1229 referemus
1301 1156 1372 1248 tihi,
1399 1166 1461 1230 etc.

377 1269 537 1362 Papulas.
590 1268 709 1340 Amen.

375 1385 551 1456 Sacerdos
575 1384 767 1455 inclinatus.
819 1383 951 1476 Regum
986 1383 1126 1457 lidelium
1159 1397 1193 1457 et
1223 1397 1393 1482 potentum
1426 1391 1481 1484 qui
1512 1387 1635 1464 faciunt

274 1499 479 1574 voluntatem
505 1511 606 1589 tuam,
632 1509 797 1572 momento
824 1498 976 1571 Domine.

376 1617 526 1690 Danaas
559 1637 685 1688 ccccm.
738 1613 791 1686 Da
818 1615 1026 1688 etconcede
1053 1616 1151 1690 uobis
1179 1623 1405 1714 pergratiam
1439 1631 1526 1694 tuum
1554 1623 1633 1694 Do-

272 1736 380 1820 mine,
414 1742 449 1805 ut
480 1738 584 1805 vitam
619 1735 763 1826 quietas
797 1740 830 1802 et
860 1731 979 1804 laetam
1015 1735 1172 1806 ducamus
1199 1756 1314 1807 coram
1341 1747 1392 1826 te,
1424 1747 1458 1808 et
1489 1738 1635 1831 benigne
1752 1757 1758 1768 ¹

272 1857 472 1948 aspiciamur
498 1851 540 1925 ult
567 1853 630 1926 illis
658 1854 712 1947 qui
738 1872 801 1923 uos
827 1859 960 1944 regunt:
987 1859 1022 1921 et
1045 1849 1231 1922 referemus
1257 1851 1334 1941 tilii‚
1360 1862 1423 1925 etc.

376 1969 537 2062 Populos.
587 1969 708 2041 Amen.

375 2085 551 2158 Sacerdos
576 2084 766 2156 inclinatus.
819 2081 968 2174 Virginis
994 2083 1176 2178 Deiparce‚
1208 2083 1347 2158 loannis
1380 2083 1568 2180 Baptistae,
1601 2095 1635 2158 et

273 2207 415 2276 omnium
441 2205 571 2298 piorum
597 2211 738 2288 tuorum,
766 2208 929 2270 memento
956 2198 1108 2269 Domine.

375 2319 525 2390 Eicoaas
549 2339 674 2388 ccccm.
707 2314 752 2386 Et
777 2336 838 2410 per
864 2312 1137 2410 supplicationem
1163 2324 1198 2387 et
1214 2319 1486 2390 intercessionem
1506 2339 1634 2408 eorum,

160 2448 166 2456 '
271 2439 326 2530 qui
353 2436 611 2508 conversatione
644 2431 741 2528 plena
774 2428 979 2502 rectitudinis
1011 2441 1104 2518 tuae,
1137 2431 1399 2506 conciliaverunt
1430 2443 1481 2524 te,
1514 2434 1634 2526 dignos

270 2551 364 2624 effice
391 2572 454 2622 nos
480 2559 575 2646 parte
602 2557 635 2619 et
661 2557 754 2618 sorte
780 2568 854 2618 cum
881 2541 960 2634 eis‚'
979 2556 1013 2618 et
1038 2545 1221 2620 referemus
1249 2547 1325 2638 uti,
1352 2557 1414 2620 etc.

373 2665 534 2759 Papulas.
585 2665 704 2736 Amen.

374 2781 549 2854 Sacerdos
574 2780 765 2851 inclinatas.
808 2769 942 2850 Petrum
970 2788 1159 2850 sanctorum
1187 2789 1221 2851 et
1232 2779 1414 2855 Doctorum
1441 2783 1633 2872 electorum,

134 2942 139 2965 ι
271 2911 304 2972 et
330 2901 452 2974 secreti
479 2898 629 2970 veritatis
656 2897 881 2990 interpretum,
909 2905 1073 2966 memento
1098 2896 1252 2968 Domine.

374 3015 523 3086 Eteonos
548 3034 675 3082 uocem.
721 3009 764 3081 Et
791 3032 892 3107 super
919 3021 1046 3106 petram
1073 3009 1148 3083 lidei
1176 3011 1386 3086 orthodoxae
1417 3016 1513 3086 trium
1535 3015 1633 3112 Syn-

271 3131 412 3205 odorum
438 3138 639 3216 sanctarum,
667 3125 823 3198 confirma
842 3147 905 3198 nos
925 3148 1045 3199 omnes
1059 3149 1121 3222 pcr
1143 3131 1284 3219 gratiam
1311 3140 1398 3200 tuam
1419 3129 1572 3218 Domine,
1600 3139 1634 3202 et

270 3247 456 3320 referemus
483 3243 552 3334 tibi,
580 3253 642 3314 etc.
956 3260 958 3264 ’

375 3361 534 3454 Populos.
586 3360 705 3431 Amen.

373 3478 549 3553 Sacerdos
574 3475 765 3546 inclinatus.
826 3474 959 3544 Patrum
996 3475 1115 3560 etiam,
1148 3472 1301 3563 fratrum,
1334 3478 1632 3574 magistrorumque

270 3607 471 3683 nostrorum,
499 3603 533 3664 et
559 3595 701 3664 omnium
728 3587 870 3663 fidelium
897 3587 1137 3676 defunctorum
1163 3601 1327 3664 memento
1354 3592 1505 3664 Domine.

375 3711 524 3783 Etccans
549 3731 674 3779 uocem.
726 3706 770 3778 Et
801 3727 862 3776 eos
898 3709 952 3800 qui
985 3726 1005 3775 a
1033 3705 1252 3800 potestatibus
1278 3707 1489 3780 tenebrarum
1516 3713 1633 3806 possi·-

271 3830 399 3914 dentur,
427 3825 583 3909 illumina,
610 3834 644 3894 ct
671 3822 712 3896 nb
740 3824 902 3914 angustiis
929 3831 963 3892 et
987 3820 1225 3896 infirmitatibus
1252 3845 1313 3896 eos
1339 3822 1454 3912 libera,
1487 3835 1585 3921 atque
1612 3848 1632 3897 a
1730 3813 1741 3842 ‘

271 3947 464 4041 captivitate
495 3945 665 4037 spirituum
692 3939 910 4031 malignorum
938 3921 1033 4008 solva
1060 3938 1151 4027 illos,
1185 3949 1219 4011 et
1250 3944 1329 4011 oriri
1361 3939 1416 4012 iac
1445 3962 1546 4035 super
1573 3963 1633 4013 eos

270 4063 379 4135 lumen
413 4060 571 4150 unigeniti
605 4055 679 4127 Filii
713 4058 773 4128 tui:
811 4077 874 4152 per
907 4075 1003 4147 quem
1044 4077 1106 4128 nos
1143 4078 1274 4153 quoque
1307 4056 1565 4130 misericordiam
1602 4065 1634 4128 et

271 4189 409 4276 propter
434 4202 522 4266 eum,
549 4180 706 4272 consequi
734 4197 918 4272 speramus,
945 4185 978 4244 et
1004 4172 1101 4245 nohis
1128 4174 1260 4247 stillis.

375 4295 536 4388 Populus.
592 4293 742 4379 Quietem
770 4301 913 4389 praesta.

374 4410 558 4482 Sacerdos.
611 4409 700 4482 Audi
726 4430 800 4497 nos
826 4409 986 4498 Domine,
1016 4416 1154 4504 propter
1179 4406 1414 4480 multitudinem
1440 4410 1635 4478 miseratio-

272 4551 349 4600 num
376 4540 515 4613 tuarum
542 4536 577 4598 et
600 4524 706 4598 libera
732 4547 795 4598 nos
823 4535 857 4596 et
882 4525 956 4599 illos
983 4524 1150 4619 ajudicio
1177 4521 1300 4608 futuro
1330 4534 1364 4596 et
1390 4547 1409 4596 a
1437 4523 1636 4597 cruciatibus

274 4645 327 4736 qui
355 4645 461 4739 impiis
488 4652 719 4714 reservantur:
746 4651 780 4712 ut
806 4643 839 4711 in
865 4640 929 4714 hoc
956 4645 1042 4714 sicut
1067 4644 1100 4712 in
1127 4640 1278 4714 omnihus
1304 4639 1455 4714 laudetur
1483 4651 1516 4712 et
1540 4639 1637 4711 ccle-

272 4757 388 4830 lrrctur
414 4781 534 4832 nomen
562 4757 840 4851 gloriosissimum
868 4768 901 4830 ct
926 4756 1155 4846 benedictum,
1186 4779 1249 4829 noc
1280 4777 1347 4828 non
1374 4756 1506 4829 Domini
1533 4755 1639 4829 nostri

271 4871 352 4946 lesu
382 4873 516 4965 Christi,
543 4884 576 4948 et
601 4875 743 4970 Spiritus
770 4877 816 4946 tui
847 4877 963 4947 sancti.

376 4990 534 5085 Papulas.
588 4992 708 5063 Amen.

374 5105 556 5179 Sacerdos.
609 5106 693 5178 Pax.
