4782 6068
637 565 690 640 llll
716 561 1106 641 nestorianorum
1137 560 1382 638 LITURGIIS.
1615 557 1691 632 565
1732 625 1734 630 .

326 752 439 826 talium
475 750 625 842 traditio,
659 773 721 846 qna
755 749 788 822 id
822 749 944 822 lactum
978 748 1020 824 ab
1052 748 1173 824 Adaeo
1208 758 1241 821 et
1271 749 1341 840 Agl
1380 749 1413 818 in
1448 745 1696 844 Mesopotamia

326 877 496 942 testantur.
550 864 633 940 Cum
660 888 763 962 porro
790 869 879 938 circa
906 876 1037 939 sextum
1064 863 1233 938 saeculnm
1259 862 1457 938 Nestoriana
1484 859 1634 934 haeresis
1660 863 1694 933 in

326 983 416 1056 illam
441 984 649 1078 provinciam
676 983 798 1054 sensim
825 979 934 1054 inlusa
968 992 1040 1068 est,
1073 991 1107 1053 et
1137 984 1282 1054 maxima
1315 1002 1361 1052 ex
1386 978 1533 1052 Persidis
1560 977 1693 1070 Regum

329 1102 505 1172 autoritate
530 1101 734 1172 incrementa
762 1100 908 1194 aceepit,
942 1119 1051 1170 novas
1085 1095 1128 1170 ab
1154 1096 1364 1171 Antistitibus
1399 1116 1569 1169 sacrorum
1596 1093 1693 1185 leges

327 1214 530 1288 introductas
556 1213 676 1302 ludsse,
702 1235 767 1285 nec
792 1213 929 1287 historin
956 1221 1112 1305 testatur,
1138 1235 1202 1286 nec
1228 1210 1376 1287 moribus
1401 1212 1535 1286 illorum
1558 1217 1693 1303 tempo-

329 1354 401 1404 rum
427 1330 589 1402 ullatenus
618 1333 841 1403 convenisset
1493 1347 1498 1366 ¹

432 1445 503 1520 VII.
529 1446 672 1520 Accedit
698 1444 787 1519 aliud
813 1468 881 1518 uon
907 1448 1029 1520 minimi
1054 1444 1213 1542 ponderis
1239 1454 1479 1539 argumentum.
1522 1443 1694 1536 Liturgiae
1742 1453 2017 1510 Nihitiniltiroccnr·

330 1563 424 1654 illae,
456 1566 562 1659 prima
588 1566 804 1657 praesertim,
838 1565 936 1636 etiam
966 1567 1001 1634 in
1033 1561 1203 1636 codicibus
1235 1584 1303 1636 non
1336 1561 1511 1635 admodum
1543 1540 1955 1681 vetustis,‘Ji‘fflnl''liwfllssm
1988 1541 2015 1640 {¹¹

329 1683 415 1752 inter
441 1678 572 1768 multas,
598 1683 751 1776 variique
777 1682 912 1772 generis
940 1682 1110 1755 orationes
1136 1681 1198 1750 vix
1224 1677 1323 1752 ullam
1348 1677 1482 1766 habent,
1509 1699 1594 1772 quae
1618 1642 1865 1766 Ne-„d,1:„2¹¹⁰
1931 1641 2016 1681 emin

332 1797 500 1869 storianae
527 1795 698 1868 doctrinae
723 1794 916 1892 particulam
944 1796 1087 1892 aliquam
1109 1803 1346 1892 repraesentet,
1373 1817 1438 1867 una
1454 1792 1601 1866 Nestorii
1627 1814 1697 1864 ex-

332 1920 444 2008 cepta,
472 1933 558 2008 quae
584 1914 680 1985 trium
707 1924 878 2007 postrema
905 1922 969 1998 est,
996 1921 1096 2008 atque
1123 1910 1209 1986 adeo
1235 1912 1410 1984 recentior.
1446 1911 1493 1984 At
1509 1907 1698 1982 Officiorum

330 2036 565 2100 nocturnorum
603 2028 858 2124 diurnorumque
890 2050 1010 2124 preces
1049 2028 1149 2101 multa
1189 2027 1312 2101 habent
1345 2017 1508 2121 ejusmodi
1546 2047 1698 2100 venena:

333 2143 461 2216 sollicet
487 2148 562 2240 quia
589 2146 795 2217 recentiores
822 2156 914 2232 sunt,
950 2154 984 2215 et
1016 2142 1057 2216 ab
1085 2143 1149 2218 illis
1175 2142 1361 2216 hominibus
1387 2145 1610 2238 compositae,
1644 2144 1700 2238 qni

334 2259 532 2355 sequacibus
560 2262 628 2332 suis
654 2259 809 2331 haeresin
834 2260 1017 2348 inculcare,
1052 2281 1258 2356 quacumque
1290 2257 1497 2352 satagebant.
1550 2256 1634 2330 Sunt
1665 2260 1701 2330 in

332 2375 511 2468 Liturgicis
538 2373 694 2472 precihus
719 2375 787 2449 loci
814 2375 957 2472 quidam,
985 2399 1031 2448 ex
1057 2374 1175 2470 quihus
1203 2376 1348 2472 suspicio
1374 2373 1640 2464 Nestorianismi,
1670 2373 1701 2446 si

333 2491 471 2584 rigidius
499 2495 711 2587 accipiantur,
738 2491 811 2564 duci
837 2502 968 2587 posset,
995 2513 1080 2588 quae
1106 2501 1216 2564 tamen
1241 2491 1331 2564 nullo
1358 2493 1495 2584 negotio
1517 2489 1700 2578 discutimr,

334 2612 364 2682 si
389 2618 482 2680 recte
507 2606 739 2700 intelligantur.
768 2607 973 2682 Sententiam
1000 2611 1086 2682 enim
1114 2606 1345 2682 Orthodo‘xam
1371 2604 1506 2696 habent,
1531 2628 1640 2702 neque
1657 2604 1701 2677 ad

333 2725 488 2798 haeresin
516 2724 706 2820 detorqueri
739 2735 896 2821 possunt,
929 2728 992 2798 nisi
1025 2747 1071 2797 ex
1096 2723 1323 2820 praejudicata
1350 2725 1505 2818 opinione
1537 2722 1701 2796 adversus

334 2841 556 2916 Nestorianos
584 2843 639 2936 qui
665 2839 744 2913 alibi
770 2844 943 2937 opiniones
970 2863 1049 2914 suas
1074 2838 1219 2936 produnt
1243 2842 1325 2913 satis
1340 2837 1461 2912 libere:
1489 2837 1564 2911 dum
1586 2838 1702 2912 lesum

337 2957 501 3030 Christum
526 2967 650 3030 vocant
676 2957 830 3050 templum
856 2957 1061 3044 dioioa'totts,
1095 2963 1129 3028 et
1159 2955 1348 3049 Virginem,
1374 2939 1528 3026 'Matrem
1555 2953 1702 3026 Christi:

339 3074 519 3170 Deiparam
545 3093 629 3145 vero
659 3092 838 3167 nunquam.
899 3070 1028 3168 Nempe
1061 3082 1177 3144 eontra
1211 3093 1337 3144 morem
1371 3068 1597 3142 Ecclesiamm
1632 3067 1700 3158 fuit,

337 3189 460 3274 addere
488 3188 663 3284 quidquam
689 3190 831 3260 vetustis
863 3187 1086 3276 orationihus,
1122 3189 1187 3258 nisi
1218 3184 1306 3282 quod
1339 3187 1482 3259 omnium
1516 3207 1700 3259 consensus

336 3308 537 3400 recepisset,
572 3314 606 3375 ut
635 3300 842 3399 Ὁμοούσιος
874 3314 907 3376 et
935 3303 1105 3388 Θεοτόκος
1136 3303 1288 3395 adjuncta
1315 3313 1392 3374 suut
1416 3311 1494 3397 post
1519 3300 1702 3375 Nicaenum

337 3431 371 3492 ct
395 3417 597 3516 Ephesinum
625 3418 824 3509 Concilium,
859 3420 947 3516 quod
982 3443 1048 3495 non
1081 3417 1181 3492 modo
1215 3414 1421 3490 aJacobitis
1448 3421 1537 3492 circa
1564 3417 1702 3490 alteram

335 3557 455 3608 vocem
482 3535 605 3608 lactum
630 3535 702 3624 luit,
729 3536 790 3608 sed
817 3539 915 3608 etiam
941 3535 983 3610 ab
1013 3534 1225 3610 Orthodoxis.
1278 3535 1393 3629 Itaque
1420 3537 1483 3630 ipsi
1510 3538 1608 3607 etiam
1634 3534 1701 3606 Ja-

337 3652 470 3725 cobitae
496 3675 569 3723 cum
597 3653 816 3747 amplissimas
843 3651 1028 3726 Dioeceses
1055 3661 1214 3740 tenerent,
1235 3650 1497 3724 Alexandrinam
1525 3659 1558 3722 et
1574 3650 1701 3722 Antio-

338 3767 476 3842 chenam
504 3775 613 3863 (quae
647 3768 788 3864 dignitas
822 3768 1031 3842 Nestorianis
1059 3767 1181 3856 deluit,
1215 3766 1417 3864 quinullam
1443 3765 1701 3839 Patriarchalem

338 3882 465 3971 sedem,
493 3887 591 3956 etiam
618 3884 783 3957 violenter
802 3897 998 3981 occupatam
1020 3884 1259 3981 possederunt)
1280 3905 1387 3956 novas
1407 3886 1589 3972 orationes,
1616 3905 1702 3988 quae

340 3999 382 4073 ad
409 4001 575 4096 opinionis
601 4021 683 4073 suae
710 4001 752 4072 de
778 4023 843 4073 una
868 4012 986 4074 natura
1013 4001 1294 4076 confirmationem
1318 4007 1519 4098 spectarent,
1544 3997 1703 4090 Liturgiis

338 4139 405 4190 non
436 4120 660 4188 inseruerunt:
691 4137 809 4189 verum
842 4119 939 4190 unico
972 4119 1006 4190 in
1030 4117 1108 4191 loco
1135 4115 1378 4190 confessionem
1405 4127 1482 4188 ante
1509 4115 1703 4210 susceptIo-

339 4254 414 4304 nem
441 4230 672 4306 Eucharistiae
699 4232 908 4324 adjecerunt3
935 4231 1034 4328 idque
1061 4234 1181 4324 serius,
1206 4235 1240 4303 iu
1259 4213 1324 4328 qua
1348 4235 1443 4306 unius
1463 4243 1600 4304 naturae
1619 4229 1702 4302 Ides

341 4358 590 4442 agnosceretur.
643 4347 816 4442 Ejusmodi
843 4358 953 4420 antem
980 4346 1178 4439 Confessio,
1211 4346 1253 4420 de
1285 4371 1348 4443 qna
1376 4348 1495 4420 dictum
1523 4357 1573 4419 est
1598 4344 1702 4418 fusius

339 4465 373 4535 in
399 4467 636 4550 commentario
664 4464 706 4538 ad
733 4463 890 4562 Coptioas
916 4464 1103 4558 Liturgias,
1138 4466 1289 4562 quamvis
1323 4466 1410 4536 inter
1436 4487 1564 4538 sacram
1592 4464 1708 4536 actio*

308 4625 313 4632 ,
340 4601 418 4652 nem
443 4579 512 4668 liat,
538 4581 579 4654 ad
607 4603 681 4654 earn
709 4591 818 4654 tamen
844 4583 980 4678 proprie
1005 4579 1173 4676 loquendo
1200 4601 1267 4668 non
1292 4583 1445 4677 pertinet.

444 4695 531 4768 VIII.
557 4695 647 4768 Idem
675 4718 781 4793 prope
808 4696 1009 4776 observatur
1034 4699 1067 4768 in
1102 4694 1229 4769 duabus
1261 4695 1334 4768 aliis
1360 4695 1518 4790 Liturgiis
1552 4695 1640 4792 quod
1670 4699 1705 4769 in
1766 4709 1879 4765 turam
1904 4725 2023 4766 amores

341 4815 447 4910 prIma
474 4814 649 4900 communi,
677 4823 711 4884 et
736 4809 1003 4904 generaliz'cum
1029 4814 1090 4886 rix
1117 4812 1291 4908 quidquam
1318 4811 1360 4884 ad
1377 4811 1598 4886 Nestorianae
1616 4797 1794 4885 hae-'³⁰¹⁸'
1807 4800 1908 4853 ΜΝ
1917 4797 2023 4851 Μ’·

341 4949 459 5002 roseos
486 4927 804 5002 commendationem
829 4932 863 5002 in
888 4928 951 5004 illis
978 4929 1118 5024 legatur.
1169 4927 1253 5002 Hlud
1284 4951 1367 5002 sane
1394 4883 2025 5026 animadvertissent:ffiffiffiss'

341 5043 600 5143 Diamperenses
636 5067 814 5135 censores,
850 5050 879 5118 si
915 5046 971 5162 vel
1004 5045 1117 5119 levem
1150 5045 1365 5120 Orientalium
1404 5068 1515 5120 rernm
1554 5049 1792 5120 notitiammune
1808 5057 1872 5112 nun
1888 5059 1991 5115 umas

1420 5163 1500 5238 ⁷4*
1710 5163 1713 5180 '
