4730 6038
635 519 711 594 284
1209 519 1438 596 NOTAE

740 706 924 779 Sacerdos.
976 709 1117 780 Domine
1144 705 1235 779 Deus
1266 716 1382 780 noster
1415 709 1469 802 qui
1506 727 1543 778 es
1574 705 1741 798 refugium
1773 714 2000 802 peccatorum,

635 833 772 898 sanator
811 822 1029 911 infirmorum,
1063 822 1312 896 vulneratorum
1345 832 1563 909 restaurator,
1598 821 1776 894 auxiliator
1809 827 2001 910 animarum,

633 961 771 1037 precum
799 951 989 1035 susceptor,
1016 943 1136 1034 quique
1162 941 1338 1034 petitiones
1365 941 1523 1034 respicio,
1549 941 1730 1033 propitiare
1756 941 1905 1034 peccatis
1920 959 2001 1010 ser-

633 1079 755 1130 vorum
781 1066 928 1143 tuornm3
955 1077 1036 1128 sana
1062 1055 1202 1128 vulnera
1228 1053 1340 1150 populi
1366 1059 1430 1146 tui,
1458 1055 1590 1149 suscipe
1620 1077 1740 1151 preces
1774 1059 1889 1128 ovium
1920 1062 2001 1123 tna-

634 1195 727 1260 rum;
754 1181 787 1242 et
813 1175 944 1268 respice
978 1172 1234 1267 supplicationes
1267 1175 1383 1263 gregis
1416 1174 1484 1256 tui,
1519 1180 1554 1242 et
1588 1171 1783 1244 sacrificium
1816 1170 1882 1244 boc
1914 1168 2003 1264 quod

633 1293 667 1360 in
694 1289 818 1384 templo
845 1298 960 1360 sancto
988 1298 1044 1361 tuo
1073 1286 1266 1375 obtulimus,
1294 1290 1336 1359 sit
1362 1298 1534 1383 acceptum
1559 1290 1727 1379 majestati
1752 1296 1838 1359 tuae.
1892 1284 1943 1357 Sit
1968 1289 2003 1358 iu
2050 1375 2053 1383 Ι

635 1403 927 1476 sanctificationem
959 1407 1158 1491 animarum,
1193 1413 1227 1474 et
1258 1423 1435 1499 corporum
1467 1414 1673 1492 nostrorum;
1708 1413 1742 1474 et
1780 1404 1916 1494 sanguis
1947 1401 2003 1474 ille

634 1541 752 1616 praue,
780 1529 814 1590 et
839 1528 972 1590 sanctus
999 1541 1064 1613 quo
1091 1517 1180 1591 labia
1206 1529 1319 1592 nostra
1345 1529 1506 1614 penrnota
1533 1530 1626 1608 sunt,
1652 1523 1875 1615 praestantior
1902 1540 2000 1613 quam

551 1679 555 1690 ·
633 1635 720 1707 illius
743 1640 834 1728 ‘agni
874 1638 1029 1726 sanguis,
1073 1638 1128 1729 qui
1161 1639 1453 1707 exterminatorem
1488 1635 1655 1728 Angelum
1683 1659 1703 1706 a
1729 1635 1854 1731 populo
1882 1636 2000 1707 lsrae-

633 1750 723 1822 litico
760 1753 880 1836 arcuit,
916 1754 989 1845 ipse
1023 1760 1155 1838 arceat,
1189 1761 1223 1822 et
1255 1750 1432 1847 probibeat
1458 1776 1478 1823 a
1509 1751 1606 1824 nobis
1638 1773 1770 1825 ornnem
1804 1756 1999 1845 cujuscum-

635 1889 700 1961 que
726 1870 861 1957 generis
887 1853 1086 1961 perniciem,
1120 1877 1153 1938 et
1185 1888 1283 1939 omne
1316 1888 1424 1959 genus
1457 1871 1596 1964 peccati.
1649 1867 1821 1940 Securitas
1856 1879 1912 1940 tua
1936 1889 2001 1938 re-

635 1994 695 2075 gat
721 2004 800 2056 nos:
828 1995 862 2055 et
886 2006 957 2080 pax
983 1992 1037 2054 tua
1064 1981 1237 2055 nobiscum
1264 1986 1323 2071 sit,
1350 1993 1384 2054 et
1410 1982 1550 2056 dextera
1576 1994 1631 2055 tua
1658 1982 1783 2056 habitet
1808 2005 2000 2079 supernos,

634 2121 740 2187 nnnc,
768 2108 830 2170 etc.

739 2213 899 2306 Populos.
953 2214 1072 2286 Amen.

742 2330 924 2402 Sacerdos.
976 2329 1125 2403 Benedic
1150 2352 1213 2402 nos
1240 2351 1366 2402 ornnes.

740 2445 926 2525 Diaconos.
979 2445 1179 2518 Benedicam
1205 2445 1382 2517 Dominum
1408 2446 1440 2519 in
1467 2447 1556 2516 omni
1582 2456 1742 2541 ternpore.

1085 2786 1561 2831 *W

875 3175 940 3265 ΙΝ
990 3174 1371 3268 LITURGIAM
1416 3175 1449 3267 S.
1504 3176 1780 3268 CYRILLI

1231 3383 1405 3467 notun.

724 3629 751 3691 l.
799 3615 929 3695 Gnarum
956 3630 1091 3706 nomine,
1130 3637 1212 3692 extat
1241 3629 1320 3710 apud
1347 3628 1484 3710 Coptitas
1512 3629 1665 3710 titur-gn,
1698 3628 1800 3691 ultima
1827 3649 1867 3692 ex
1893 3631 1989 3693 tribus

637 3751 710 3814 quas
733 3732 813 3796 solas
836 3741 1012 3814 agnoscunt.
1056 3735 1128 3796 Earn
1151 3753 1167 3795 a
1190 3733 1340 3798 nonnullis
1363 3734 1466 3797 Marco
1489 3732 1702 3813 Evangelistae
1727 3733 1846 3796 attribui
1874 3740 2003 3797 testatur

636 3832 824 3912 Abutbirmn
848 3833 938 3914 idque
960 3833 1148 3896 verissimum
1170 3851 1241 3896 esse
1262 3833 1408 3914 probatur
1422 3839 1515 3895 'certo
1535 3839 1724 3914 argumento,
1747 3833 1828 3912 quod
1850 3836 2001 3918 ignoravit

637 3934 682 3994 vir
705 3931 885 4016 Aegyptius,
909 3933 1044 3996 Graecae
1066 3932 1187 4014 linguae
1210 3934 1374 4013 imperitus,
1398 3934 1448 4012 qui
1465 3931 1610 3993 Graecam
1627 3929 1721 3993 Marci
1736 3931 1897 4016 liturgiam
1921 3949 2001 3994 nun-

636 4049 724 4111 quam
755 4033 879 4096 viderat.
935 4033 976 4095 At
1004 4031 1053 4094 illa
1083 4050 1170 4112 quam
1199 4031 1257 4094 hoc
1287 4032 1372 4095 titrrlo
1401 4031 1491 4094 edidit
1517 4031 1650 4092 loannes
1680 4049 1697 4092 a
1724 4037 1829 4094 sancto
1857 4029 1999 4093 andraea

636 4131 762 4211 insignis
785 4130 939 4193 Ecclesiae
961 4131 1137 4194 Parisiensis
1160 4131 1340 4212 Canonicus,
1363 4132 1556 4212 primaevum,
1580 4137 1612 4192 ut
1642 4147 1734 4209 supra
1756 4129 1995 4206 observavimus,

637 4229 801 4311 Cprillinae
824 4232 980 4312 exemplar
1002 4238 1059 4307 est,
1081 4230 1153 4292 nihil
1175 4238 1273 4293 nmen
1292 4231 1419 4304 Graeca,
1442 4231 1508 4294 sive
1525 4229 1649 4310 Coptica
1673 4248 1749 4310 quae
1773 4229 1810 4290 ab
1834 4229 1884 4292 illa
1905 4229 2001 4310 priori

637 4345 786 4407 expressa
809 4337 865 4408 est,
890 4329 1049 4411 quidquam
1072 4348 1138 4392 curn
1159 4331 1216 4392 ista
1235 4329 1400 4394 lacebitica
1424 4347 1579 4392 commune
1602 4329 1723 4407 habent,
1746 4329 1804 4391 nisi
1825 4329 2001 4413 generalem

636 4435 668 4488 et
697 4428 807 4509 ubique
833 4438 985 4510 receptam
1015 4432 1095 4492 sacri
1117 4429 1212 4492 Dllicii
1235 4429 1374 4508 formam,
1405 4431 1435 4491 in
1464 4429 1600 4492 omnibus
1629 4427 1829 4491 Orientalibus
1856 4428 1999 4511 liturgiis

636 4529 840 4608 observatam,
865 4547 942 4609 quae
972 4547 1092 4610 semper
1121 4538 1152 4592 et
1182 4529 1427 4610 ubiqueeadem
1457 4529 1522 4592 luit.
1574 4529 1658 4592 Ritus
1685 4527 1830 4591 lacobitis
1858 4529 2001 4610 proprius

638 4635 693 4702 est,
711 4629 796 4708 juxta
820 4631 943 4710 primam
967 4636 998 4692 et
1020 4631 1214 4711 praecipuam
1243 4630 1322 4690 inter
1350 4628 1429 4708 illos,
1452 4646 1530 4709 quae
1553 4635 1600 4690 cst
1621 4627 1727 4690 lacobi
1748 4627 1849 4692 fratris
1872 4627 2001 4691 Domini.

724 4728 832 4791 Versio
856 4727 986 4791 Arabica
1008 4727 1146 4812 adjuncta
1169 4735 1215 4791 est
1237 4727 1335 4790 multis
1366 4729 1550 4790 orationibus
1579 4729 1608 4788 in
1636 4728 1769 4790 Romana
1791 4725 1940 4806 editione,
1970 4734 2002 4788 ct

638 4824 696 4887 illis
719 4843 816 4907 prope
839 4827 923 4905 solis,
947 4846 1024 4908 quae
1047 4828 1106 4890 alta
1127 4847 1205 4891 voce
1228 4826 1367 4890 dicuntur
1390 4847 1407 4887 a
1430 4825 1605 4890 Sacerdote.
1649 4827 1731 4889 lllius
1753 4828 1904 4890 versionis
1927 4845 2000 4889 usus

639 4924 676 4986 ad
701 4925 805 4988 altaria
828 4925 925 4989 nullus
949 4935 1006 5007 est,
1029 4928 1109 5008 quod
1132 4926 1276 5004 nonnulli,
1298 4945 1359 4990 non
1382 4927 1454 4988 satis
1477 4925 1644 5006 prudenter
1666 4925 1858 4988 affirmarunt:
1891 4927 1945 4990 sed
1968 4935 2001 4989 ut

638 5023 770 5090 Dlllcium
793 5026 949 5090 llinisterii
977 5025 1148 5107 Diaconici,
1177 5026 1309 5089 Arabica
1337 5025 1451 5106 pariter
1478 5025 1683 5108 interpretati,
1720 5032 1750 5087 et
1776 5025 1887 5088 Romae
1918 5025 2000 5104 editi,
