4784 6040
761 577 849 660 *442
1070 637 1074 648 .
1276 581 1634 660 birunain

856 841 857 846 ,
878 772 1053 845 Sacerdos
1084 768 1275 842 inclinatus.
1328 769 1470 866 Suscipc
1495 770 1677 842 clementer
1703 793 1766 866 per
1793 793 1941 845 amorem
1957 781 2047 845 brnm
2063 795 2145 866 erga

765 887 941 978 homines,
967 891 1129 978 Domine,
1156 886 1385 982 quodcumque
1413 885 1548 960 offertur
1572 889 1698 959 nomini
1724 899 1781 960 tuo
1807 909 1931 980 magno
1957 895 1992 958 et
2016 896 2144 977 sancto,

775 1005 894 1078 aliliis
920 1003 1096 1076 Ecclesiae
1130 1013 1207 1076 tuae
1241 1006 1273 1074 in
1308 1005 1398 1076 votis
1432 1012 1466 1074 et
1500 1002 1653 1075 decimis:
1685 1006 1726 1076 iis
1760 1007 1859 1076 etiam
1892 1005 1947 1098 qui
1979 999 2145 1098 postulant

775 1125 945 1195 orationes
972 1121 1192 1193 Sacerdotem
1218 1130 1367 1209 tuorum,
1394 1118 1544 1190 concede
1571 1122 1748 1215 petitiones
1775 1139 1865 1193 suas.

765 1283 769 1292 .
878 1237 1029 1309 Eleacas
1070 1245 1196 1308 ccccm.
1248 1236 1371 1322 Reate,
1398 1237 1453 1330 qui
1479 1257 1564 1307 vere
1589 1233 1697 1308 bonus
1725 1257 1780 1322 cs,
1807 1233 1884 1306 lons
1909 1231 2087 1324 bonitatis,
2112 1244 2145 1305 et

772 1353 914 1446 largitor
939 1356 1087 1446 gratiae,
1123 1352 1284 1440 Domine;
1320 1361 1497 1447 eapropter
1522 1353 1663 1445 petimus
1691 1374 1712 1422 a
1736 1359 1788 1438 tc,
1816 1353 1949 1446 suscipe
1975 1350 2144 1447 depreca-

773 1475 881 1543 tiones
909 1470 1023 1567 popub
1049 1473 1111 1542 tui:
1139 1468 1260 1540 exaudi
1287 1470 1458 1541 orationes
1490 1466 1666 1540 Ecclesiae
1699 1478 1790 1556 tnac;
1821 1466 1990 1562 responde
2022 1477 2143 1563 postu-

775 1586 952 1660 lationibus
979 1589 1094 1679 gregis
1122 1587 1185 1672 tui;
1211 1607 1314 1680 parce
1341 1594 1375 1656 et
1406 1586 1565 1656 miserere
1596 1580 1848 1678 peccatoribus,
1881 1592 1916 1654 et
1949 1584 2144 1678 insipienter

776 1701 972 1795 agentibus,
1011 1704 1129 1794 egenis
1167 1709 1201 1771 et
1234 1703 1440 1796 peregrinis,
1476 1703 1648 1795 oppressis
1685 1710 1719 1772 et
1751 1701 1903 1791 injuriam
1934 1695 2143 1793 patientibus,

718 1839 720 1842 ·
776 1817 927 1890 omnibus
953 1818 1017 1891 illis
1045 1821 1100 1912 qui
1132 1820 1304 1908 angustias
1341 1827 1396 1889 aut
1431 1820 1697 1911 persecutionem
1728 1817 1913 1911 patiuntur,
1950 1825 1984 1886 ct
2015 1817 2056 1886 iis
2089 1817 2142 1909 qui

776 1934 919 2009 diversis
961 1932 1196 2008 tentationibus
1237 1932 1481 2021 conflictantur3
1509 1944 1543 2005 ct
1576 1930 1761 2004 referemus
1795 1930 1853 2004 tibi
1888 1928 2046 2023 gloriam,
2081 1951 2142 2002 nos

777 2073 893 2126 omnes
920 2074 985 2123 una
1010 2073 1099 2123 voce
1124 2049 1276 2148 profecta
1303 2074 1349 2123 cx
1376 2050 1478 2125 corde
1505 2053 1640 2140 intimo,
1677 2049 1839 2144 simulque
1868 2046 1953 2119 Filio
1980 2057 2037 2119 tuo
2064 2050 2141 2118 nni-

766 2170 909 2258 genito,
937 2177 971 2239 ct
996 2167 1133 2264 Spiritui
1158 2178 1215 2239 tuo
1242 2178 1369 2240 sancto.

880 2282 1041 2376 Populos.
1093 2282 1214 2354 Amen.

879 2397 1055 2471 Sacerdos
1090 2399 1280 2471 inclinatas.
1333 2399 1483 2471 Dextere
1519 2421 1687 2472 conserva
1731 2421 1793 2495 per
1832 2395 2002 2471 brachium
2043 2406 2140 2482 tuum,

776 2513 939 2602 Domine,
966 2513 1123 2610 populum
1150 2524 1238 2587 tuum
1264 2514 1414 2603 fidelem,
1442 2514 1484 2588 ab
1513 2513 1664 2588 omnibus
1690 2515 1937 2603 tentationibus,
1965 2521 1999 2585 et
2014 2512 2140 2584 adver-

777 2628 947 2721 sitatibus,
988 2641 1022 2703 et
1056 2629 1205 2704 concede
1246 2635 1305 2704 toti
1340 2631 1462 2704 mundo
1503 2625 1653 2727 tempdra
1688 2631 1787 2727 plena
1823 2631 1971 2724 gaudiis:
2003 2628 2140 2701 benedic

776 2767 861 2818 vero
897 2767 1044 2819 coronae
1071 2749 1147 2818 anni
1173 2749 1402 2843 pergratiam
1428 2756 1526 2820 tuam.

879 2861 1054 2936 Sacerdos
1080 2863 1218 2933 elecoaa
1250 2882 1376 2935 cacam.
1429 2866 1536 2937 Dator
1562 2865 1706 2935 omnium
1733 2861 1930 2935 auxiliorum
1964 2861 2076 2952 nobis,
2108 2874 2141 2934 tn

777 3000 814 3048 es
842 2977 953 3069 solus,
986 2990 1020 3052 et
1050 2978 1192 3072 largitor
1227 2981 1409 3068 victoriae,
1444 2983 1653 3076 omnipotens
1686 2978 1779 3050 Deus
1812 2987 1929 3050 noster
1961 2977 2140 3067 adorande,

776 3095 928 3168 omnibus
955 3097 995 3168 iis
1023 3097 1077 3191 qui
1104 3095 1321 3184 adorantte,
1349 3100 1463 3193 etqui
1490 3119 1574 3171 vere
1601 3107 1635 3169 te
1663 3096 1810 3189 diligunt.
1863 3097 1968 3190 lgitur
2000 3095 2087 3192 apud
2111 3104 2141 3166 lc

776 3209 977 3301 clamamus,
1003 3223 1038 3284 ut
1064 3222 1212 3308 propter,
1225 3210 1390 3286 beneficia
1416 3222 1450 3285 et
1475 3236 1613 3285 munera
1639 3223 1706 3303 tua,
1733 3211 2009 3304 glorificationem
2026 3221 2140 3286 aeter-

775 3349 852 3398 nam
887 3327 1070 3402 referamus
1110 3327 1187 3419 tibi,
1221 3339 1255 3401 et
1288 3329 1375 3401 Filio
1409 3337 1466 3401 tuo
1504 3332 1693 3422 unigenito,
1729 3339 1763 3401 et
1794 3329 1931 3424 Spiritui
1967 3338 2024 3400 tuo
2058 3351 2139 3401 san-

776 3447 933 3516 ctissimc.

880 3559 1041 3654 Populea.
1095 3563 1214 3635 Arnen.

762 3705 765 3712 ·
879 3675 1054 3748 Sacerdos
1085 3677 1277 3748 inclinatura.
1331 3674 1639 3751 commemorantes
1666 3699 1780 3751 coram
1806 3685 1859 3768 te,
1884 3675 2049 3766 Domine,
2074 3696 2141 3747 nc-

776 3796 864 3865 mina
898 3793 1114 3883 Sanctorum,
1157 3796 1212 3888 qui
1252 3791 1400 3867 moribus
1441 3795 1509 3866 suis
1547 3793 1606 3866 tibi
1648 3792 1859 3889 placuerunt,
1892 3792 2139 3888 Prophetarum,

776 3909 1032 4005 Apostolorum,
1074 3910 1258 3982 Doctorum
1303 3908 1593 3995 Ortbodoxorum,
1638 3909 1841 4006 Martyrum,
1890 3908 2138 3996 Confessorum,

678 4085 681 4092 .
777 4029 986 4122 omniumque
1020 4030 1149 4122 piorum
1190 4034 1223 4096 et
1253 4029 1435 4118 justornm:
1467 4049 1528 4122 per
1562 4029 1731 4100 orationes
1766 4048 1883 4098 eorum
1916 4029 2077 4122 petimus,
2104 4033 2140 4097 ut

776 4141 943 4238 postulata
970 4143 1137 4215 concedas
1164 4141 1288 4239 populo
1316 4153 1382 4214 tuo.

880 4258 1030 4330 Elecaaa
1061 4281 1186 4330 nocem.
1239 4258 1309 4332 Eos
1344 4279 1460 4331 omnes
1495 4261 1551 4353 qni
1584 4255 1780 4352 placuerunt
1812 4257 1892 4348 tibi,
1927 4260 2142 4334 sanctimonia

777 4398 905 4447 morum
933 4398 1084 4448 snorum:
1111 4386 1315 4464 sanctorum,
1344 4378 1399 4470 qui
1426 4375 1620 4447 sanctificati
1647 4385 1722 4446 sunt
1747 4397 1808 4470 per
1832 4376 2035 4448 sanctitatem
2058 4397 2142 4470 quae

777 4501 856 4563 ate
888 4500 956 4584 est,
989 4494 1146 4577 Domine,
1183 4512 1479 4565 commemoramus
1514 4490 1579 4563 boc
1611 4499 1778 4585 tempore:
1810 4501 1846 4562 ut
1877 4513 1939 4587 per
1974 4493 2143 4562 orationes

777 4630 912 4698 eorum,
939 4618 1093 4704 praestes
1120 4608 1230 4699 nobis,
1257 4616 1293 4680 ut
1317 4609 1470 4700 vestigiis
1498 4629 1614 4680 eornm
1640 4609 1840 4695 insistamus,
1867 4615 1901 4677 et
1914 4627 2001 4677 nnnc
2019 4627 2143 4701 qnam-

776 4722 831 4794 diu
857 4734 1108 4819 superterram
1135 4725 1302 4818 degimus,
1329 4735 1451 4796 terram
1478 4733 1512 4795 et
1537 4737 1670 4798 terrena
1686 4725 1922 4819 relinquamus,
1948 4731 1982 4794 et
1995 4724 2144 4818 spiritum

777 4860 970 4932 sequamur,
1013 4839 1161 4913 moribus
1200 4841 1379 4915 secundum
1425 4845 1580 4913 virtutem
1620 4844 1773 4914 institutis
1816 4861 2067 4928 assuescamus,
2109 4849 2145 4912 et

776 4953 955 5050 splendore
979 4954 1099 5028 lucenti
1126 4959 1259 5053 spiritus
1287 4978 1508 5046 exornemur,
1536 4957 1743 5052 vocibusque
1770 4955 1992 5053 spiritualibus
2007 4977 2144 5029 oremus

776 5079 824 5158 te,
852 5071 975 5168 Spiritu
1002 5081 1119 5148 orante
1143 5095 1205 5169 pro
1237 5071 1356 5167 nobis,
1391 5077 1529 5149 canticis
1564 5072 1856 5162 inenarrabilibus,
1890 5071 2145 5169 referamusque
