4784 6040
464 1485 785 1608 PHILOXENI
820 1481 843 1547 ¹·
881 1486 1140 1607 EPISCOPI
1175 1488 1596 1612 BAGDADENSIS.

762 1795 884 1866 Oratio
911 1801 992 1866 onte
1019 1792 1168 1865 caroloco
1193 1793 1312 1868 Pacta

413 1992 531 2096 Duos
560 2019 615 2112 qui
643 2037 681 2090 es
708 2037 803 2088 mare
828 2017 935 2110 pacis,
962 2013 1082 2088 fluvius
1108 2018 1266 2112 perennis
1293 2017 1463 2108 caritatis,
1489 2024 1524 2090 et
1548 2016 1625 2092 lons
1651 2041 1722 2116 pu·

342 2138 461 2227 uitatis,
488 2137 544 2230 qui
571 2153 687 2204 omnes
715 2129 915 2204 accedentes
944 2130 986 2202 nd
1012 2141 1056 2219 te,
1083 2153 1170 2228 pace
1197 2153 1283 2226 quac
1314 2153 1334 2203 a
1371 2143 1405 2205 te
1438 2143 1491 2206 est
1524 2133 1718 2230 tranquillos

344 2251 469 2340 reddis,
496 2260 530 2323 et
556 2251 732 2322 sanctitate
759 2269 846 2342 quae
872 2250 999 2343 pariter
1026 2271 1045 2319 a
1073 2257 1107 2320 te
1134 2258 1186 2322 est
1212 2245 1415 2322 sanctificas:
1443 2247 1486 2321 da
1513 2249 1610 2322 nobis
1637 2271 1719 2323 ser-

342 2371 395 2441 vis
422 2378 456 2439 et
483 2365 676 2440 domesticis
703 2365 788 2453 tuis,
813 2363 974 2451 Domine,
1012 2375 1046 2436 et
1076 2372 1212 2459 praesta
1245 2362 1343 2437 nohis
1379 2361 1551 2456 omnibus,
1577 2375 1613 2436 ut
1645 2387 1721 2438 cum

342 2485 482 2556 caritate
508 2481 576 2557 odii
604 2489 763 2575 experte,
798 2489 832 2550 et
858 2477 1036 2553 dilectione
1062 2481 1213 2568 sincera,
1247 2478 1486 2574 amplectamur
1515 2482 1660 2553 invicem
1685 2483 1721 2552 in

342 2602 482 2672 caritate
508 2619 608 2687 vern,
636 2605 670 2666 et
697 2594 875 2667 dilectione
901 2593 1132 2686 immaculata,
1164 2593 1410 2690 efficiamurque
1440 2593 1500 2667 titi
1534 2593 1591 2668 lilii
1623 2599 1720 2692 pacis

343 2725 504 2804 ornantes,
529 2711 807 2809 perficientesque
833 2711 1039 2784 voluntatem
1065 2721 1174 2782 tuam:
1202 2708 1457 2806 referemusque
1490 2711 1549 2784 tibi
1576 2711 1720 2804 gloriam

343 2840 377 2902 et
412 2829 561 2920 taudem,
601 2828 764 2922 simulque
797 2829 969 2919 unigenito
1008 2824 1095 2899 Filio
1134 2836 1213 2916 tuo,
1256 2835 1291 2898 et
1324 2825 1462 2922 Spiritui
1503 2836 1560 2900 tuo
1600 2837 1719 2902 sancto

343 2966 442 3037 nunc,
470 2955 533 3017 eto.

445 3060 607 3155 Populus.
661 3058 781 3131 Amen.

443 3178 624 3249 Diaconos
650 3176 737 3246 dicit
760 3173 913 3244 mediam.
967 3169 1101 3243 Stemus
1128 3169 1297 3243 decenter.

444 3291 629 3363 Sacerdos.
684 3290 808 3363 Coram
843 3296 895 3376 te,
934 3286 1079 3359 Domine
1113 3307 1237 3378 magne
1277 3295 1313 3358 et
1349 3284 1526 3377 terribilis,
1560 3287 1720 3361 inclinant

343 3409 436 3481 servi
462 3410 509 3480 tui
536 3406 623 3481 colla
656 3409 839 3479 animarum
875 3411 909 3475 et
940 3423 1118 3498 corporum
1154 3422 1308 3492 suorum3
1342 3411 1377 3474 et
1409 3425 1484 3474 cum
1518 3407 1719 3477 contritione

341 3521 453 3596 cordis
480 3521 702 3618 deprecantur
728 3528 779 3592 te:
812 3519 936 3591 exaudi
969 3539 1030 3592 eos
1057 3540 1118 3614 per
1144 3519 1376 3590 miserationes
1403 3529 1492 3608 tuas,
1529 3529 1564 3591 et
1594 3519 1718 3611 adjuva

341 3635 417 3711 illos
444 3659 506 3735 per
532 3637 739 3709 clementiam
765 3644 865 3725 tuam,
892 3634 1073 3708 secundum
1101 3635 1344 3729 promissiones
1364 3636 1526 3727 unigeniti
1552 3633 1627 3706 Filii
1653 3637 1718 3706 tui:

339 3775 401 3849 per
428 3775 525 3848 quem
552 3763 685 3824 etcum
713 3772 792 3846 quo,
818 3759 853 3822 te
879 3749 977 3822 docet
1002 3747 1112 3842 gloria
1140 3747 1319 3840 etheum,
1345 3758 1409 3822 etc.

445 3867 608 3961 Populos.
661 3869 781 3939 Amen.

445 3984 631 4056 Sacerdos.
683 3983 827 4054 Domine
862 3978 994 4070 iactor,
1029 3991 1063 4052 et
1098 3978 1252 4054 conditor
1286 3981 1452 4071 omnium,
1486 3983 1542 4077 qui
1576 3983 1717 4079 primum

344 4099 512 4174 hominem
547 4121 593 4171 ex
625 4095 725 4170 nihilo
753 4094 921 4184 formasti,
961 4104 996 4167 et
1038 4095 1080 4167 ad
1107 4097 1320 4170 existentiam
1353 4095 1538 4170 adduxisti:
1577 4119 1718 4193 cumque

339 4224 530 4312 peccasset,
558 4224 591 4286 et
616 4211 805 4284 mandatum
832 4221 922 4283 tuum
949 4221 1183 4303 transgressus
1209 4211 1344 4300 linisset,
1371 4212 1529 4303 salvasti,
1555 4210 1718 4307 donisque

340 4335 405 4406 tuis
433 4331 568 4424 dignum
594 4329 723 4402 iecisti:
751 4327 858 4420 dirige
885 4329 1098 4422 etiamnunc
1125 4348 1269 4423 corpora
1295 4338 1412 4402 nostra
1439 4338 1475 4401 et
1490 4330 1619 4400 animas
1646 4348 1717 4399 uo-

206 4519 213 4546 ,
339 4456 446 4521 stras:
474 4455 509 4519 et
534 4469 554 4517 a
580 4443 684 4517 lovea
710 4445 946 4539 oomuptionts,
974 4441 1016 4514 ed
1044 4441 1217 4516 excelsum
1244 4454 1333 4517 tuum
1368 4441 1508 4516 sublimo
1536 4442 1654 4516 eleva:
1682 4451 1718 4514 et

339 4572 474 4656 praesta
500 4559 598 4634 uobis
625 4569 662 4632 ut
687 4559 779 4652 digni
806 4561 909 4632 simus
934 4556 1128 4631 muneribus
1153 4562 1237 4634 tuis:
1263 4558 1515 4656 referemusque
1548 4557 1608 4632 tibi
1633 4559 1716 4652 glo-

339 4679 424 4750 riam
451 4686 486 4750 et
511 4674 655 4766 laudem,
681 4677 919 4770 unigenitoque
945 4673 1130 4765 Filiotuo,
1158 4683 1222 4748 otc.

444 4791 606 4886 Populus.
659 4792 779 4865 Arnen.
1250 4772 1255 4788 '

443 4908 633 4980 Diaconos.
686 4905 820 4980 Stemus
847 4905 1015 4978 decenter.

445 5022 607 5119 Populos.
660 5021 897 5096 Miserationes
923 5023 998 5096 Dei.

447 5137 632 5212 Sacerdos.
686 5135 819 5214 Caritas
845 5138 910 5211 Dei
936 5137 1057 5212 Patris.
