4814 6060
754 613 829 689 546
1260 608 1621 696 LITURGlh

753 811 787 873 et
813 801 1019 888 Potestates‚
1046 807 1080 871 te
1107 795 1279 870 celebrant
1302 796 1451 870 Virtutes
1478 804 1514 868 et
1538 797 1708 868 exercitus
1734 794 1922 868 coelestes:
1954 815 2069 869 coram
2096 805 2127 867 te

754 919 940 988 consistunt
966 913 1032 987 duo
1060 912 1213 986 ardmalia
1247 913 1442 984 veneranda
1475 915 1643 1004 cingentia
1679 919 1827 983 sanctum
1863 909 1983 984 solium
2015 914 2126 1004 maJe-

754 1033 849 1104 statis
876 1040 969 1120 tuae,
997 1028 1221 1125 quasplures
1254 1025 1378 1100 hahent
1412 1025 1534 1114 iacies,
1568 1025 1747 1122 pluresque
1781 1025 1919 1116 oculos,
1953 1049 1996 1100 ac
2029 1047 2127 1099 senas

755 1145 825 1218 alas
854 1145 999 1238 singula:
1026 1144 1202 1240 Seraphim
1229 1155 1263 1216 et
1290 1142 1482 1232 Cherubim,
1507 1141 1594 1214 binis
1622 1143 1684 1216 alis
1704 1141 1896 1234 obtegentia
1914 1139 2022 1214 iacies
2038 1165 2127 1232 suas,

753 1283 798 1332 ne
824 1265 1014 1333 intueantur
1038 1283 1106 1333 non
1135 1259 1372 1357 aspectabilem
1400 1259 1589 1332 thesaurum
1616 1257 1795 1331 divinitatis
1823 1268 1915 1330 tuae:
1942 1255 2030 1332 binis
2052 1263 2128 1332 item

753 1376 859 1472 pedes
887 1398 984 1465 suos,
1011 1399 1055 1448 ne
1082 1375 1262 1447 adurantur
1288 1374 1330 1448 ab
1359 1386 1455 1448 aestu
1480 1377 1693 1447 reverentiae
1719 1384 1813 1446 tuac:
1841 1397 1862 1445 a
1885 1378 1979 1468 cujus
2006 1377 2129 1446 minimi

755 1492 884 1565 ardoris
912 1496 1125 1587 exiguaeque
1152 1491 1347 1566 scintillulae
1374 1490 1585 1564 vehementia
1613 1490 1855 1564 confunduntur
1881 1512 1999 1564 omnes
2027 1511 2128 1564 crea-

754 1616 873 1697 turae,
900 1618 966 1680 tum
995 1630 1081 1703 quae
1108 1608 1182 1681 sola
1209 1618 1320 1680 mente
1347 1607 1588 1699 intelliguntur,
1615 1617 1684 1680 tum
1710 1629 1797 1702 quae
1813 1629 1915 1680 sensu
1934 1609 2129 1702 percipiun-

754 1734 824 1795 tur:
851 1722 982 1796 dcmum
1009 1723 1096 1796 binis
1122 1722 1271 1796 volantia
1306 1723 1491 1796 acclamant
1525 1726 1690 1812 invicem,
1722 1745 1889 1816 nunquam
1920 1704 2129 1796 cessantibus

755 1839 890 1930 oribus,
918 1849 952 1910 et
980 1838 1113 1912 divinae
1139 1839 1397 1935 praedicationis
1422 1838 1565 1913 vocibus
1592 1843 1782 1935 perpetuis,
1808 1838 1940 1911 laudern
1965 1842 2129 1912 victoriae

754 1955 993 2051 redemptionis
1020 1966 1157 2028 nostrae
1184 1959 1391 2028 concinentia
1418 1953 1704 2050 vociferantiaque
1731 1977 1772 2026 ac
1799 1953 1951 2028 dicentia.

858 2070 1022 2164 Populos.
1075 2071 1228 2143 Sanctus.
1255 2070 1409 2144 Sanctus.
1436 2069 1593 2159 Sanctus,
1620 2078 1683 2144 etc.

857 2185 1035 2257 Sacerdos
1064 2187 1257 2259 inclinantes.
1310 2187 1454 2260 Sanctus
1489 2190 1577 2258 enim
1610 2208 1695 2258 vore
1729 2209 1786 2276 es,
1820 2207 1930 2281 neque
1971 2195 2025 2258 est
2066 2183 2129 2256 ulla

726 2323 912 2376 mensura
939 2301 1205 2394 magnificentiae
1232 2305 1417 2375 sanctitatis
1448 2310 1609 2393 tuae‚·et
1638 2301 1805 2394 benignus
1839 2323 1878 2374 es
1913 2303 1944 2372 in
1979 2300 2130 2373 omnibus

756 2415 915 2512 operibus
949 2420 1031 2506 tuis3
1057 2439 1135 2490 nam
1168 2442 1244 2490 cnm
1272 2421 1398 2511 justitia
1437 2427 1470 2489 et
1503 2429 1596 2492 certo
1629 2439 1782 2514 veroque
1812 2415 1938 2508 judicio
1974 2413 2131 2490 induxisti

756 2534 867 2606 omnia
895 2554 997 2628 super
1021 2555 1096 2606 nos.
1150 2533 1360 2608 Condideras
1397 2537 1484 2606 enim
1519 2532 1685 2609 hominem
1718 2543 1826 2608 sumto
1858 2532 1901 2604 de
1933 2542 2024 2604 terra
2052 2532 2131 2628 pul-

754 2669 853 2737 vere,
879 2647 1142 2744 honoratumque
1169 2672 1245 2721 eum
1272 2659 1327 2724 tua
1354 2653 1499 2744 imagine
1524 2673 1690 2747 posueras
1703 2655 1738 2723 in
1753 2650 1911 2748 paradiso
1929 2647 2131 2736 deliciarum,

754 2766 847 2835 vitoe
875 2766 1042 2859 promissa
1075 2765 1336 2856 immortalitate,
1363 2770 1392 2840 si
1425 2767 1555 2863 quidem
1591 2779 1679 2848 tuum
1707 2764 1908 2841 observaret
1934 2762 2131 2837 mandatum.

668 2949 676 2956 .
755 2878 881 2952 Vemm
911 2879 1044 2974 quando
1072 2879 1131 2953 tibi
1156 2879 1232 2955 Deo
1269 2882 1434 2955 conditori
1468 2905 1529 2956 suo
1563 2903 1631 2956 non
1663 2882 1929 2979 obtemperavit,
1959 2881 2131 2973 subjectus

757 3006 810 3067 est
835 2994 991 3067 fallaciae
1018 3001 1199 3091 serpentis,
1226 3007 1442 3093 mortuusque
1468 3021 1530 3096 per
1556 3020 1618 3072 sua
1644 3002 1750 3095 ipsius
1777 2999 1907 3072 delicta.
1961 2999 2013 3071 'l'u
2047 3019 2130 3070 vero

662 3135 666 3144 ·
755 3109 954 3183 inexilium
982 3111 1112 3208 quidem
1140 3117 1260 3186 misisti
1286 3113 1496 3210 aequissimis
1528 3115 1663 3206 iudiciis
1698 3119 1785 3203 rats,
1818 3125 1915 3189 extra
1941 3113 2132 3212 paradisum

756 3225 960 3318 deliciarum,
986 3231 1020 3300 in
1047 3229 1131 3301 hunc
1157 3229 1331 3303 mundum:
1360 3242 1459 3328 atque
1486 3227 1528 3302 ad
1556 3254 1631 3303 eam
1656 3235 1764 3327 ipsam
1783 3241 1905 3306 terram
1920 3233 2031 3305 denuo
2048 3230 2132 3303 red-

754 3343 804 3410 ire
839 3345 983 3434 coegisti
1018 3366 1115 3434 eum,
1150 3369 1197 3417 ex
1228 3369 1292 3441 qua
1329 3345 1498 3420 desumtus
1535 3345 1675 3426 lucrata
1698 3347 1761 3420 sed
1793 3352 1840 3420 ita
1875 3359 1912 3421 ut
1945 3349 2131 3422 destinares

755 3455 821 3549 ipsi
848 3457 1000 3550 salutem,
1026 3482 1089 3555 per
1115 3483 1189 3534 eam
1216 3465 1520 3554 regenerationem,
1548 3485 1635 3559 quae
1661 3471 1713 3538 est
1738 3467 1771 3534 in
1799 3467 1874 3560 ipso
1902 3464 2035 3539 Christo
2058 3474 2131 3554 tu03

755 3592 865 3665 neque
892 3576 978 3644 enim
1007 3572 1190 3650 dissolvisti
1216 3578 1562 3673 prorsusligmentum
1588 3590 1677 3650 tuum
1705 3579 1794 3674 quod
1814 3579 1962 3672 feceras,
1990 3580 2131 3670 ebone,

755 3707 821 3756 nec
857 3691 1038 3762 sustinuisti
1069 3701 1105 3762 ut
1148 3692 1191 3764 ad
1230 3705 1493 3768 consummatam
1531 3698 1792 3768 internecionem
1827 3696 2002 3790 redigeres
2047 3719 2131 3793 opus

755 3811 858 3890 tuum,
886 3804 946 3876 sed
973 3808 1114 3879 visitasti
1141 3830 1216 3881 eum
1242 3832 1305 3905 per
1330 3807 1477 3903 benigna
1504 3810 1807 3884 misericordiarum
1821 3821 1951 3886 tuarum
1977 3815 2130 3900 viscera;

756 3915 947 4014 placuitque
976 3921 1035 3993 tibi
1069 3931 1104 3994 ut
1138 3946 1199 4019 per
1233 3926 1342 3998 denuo
1376 3926 1535 3998 nascendi
1567 3931 1749 4016 rationem,
1783 3927 1964 4000 reduceres
1999 3950 2064 4001 nos
2090 3928 2131 4000 ad

756 4055 831 4105 earn
863 4036 965 4108 vitam
1001 4061 1098 4132 qnam
1126 4042 1359 4114 amiseramus:
1400 4043 1570 4139 variisque
1604 4043 1801 4116 oberrantes
1828 4047 1910 4132 viis,
1938 4047 2132 4139 quaesivisti

755 4171 832 4240 nos„
860 4161 894 4222 et
918 4155 1024 4224 variis
1050 4155 1159 4228 modis
1185 4179 1249 4230 nos
1276 4162 1457 4231 revocasti.
1509 4157 1698 4233 Exhibuisti
1726 4163 1818 4234 viros
1841 4163 1953 4253 justos
1987 4161 2130 4234 saeculis

755 4268 918 4361 pristinis,
947 4271 1001 4363 qui
1028 4269 1126 4344 nobis
1163 4273 1205 4344 ad
1238 4273 1495 4366 cognoscendas
1528 4279 1687 4349 veritates
1720 4286 1793 4349 tuas
1829 4279 1920 4350 viam
1952 4297 2132 4348 common-

757 4391 923 4472 strarunt;
949 4385 1067 4458 misisti
1094 4393 1317 4482 praenuncios
1343 4388 1474 4463 futurae
1502 4390 1617 4465 salutis
1634 4401 1788 4465 nostrae:
1814 4402 1973 4488 operatus
1998 4413 2036 4464 es
2063 4396 2132 4464 roi-

756 4496 883 4582 racula,
911 4509 1010 4594 atque
1036 4507 1219 4597 potentiam
1246 4509 1429 4579 exercuisti
1455 4529 1517 4603 per
1544 4519 1679 4582 sanctos
1707 4517 1803 4598 tu0s;
1830 4510 1981 4580 nimirum
2009 4507 2132 4582 testifi-

757 4633 840 4683 cans
867 4613 909 4685 de
935 4618 1019 4710 ipsis
1047 4618 1135 4712 qrrod
1163 4632 1278 4695 essent
1304 4624 1554 4718 dispensatores
1582 4623 1729 4697 thesauri
1755 4627 1810 4697 tui.
1842 4623 1972 4718 Legem
1999 4623 2131 4698 insub-

757 4726 875 4800 sidium
904 4729 1042 4820 dedisti,
1068 4735 1223 4828 Angelos
1257 4739 1413 4812 custodes
1446 4743 1654 4813 constituisti.
1706 4742 1859 4836 Denique
1893 4741 1951 4813 ubi
1982 4743 2133 4813 venisset

756 4842 927 4939 plenitudo
963 4856 1168 4943 temporum,
1204 4852 1331 4925 locutus
1365 4875 1403 4926 es
1431 4854 1548 4947 nobis,
1581 4860 1776 4952 peripsum
1802 4857 1902 4930 lilium
1928 4866 2038 4946 tuum,
2072 4878 2133 4952 per

757 4982 855 5055 quem
883 4960 1016 5035 feceras
1043 4969 1141 5038 etiam
1169 4967 1337 5041 mundum:
1366 4975 1522 5065 quicum
1559 4977 1603 5046 sit
1634 4972 1794 5070 splendor
1820 4973 1967 5065 gloriae,
2000 4983 2036 5044 et
2063 4995 2132 5044 ex-

757 5097 878 5172 pressa
904 5080 1017 5170 imago
1044 5085 1103 5152 tui.
1117 5086 1237 5177 ipsius,
1265 5083 1472 5182 adducatque
1505 5093 1664 5162 universa
1690 5089 1798 5168 verbo
1832 5092 2002 5186 potentiae
2038 5111 2132 5180 suae,
