4804 6026
482 607 540 728 uu
564 605 734 686 smnus
757 604 1027 686 uueurmuu
1046 605 1095 684 ur
1119 601 1386 682 Jroouurnuu
1405 603 1601 683 munaus
1694 599 1731 672 v

358 793 480 871 Jacobi
512 793 692 869 Edesseni:
723 793 917 869 Philoxeni:
955 791 1112 865 Eleazari
1153 793 1304 888 episcopi
1341 791 1544 888 Babylonis:
1577 789 1730 864 'lbomac

358 909 618 986 Giarmacbitae:
650 910 768 984 Norsis
794 911 955 1001 Diodori,
979 909 1174 982 Barsomae.
1200 906 1302 984 Addit
1327 916 1446 980 extare
1478 907 1564 1003 apud
1596 905 1729 981 Nesto-

357 1033 472 1103 rianos
498 1027 646 1102 Nestorii
672 1037 706 1098 et
732 1026 933 1100 Theodoreti
957 1024 1140 1117 Liturgias,
1173 1023 1235 1098 sed
1267 1045 1349 1119 quas
1375 1046 1445 1097 non
1476 1023 1607 1096 viderit.
1659 1025 1728 1098 Di-

360 1157 448 1219 otum
474 1153 526 1217 est
552 1142 641 1235 alibi,
666 1141 892 1218 Abrabamum
918 1140 1162 1231 Debelleusem,
1189 1151 1223 1212 et
1249 1139 1432 1213 Maronitas
1458 1139 1626 1235 reliquos,
1665 1145 1729 1214 etsi

360 1259 402 1334 de
426 1259 582 1333 Ecclesia
609 1269 643 1331 et
669 1258 710 1330 de
735 1258 852 1332 litteris
881 1259 969 1332 beno
994 1259 1144 1347 meritos,
1171 1277 1274 1351 saepe
1300 1265 1412 1328 tamen
1444 1267 1480 1327 ut
1514 1255 1729 1329 Orientalium

360 1375 567 1450 consuetudo
593 1372 670 1465 lert,
697 1374 879 1450 affirmasse
905 1373 1018 1464 multo,
1046 1395 1132 1468 quae
1159 1376 1189 1446 si
1215 1371 1280 1444 alia
1300 1374 1489 1463 testimonia
1516 1370 1636 1462 desint,
1662 1395 1731 1445 uon

359 1491 458 1565 laeile
484 1491 577 1564 credi
603 1490 755 1564 debeant.
782 1492 863 1564 Tria
888 1511 974 1562 vero
1001 1492 1207 1585 potissimum
1233 1490 1268 1560 iu
1295 1487 1359 1560 bac
1385 1491 1632 1560 enumeratione
1658 1489 1729 1563 ob-

364 1607 532 1682 servanda
560 1616 645 1680 sunt
672 1606 816 1679 Primum
843 1614 897 1680 est
921 1610 1065 1678 reticere
1090 1603 1342 1695 Echellonsem,
1370 1605 1457 1700 quod
1483 1608 1614 1700 priores
1641 1605 1730 1696 Mae,

362 1747 445 1820 quas
492 1733 610 1796 extare
645 1723 722 1795 dicit
754 1723 945 1816 Liturgiae,
993 1743 1145 1817 quaeque
1180 1742 1276 1794 suum
1313 1723 1348 1792 in
1385 1720 1515 1794 Missali
1550 1718 1731 1794 Chaldaico

361 1839 470 1912 locum
497 1849 682 1937 occupant,
715 1839 811 1910 aliter
844 1841 978 1911 omniuo
1012 1859 1052 1910 se
1077 1836 1199 1909 babent
1233 1840 1266 1908 iu
1301 1834 1472 1910 codicibus
1499 1834 1597 1909 MSS.
1634 1860 1732 1933 quam

363 1959 397 2028 in
430 1956 536 2029 editis.
589 1955 790 2044 Secundum,
818 1955 905 2051 quod
933 1959 962 2028 si
997 1956 1130 2026 unicam
1165 1955 1370 2050 excipimus,
1410 1977 1496 2049 quae
1532 1965 1584 2026 est
1609 1952 1730 2027 Jacobi

362 2070 473 2144 fratris
499 2070 644 2162 Domini,
668 2069 818 2166 reliquae
844 2093 960 2145 onmes
987 2066 1212 2143 Jacobitarum
1228 2074 1385 2166 propriae
1402 2078 1488 2161 suut,
1516 2093 1583 2142 uon
1603 2069 1732 2143 Ortho-

364 2186 540 2260 doxorum.
593 2187 741 2259 Tertium
769 2188 857 2283 quod
892 2186 1010 2260 multas
1047 2188 1157 2260 omisit
1182 2206 1267 2280 qrrae
1293 2189 1502 2282 reperiuntur
1526 2190 1561 2257 in
1588 2191 1733 2283 optimae

364 2315 465 2377 notae
490 2302 674 2393 codicibus,
700 2313 733 2375 et
766 2304 849 2378 alias
875 2307 1063 2395 recensuit,
1098 2323 1184 2398 quae
1203 2300 1443 2394 ,Orientalibus
1476 2305 1614 2394 ignotae
1649 2315 1733 2376 sunt.

364 2419 447 2494 Dlud
472 2443 575 2516 porro
602 2418 805 2493 enucleatius
833 2420 959 2517 patebit
984 2421 1185 2492 enumeratis
1211 2416 1275 2492 illis
1301 2417 1478 2512 Liturgiis,
1506 2440 1591 2513 quae
1617 2420 1675 2491 vel
1701 2422 1734 2490 iu

365 2537 517 2610 Romana
545 2536 691 2609 editione
716 2545 803 2626 sunt,
829 2536 888 2608 vel
912 2540 946 2608 in
973 2533 1143 2608 codicibus
1170 2532 1268 2607 MSS.

468 2652 541 2726 Vll.
574 2652 724 2745 Liturgia
760 2651 879 2726 Jacobi
913 2651 1024 2724 fratris
1056 2652 1191 2724 Domini
1229 2672 1316 2745 quae
1350 2651 1549 2745 reliquarum
1590 2655 1735 2725 omnium
1776 2625 1876 2740 *aran
1890 2705 1924 2742 en
1968 2701 2048 2741 eruo

368 2769 486 2842 Canon
512 2779 576 2861 est,
602 2792 644 2841 ea
669 2771 799 2840 ratione
826 2791 924 2863 quam
951 2766 1029 2840 alibi
1056 2766 1310 2864 explicavimus:
1337 2767 1464 2840 scilicet
1477 2777 1514 2838 ut
1539 2771 1644 2863 prima
1662 2772 1735 2862 ejus

367 2908 458 2981 pars,
486 2907 572 2980 quae
597 2907 704 2980 usque
740 2883 783 2957 ad
810 2885 967 2958 Osculum
1001 2888 1095 2981 pacis
1128 2883 1336 2979 perducitur,
1374 2883 1525 2956 omnibus
1560 2887 1735 2979 inserviat,

368 3003 462 3093 cujus
493 3001 569 3074 loco
596 3001 697 3098 Xysti
728 3000 873 3073 Romani
905 3001 1088 3093 Liturgiam
1120 2997 1265 3072 Romani
1296 2998 1441 3073 editores
1478 2998 1734 3094 substinuerunt,

365 3119 460 3210 juxta
487 3115 724 3213 exemplarium
751 3120 974 3190 recentiorum
998 3117 1108 3189 fidem.

470 3232 631 3326 Ejusdem
657 3232 778 3305 Jacobi
803 3233 954 3325 Liturgia
987 3231 1144 3322 brevior,
1178 3235 1213 3304 in
1240 3236 1406 3328 epitomen
1433 3233 1570 3306 redacta
1597 3256 1618 3305 a
1645 3232 1737 3304 Gre-

370 3352 467 3443 gorio
495 3347 648 3422 Jacobita
675 3347 850 3422 Oatbolico
878 3348 1040 3423 Orientis:
1068 3358 1145 3420 auto
1172 3371 1277 3422 anuos
1304 3369 1371 3420 non
1396 3349 1528 3422 multos.

471 3464 561 3567 Petri
587 3464 749 3561 Principis
775 3465 1027 3561 Apostolorum,
1055 3464 1143 3536 edita
1170 3473 1204 3535 ct
1229 3467 1261 3534 iu
1289 3462 1386 3562 MSS.
1414 3465 1596 3537 codicibus.

472 3582 563 3654 Petri
588 3581 702 3677 Papae
728 3581 887 3655 Romani:
914 3584 947 3652 in
975 3580 1120 3654 editione
1145 3580 1311 3671 Romana,
1337 3579 1399 3652 sed
1422 3602 1491 3651 non
1512 3582 1678 3654 invenitur
1703 3584 1737 3651 in

371 3697 469 3772 MSS.
498 3695 695 3770 Oodicibus:
722 3697 898 3794 titulusque
925 3697 1192 3792 suspectissimus
1220 3707 1281 3772 est

471 3813 586 3884 Tertia
611 3813 702 3885 Petri
728 3812 888 3909 Principis
915 3810 1157 3909 Apostolorum
1191 3815 1323 3885 nomine
1360 3821 1456 3885 extat
1486 3815 1520 3884 in
1556 3807 1737 3886 Godioibus

373 3927 573 4003 Oolbertinis
600 3938 634 4000 et
660 3927 878 4022 Seguieriano
904 3951 982 4002 uuo.

474 4043 654 4117 Clementis
681 4043 825 4116 Romani
850 4048 885 4117 in
911 4043 1008 4119 MSS.

473 4161 630 4258 Dionysii
656 4160 872 4237 Atheniensis
898 4165 1031 4234 nomine
1056 4183 1122 4234 una
1149 4171 1243 4234 extat
1268 4165 1302 4233 iu
1318 4159 1429 4252 MSS,
1456 4161 1516 4234 sed
1543 4162 1584 4233 ab
1613 4183 1654 4234 ea
1682 4163 1739 4234 di-

373 4299 475 4351 versa
502 4285 554 4349 est
581 4300 679 4372 quam
704 4277 857 4351 Romana
883 4276 983 4350 editio
1010 4286 1249 4373 repraesentat.

474 4390 526 4464 Ea
551 4415 636 4466 vero
664 4416 763 4489 quam
788 4393 983 4468 Atheniensi
997 4394 1154 4484 tribuunt,
1180 4395 1361 4468 secundum
1374 4394 1509 4468 codices
1535 4393 1635 4468 MSS.
1656 4418 1741 4492 opus

373 4515 426 4580 est
449 4507 603 4604 Dionysii
628 4509 792 4583 Barsalibi
818 4509 1050 4606 Metropolitae
1076 4511 1219 4592 Amidae
1245 4510 1428 4584 Jacobitae.

477 4624 596 4717 Ignatii
629 4625 830 4702 Antiocheni
859 4625 1018 4724 Episcopi
1054 4635 1088 4699 et
1121 4627 1281 4723 Martyris
1318 4630 1353 4699 iu
1392 4627 1537 4701 editione
1575 4628 1740 4719 Romana,

372 4761 511 4837 prorsus
539 4739 646 4813 dillert
673 4741 715 4814 ab
743 4743 848 4815 altera
876 4743 1026 4835 ejusdem
1051 4743 1133 4816 tituli
1158 4741 1245 4816 MS&

476 4856 584 4930 Marci
608 4856 849 4952 Evangelistae
876 4863 909 4932 iu
944 4860 1096 4933 Romana
1123 4860 1282 4934 editione:
1314 4862 1348 4931 in
1374 4860 1607 4958 Manuscriptis
1642 4863 1742 4960 plane

376 4970 520 5046 diuersa.
