4814 6060
729 473 817 550 548.
1235 470 1594 550 birunain

728 660 785 732 ille
818 659 910 734 Novi
937 661 1156 749 Testamenti,
1185 663 1240 755 qui
1267 681 1329 755 pro
1357 658 1457 733 vobis
1485 668 1520 730 et
1544 681 1606 755 pro
1634 659 1743 734 multis
1758 661 1933 734 effunditur
1948 672 1982 734 et
1998 684 2104 757 spar-

728 780 827 869 gitur,
855 779 888 847 in
914 779 1138 871 expiationem
1166 775 1337 872 culparum
1366 787 1399 848 et
1425 777 1654 848 remissionem
1681 787 1918 872 peccatorum,
1944 787 2044 872 atque
2071 781 2104 850 in

726 896 830 964 vitam
858 903 1038 964 aeternam.

797 991 995 1101 'Populus
1049 1009 1168 1080 Amen.

834 1123 1019 1195 Sacerdos.
1074 1126 1354 1218 Quotiescumque
1382 1127 1468 1195 enim
1495 1122 1561 1196 hoc
1586 1123 1707 1213 facitis,
1733 1134 1874 1197 mortem
1900 1147 2009 1196 meam
2038 1147 2104 1196 an-

729 1242 904 1326 nunciatis,
932 1263 973 1312 ae
998 1243 1194 1312 memoriam
1221 1239 1411 1336 sepulturae
1436 1242 1760 1335 resurrectionisque
1786 1263 1884 1312 meae
1915 1239 2106 1330 celebratis,

731 1355 839 1429 donee
866 1377 933 1449 ego
961 1377 1100 1428 venero.
1479 1419 1481 1424 ,

834 1472 998 1566 Populus.
1036 1471 1182 1544 Mortem
1208 1480 1296 1543 tuam
1324 1473 1467 1543 Domine
1484 1475 1733 1562 annunciamus
1761 1480 1861 1566 atque
1875 1473 2104 1544 resurrectio-

730 1611 807 1661 nenr
833 1589 1039 1683 profitemur,
1067 1597 1099 1660 et
1127 1582 1302 1658 adventurn
1330 1597 1419 1659 tuum
1441 1586 1620 1660 secundum
1642 1598 1877 1685 expectamus:
1903 1589 2104 1658 misericor-

731 1703 806 1775 diae
834 1713 911 1776 tuae
938 1707 1003 1776 sint
1030 1726 1131 1800 super
1158 1724 1220 1775 nos
1248 1724 1374 1775 omnes.
2023 1779 2028 1788 ,

833 1817 1019 1894 Sacerdos.
1072 1817 1276 1892 Recolentes
1303 1822 1403 1910 igitur
1430 1823 1528 1892 etiam
1556 1842 1619 1892 nos
1647 1818 1825 1892 adventum
1852 1828 1941 1890 tuum
1962 1819 2105 1890 Domine

729 1940 904 2026 incarne,
933 1948 966 2009 et
991 1947 1131 2010 mortem
1159 1947 1260 2024 tuam,
1289 1934 1556 2031 sepulturamque
1577 1945 1677 2024 tuam,
1705 1946 1805 2030 atque
1824 1937 2104 2006 resurrectionem

731 2063 820 2124 tuam
848 2076 868 2123 a
894 2056 1044 2141 mortuis,
1073 2074 1159 2147 quae
1182 2054 1279 2123 tertio
1300 2050 1353 2123 die
1374 2054 1524 2142 contigit,
1551 2062 1585 2123 et
1607 2073 1781 2124 ascensum
1803 2059 1891 2121 tuum
1907 2053 1942 2120 in
1962 2048 2105 2134 coelum,

733 2193 774 2241 ac
801 2171 990 2241 sessionem
1015 2177 1103 2240 tuam
1130 2166 1172 2238 ad
1200 2165 1372 2238 dexteram
1388 2169 1454 2254 Dei
1473 2168 1598 2240 Patris:
1624 2178 1800 2262 praeterea
1820 2166 1999 2239 adventum
2017 2173 2106 2236 tuum

730 2283 974 2362 formidabilem
1001 2294 1035 2355 et
1055 2285 1236 2375 maJestatis
1259 2281 1401 2378 plenum,
1429 2285 1462 2354 in
1484 2305 1550 2378 quo
1569 2283 1775 2376 judicaturus
1797 2305 1835 2354 es
1856 2281 1972 2355 orbern
1994 2291 2106 2362 terrae

732 2423 807 2471 curn
838 2403 985 2493 justitia,
1020 2408 1054 2470 et
1086 2399 1230 2495 populos
1263 2422 1338 2471 cum
1372 2403 1553 2494 aequitate:
1589 2398 1777 2495 supplices,
1812 2423 1833 2472 ο
1870 2398 2014 2471 Domine
2049 2395 2107 2469 tibi

732 2537 864 2606 sumus,
899 2517 953 2609 qui
980 2513 1075 2599 solus
1099 2514 1188 2587 luisti
1216 2517 1365 2611 expiatio
1392 2515 1518 2604 mundi,
1547 2526 1580 2589 et
1606 2538 1644 2588 es
1671 2518 1812 2611 pretium
1839 2511 1927 2611 quod
1954 2515 2037 2588 satis
2064 2516 2107 2585 sit

618 2626 621 2632 ’
732 2630 775 2701 ad
802 2629 1036 2727 opponendum
1064 2632 1213 2726 peccatis
1240 2632 1376 2721 nostris,
1403 2634 1479 2726 quia
1505 2639 1597 2703 tuum
1624 2629 1727 2704 solius
1754 2640 1806 2704 est
1826 2636 1996 2704 remittere
2016 2653 2104 2727 pec-

733 2755 807 2818 cata
835 2755 1102 2841 superterram,
1128 2756 1244 2842 utpote
1270 2748 1353 2838 Dei,
1380 2749 1414 2818 in
1440 2750 1534 2839 cujus
1561 2756 1726 2842 potestate
1754 2749 1863 2818 omnia
1890 2756 1978 2835 sunt,
2005 2769 2049 2818 ne
2073 2750 2106 2818 ia

733 2864 787 2936 die
814 2862 870 2933 illa
899 2884 963 2957 qua
985 2860 1191 2955 judicaturus
1219 2885 1257 2935 es
1284 2862 1400 2936 orbem
1428 2871 1539 2935 terrae
1565 2885 1628 2958 per
1650 2864 1831 2955 justitiam,
1857 2866 1961 2936 intres
1988 2864 2021 2934 in
2045 2865 2106 2955 ju-

733 2979 853 3050 dicium
880 3000 953 3050 cum
983 2981 1093 3050 servis
1120 2981 1200 3068 tuis,
1235 2989 1291 3051 ant
1316 2977 1470 3072 negligas
1498 2977 1733 3050 haereditatem
1761 2987 1851 3050 trram
1885 2978 2105 3053 abalienatam

734 3120 754 3168 a
781 3098 890 3188 gratia
924 3095 1030 3167 sancti
1056 3093 1219 3190 Spiritus,
1253 3105 1288 3166 ut
1321 3117 1365 3166 ne
1401 3098 1549 3170 extorris
1580 3094 1637 3168 liat
1672 3117 1692 3166 a
1727 3117 1833 3188 regno
1867 3106 1924 3168 tuo
1956 3095 2105 3168 coelesti.

732 3214 899 3308 Propitius
927 3220 1001 3282 esto
1028 3209 1126 3284 nobis
1154 3221 1187 3282 et
1219 3215 1412 3284 misericors
1447 3214 1480 3284 in
1515 3211 1571 3284 illa
1603 3211 1685 3284 bora
1718 3209 1989 3306 pronunciandae
2022 3233 2108 3294 sen,-

732 3331 874 3416 tentiae‚
908 3349 1016 3422 neque
1043 3326 1203 3400 destituas
1230 3348 1312 3417 nos,
1345 3336 1380 3398 ut
1404 3326 1520 3399 liarnns
1548 3326 1711 3399 haeredes
1738 3325 1951 3398 tenebrarum
1978 3327 2108 3421 penitus

734 3439 840 3518 omnis
866 3443 951 3515 lucis
979 3445 1182 3538 expertium:
1215 3465 1424 3539 nequaquam
1453 3443 1635 3517 alienemur
1660 3446 1804 3516 Domine
1831 3466 1851 3514 a
1878 3441 2010 3538 peculio
2038 3453 2108 3531 tuo,

733 3582 842 3654 neque
869 3561 1069 3656 pronuncies
1097 3558 1275 3631 adversum
1303 3580 1366 3632 nos
1393 3559 1480 3632 illam
1508 3563 1721 3633 sententiam:
1748 3561 1798 3632 lte
1816 3556 1992 3646 maledicti,
2019 3581 2109 3655 pos-

736 3675 842 3747 sidete
868 3679 980 3768 ignem
1009 3677 1268 3769 sempiternum:
1295 3697 1338 3746 ne
1366 3674 1503 3750 abdices
1530 3699 1606 3766 nos,
1633 3699 1744 3772 neque
1771 3677 1864 3747 dicas
1890 3673 2005 3765 nobis,
2033 3675 2110 3748 Non

735 3796 816 3865 nori
842 3813 924 3864 vos:
951 3813 1060 3886 neque
1086 3801 1300 3884 torqueamur
1326 3789 1516 3865 ininferna
1544 3815 1618 3864 cum
1645 3795 1685 3863 iis
1713 3795 1768 3887 qui
1795 3814 1862 3864 non
1889 3791 2109 3879 crediderunt,

736 3907 797 3981 sed
823 3911 1037 3980 irritaverunt
1072 3911 1213 4000 gratiam
1246 3917 1344 3980 tuam.
1402 3907 1530 3980 Verum
1563 3907 1760 3992 recordatus
1792 3907 2043 3980 misericordiae
2077 3916 2110 3979 et

734 4021 949 4117 benignitatis
984 4034 1082 4112 tuae,
1113 4033 1253 4120 propter
1289 4045 1372 4120 quas
1404 4033 1437 4095 te
1463 4027 1569 4120 ipsum
1597 4027 1695 4096 etiam
1722 4023 1883 4098 tradidisti
1908 4045 1972 4120 pro
2000 4023 2109 4112 nobis,

733 4139 861 4212 redime
894 4161 957 4212 nos
993 4139 1185 4214 0Domine
1218 4163 1238 4212 a
1274 4139 1485 4213 damnatione
1520 4140 1574 4212 illa
1610 4161 1827 4214 aerumnosa:
1862 4139 1970 4214 libera
1998 4161 2108 4214 nasa

707 4323 709 4328 .
735 4254 999 4336 tormentisillis
1026 4253 1246 4328 terribilibus:
1275 4277 1391 4328 assere
1417 4277 1481 4327 nos
1510 4279 1529 4328 a
1552 4278 1671 4329 verme
1689 4254 1745 4327 illo
1767 4255 1897 4352 putrido
1919 4267 1953 4329 et
1975 4278 2108 4328 amaro:

737 4374 850 4442 exime
876 4392 938 4444 nos
967 4394 986 4441 a
1013 4368 1145 4442 flumine
1172 4370 1228 4443 rllo
1254 4374 1341 4465 ignis
1368 4370 1546 4444 horrendo.
1595 4372 1663 4444 Per
1689 4370 1754 4445 hoc
1780 4376 1867 4444 enirn
1894 4375 2110 4466 cognoscitur

737 4485 1054 4581 impervestigabilis
1080 4483 1254 4559 thesaurus
1280 4485 1513 4583 placabilitatis
1539 4495 1636 4578 turae,
1670 4488 1757 4582 quod
1783 4492 1889 4561 nostri
1915 4491 2110 4576 misereare,

739 4605 795 4697 qui
820 4600 985 4674 bonorum
1013 4623 1188 4674 servorum
1216 4626 1284 4676 non
1311 4602 1498 4676 obtinemus
1531 4587 1718 4677 stationem.
1778 4602 1924 4700 Populus
1958 4605 2046 4674 enirn
2080 4611 2112 4673 et

737 4715 925 4792 haereditas
953 4728 1007 4792 tua
1034 4718 1179 4815 supplex
1205 4717 1261 4792 tibi
1289 4728 1352 4811 est,
1379 4742 1420 4792 ac
1445 4741 1507 4814 per
1533 4729 1567 4791 te
1594 4731 1628 4792 et
1653 4742 1719 4792 una
1739 4729 1867 4808 tecum,
1894 4721 1993 4791 etiarn
2020 4719 2112 4792 Patri

737 4844 794 4905 tuo
823 4835 948 4905 dicens.
1358 4833 1362 4848 '

843 4948 1004 5043 Populus.
1057 4947 1221 5023 Miserere
1247 4953 1354 5022 nostri
1379 4948 1523 5022 Domine
1548 4947 1643 5024 Deus
1669 4948 1772 5022 Pater
1798 4952 2019 5046 omnipotens.
