4784 6040
1080 1201 1686 1384 utrorum
1812 1109 1818 1118 ’

739 1538 2023 1658 JOANNIS¹·-BASORENSIS.

1092 1860 1244 1931 Primum
1272 1859 1395 1931 Oratio
1422 1864 1503 1930 uate
1529 1823 1696 1930 Pacem)

763 2055 881 2160 Draus
914 2079 1058 2176 largitor
1093 2085 1259 2173 caritatis,
1294 2091 1328 2156 et
1360 2083 1640 2178 aequanimitatis,
1681 2091 1715 2153 et
1747 2081 1843 2155 dator
1875 2085 1975 2155 animi
2009 2103 2070 2180 per

692 2205 849 2274 virtutem
876 2202 1065 2297 compositi,
1093 2202 1148 2294 qui
1174 2200 1362 2272 mandatum
1388 2219 1512 2272 uomrm
1547 2197 1667 2270 dedisti
1701 2196 1816 2288 uobiS,
1849 2221 1912 2295 per
1944 2202 2069 2292 unige-

683 2321 796 2390 nitum
822 2315 941 2388 Filium
974 2327 1085 2403 tuum,
1120 2325 1156 2386 ut
1189 2316 1402 2408 diligeremus
1434 2317 1598 2388 invicem:
1631 2317 1716 2388 sicut
1750 2323 1785 2385 tu
1819 2336 1882 2388 nos
1916 2315 2069 2409 indiguos

694 2432 858 2522 dilexisti,
885 2441 920 2504 at
944 2454 1007 2528 pro
1034 2433 1104 2502 vita
1132 2439 1166 2501 et
1191 2428 1298 2502 salute
1325 2441 1439 2504 nostra
1465 2428 1585 2503 Filium
1612 2439 1703 2502 tuum
1729 2433 1933 2524 unigenitum
1959 2431 2068 2502 tradi-

638 2597 646 2606 ·
694 2547 786 2635 disti3
813 2546 963 2618 concede
990 2546 1087 2619 nobis
1115 2548 1226 2620 servis
1253 2549 1318 2618 tuis
1344 2545 1504 2634 Domine,
1531 2555 1601 2618 toto
1629 2556 1780 2642 tempore
1807 2550 1899 2618 vitae
1933 2557 2069 2619 nostrae

694 2670 961 2758 superterram,
989 2663 1170 2759 praecipue
1195 2683 1282 2737 vero
1309 2683 1396 2735 nuuc
1424 2673 1457 2734 et
1483 2665 1517 2734 in
1543 2660 1687 2734 diversis
1715 2661 1969 2750 occasionibus,
2001 2685 2067 2735 co-

693 2779 873 2871 gitationes
910 2800 995 2872 quae
1029 2781 1094 2851 sint
1131 2777 1259 2873 absque
1293 2775 1360 2850 ulla
1393 2780 1585 2871 injuriarum
1620 2782 1797 2867 memoria,
1831 2778 2067 2850 conscientiam

692 2899 797 2970 variis
825 2894 1096 2989 dispositionibus
1123 2915 1191 2966 non
1219 2893 1417 2984 obnoxiam3
1450 2895 1673 2988 cogitationes
1699 2893 1816 2968 fideles
1845 2896 1994 2984 animae,
2023 2891 2065 2966 ad

692 3013 831 3084 fratrum
858 3009 1086 3101 dilectionem;
1120 3021 1155 3083 ut
1181 3010 1299 3084 dantes
1325 3010 1474 3083 osculum
1503 3021 1674 3099 sanctum,
1706 3010 1810 3102 longo
1846 3007 1991 3081 absimus
2025 3008 2066 3082 ab

692 3126 849 3223 exemplo
876 3124 1002 3198 ludae:
1030 3135 1064 3198 et
1089 3137 1246 3222 tanquam
1271 3125 1433 3220 Discipuli
1460 3135 1495 3196 et
1518 3127 1677 3222 Apostoli
1712 3128 1759 3198 tui
1791 3129 1914 3212 sancti,
1948 3149 2066 3222 pacem

691 3245 866 3316 internos
893 3245 1039 3312 invicem
1065 3240 1202 3312 firmiter
1228 3244 1422 3331 retinentes,
1449 3240 1703 3330 sanctificemus,
1732 3251 1830 3336 atquo
1857 3245 1956 3314 etiam
1984 3239 2066 3314 san²

614 3385 624 3402 ·
693 3358 892 3446 ctificemur,
927 3355 1128 3428 mediatione
1161 3355 1304 3452 Spiritus
1340 3359 1384 3428 tui
1421 3359 1527 3430 sancti
1557 3377 1619 3451 per
1646 3356 1810 3430 Christum
1845 3357 1959 3432 lesum
1987 3357 2066 3430 Do-

692 3479 815 3545 minum
841 3481 1010 3562 nostrpm3
1038 3488 1112 3543 cum
1141 3493 1207 3566 quo
1234 3480 1268 3543 te
1296 3469 1393 3544 decet
1419 3471 1545 3565 gloria,
1572 3471 1681 3544 honor
1708 3483 1742 3545 et
1768 3477 1959 3569 imperium,
1993 3495 2066 3546 cum

692 3588 818 3684 Spiritu
844 3600 900 3661 tuo
929 3591 1148 3662 sanctissimo.

795 3702 957 3794 Populus.
1009 3701 1132 3776 Amen.

795 3817 981 3889 Sacerdos.
1033 3818 1119 3890 Pax.

795 3929 958 4026 Populus.
1010 3931 1055 4004 m
1081 3955 1156 4005 cum
1183 3934 1299 4028 spiritu
1325 3944 1392 4006 tuo.

794 4045 984 4118 Diaconos.
1038 4049 1105 4121 Det
1130 4051 1509 4146 pacemnnusquisque.

794 4161 957 4257 Populus.
1009 4153 1172 4257 Diguare,
1200 4175 1262 4236 etc.

728 4324 741 4334 -
795 4277 984 4350 Diaconos.
1036 4280 1131 4370 Post,
1158 4290 1222 4353 etc.

794 4392 956 4486 Populus.
1011 4390 1134 4469 Coram
1161 4404 1205 4466 te.

795 4507 981 4580 Sacerdos.
1036 4509 1111 4583 Tibi
1138 4511 1282 4583 Domine
1309 4510 1504 4585 inclinamus
1521 4515 1630 4609 capita
1644 4523 1773 4606 nostra,
1801 4512 2066 4609 quandoquidem

691 4622 750 4695 tibi
778 4622 842 4696 soli
868 4645 982 4700 sumus
1010 4629 1189 4722 mancipati
1216 4647 1279 4722 per
1305 4631 1499 4702 servitutem
1523 4638 1563 4701 'et
1596 4631 1822 4703 ministerium.
1876 4629 1952 4702 'libi
1979 4632 2065 4701 enim

692 4740 799 4812 omnis
832 4749 1005 4830 creatura,
1032 4740 1196 4830 visibilis,
1232 4750 1267 4813 et
1302 4765 1388 4838 quae
1423 4744 1496 4816 sola
1528 4753 1639 4816 moute
1674 4743 1912 4842 comprehendi
1944 4755 2064 4842 potest,

691 4861 821 4925 tenetur
848 4867 947 4951 caput
972 4852 1132 4928 inclinare
1165 4865 1199 4928 et
1224 4860 1395 4930 ceruicem
1428 4855 1617 4948 demittere,
1651 4861 1686 4932 in
1721 4863 1852 4956 sigmun
1885 4865 2065 4955 gratiarum

690 4971 840 5042 actionis.
894 4971 967 5044 Nos
995 4994 1128 5067 quoque
1154 4980 1294 5069 propter
1326 4995 1368 5046 oa
1395 4977 1505 5048 omnia
1539 4969 1658 5070 quibus
1691 5001 1711 5050 a
1744 4987 1777 5049 tc
1813 4981 1969 5052 exornati
2002 4999 2066 5051 su-

690 5105 782 5174 mus,
810 5108 1018 5180 sermonem,
1052 5099 1087 5160 et
1119 5085 1386 5182 intelligentiam,
1419 5100 1455 5164 et
1487 5111 1605 5165 munus
1637 5091 1818 5187 Evangelii
1853 5092 1977 5168 Christi
2010 5096 2066 5183 tui,
