4728 6028
665 551 716 623 74
1040 550 1657 630 Osssuutttulultus

358 736 425 791 tlsus
443 737 512 792 iltius
530 740 652 808 frequens
751 733 834 797 Illam
864 735 957 818 igitur
990 754 1068 815 quae
1096 735 1211 799 lacobo
1243 736 1373 800 adscribi
1403 737 1498 814 solet,
1533 737 1562 798 in
1586 736 1758 817 qtrotidiano
1781 737 1946 800 ministerio
1962 735 2041 818 ·Syri

339 832 365 876 θ’
387 841 443 878 eam
461 823 652 922 'Commentario
665 833 873 916 frequentant,
896 855 936 897 cx
959 843 1078 896 vetusta
1099 852 1221 896 suarum
1244 835 1447 898 Ecclesiarum
1471 835 1648 910 traditione,
1678 835 1807 897 schisma
1836 834 2041 896 lucobitarum

340 911 478 978 ⁰¹l¹¹⁰⁸v¹²
497 910 627 962 ¹³⁸¹⁵³¹¹¹³¹·
663 933 763 996 multis
786 934 872 996 annis
895 933 1106 996 antecedente:
1131 951 1197 995 cum
1220 933 1309 996 aliter
1330 951 1395 996 eam
1425 934 1461 995 ab
1485 934 1671 997 Orthodoxis
1702 950 1798 1013 aeque
1821 949 1857 994 ac
1879 932 2040 996 haereticis

662 1041 837 1115 usurpatam
858 1032 954 1096 luisse
977 1031 1095 1094 difficile
1118 1030 1207 1096 soret.
1252 1032 1302 1094 Ad
1325 1031 1460 1095 eamdem
1481 1032 1733 1096 commentarium
1755 1049 1843 1094 suum
1865 1047 2042 1093 accommo-

662 1132 744 1194 davit
765 1131 929 1212 Diouysius
952 1130 1116 1208 Barsalibi‚
1140 1131 1192 1212 qui
1216 1131 1395 1194 duodecimo
1418 1131 1542 1194 vivebat
1563 1130 1704 1209 saeculo,
1728 1147 1796 1192 cum
1820 1130 1916 1192 adhuc
1931 1131 2042 1195 Franci

661 1231 692 1291 in
708 1231 876 1293 Palaestina
889 1237 1069 1311 regnarent:
1094 1237 1125 1291 et
1149 1231 1176 1291 si
1197 1229 1353 1292 Maronitis
1376 1230 1536 1307 credimus,
1559 1231 1651 1293 multo
1666 1237 1764 1307 antea,
1788 1236 1877 1291 sexto
1899 1229 2042 1292 videlicet

661 1329 802 1406 saeculo,
839 1329 934 1391 simile
967 1346 1046 1408 opus
1077 1327 1244 1408 scripserat
1280 1328 1413 1391 loannes
1445 1329 1548 1408 ltlaro,
1581 1347 1671 1410 quem
1705 1336 1805 1390 tamen
1826 1335 1950 1409 praeter
1973 1347 2039 1407 eos,

661 1426 857 1490 Orientalium
890 1426 1054 1504 datorum,
1090 1428 1141 1507 qui
1179 1425 1305 1508 Syrisce
1327 1427 1383 1490 'vel
1419 1427 1551 1490 Arabica
1585 1430 1792 1508 scripserunt,
1825 1445 1915 1490 nemo
1945 1431 2039 1492 novit.

659 1526 746 1588 Unde
767 1543 828 1588 non
851 1528 948 1588 inanis
972 1527 1105 1605 suspicio
1129 1533 1176 1588 est
1198 1524 1321 1588 alterius
1344 1544 1420 1608 opus
1449 1526 1491 1588 illi
1519 1546 1537 1588 a
1560 1526 1715 1590 Maronitis
1739 1525 1911 1588 attributum
1935 1527 2040 1590 luisse.

660 1625 732 1688 lude
755 1642 848 1706 porro
872 1624 1062 1688 manifestum
1090 1633 1154 1703 est,
1187 1642 1374 1687 communem
1404 1633 1435 1686 et
1465 1624 1731 1689 celebratissimum
1759 1624 1941 1707 biturgum,
1973 1645 2040 1689 eam

661 1742 730 1787 esse
753 1744 832 1805 quae
853 1724 960 1786 Juaobi
982 1724 1103 1797 dicitur,
1127 1723 1164 1786 ad
1186 1741 1276 1803 quam
1297 1723 1433 1804 reliquae
1456 1724 1610 1804 Syriacae,
1634 1711 1775 1805 tanquam
1795 1722 2040 1803 adpraecipuam

661 1823 841 1887 referendae
865 1830 950 1885 sant:
974 1829 1007 1884 ut
1030 1821 1272 1905 generaleillud
1295 1821 1446 1901 Officium,
1470 1841 1531 1904 quo
1555 1823 1783 1906 praeparatoria
1807 1824 1922 1900 omnia,
1946 1829 1977 1884 et
2001 1822 2039 1884 ad

660 1921 828 1985 Gratiarum
851 1923 1000 1985 actionem
1022 1928 1093 2002 post
1116 1922 1352 1984 communionem
1386 1923 1585 2002 pertinentia,
1619 1940 1681 1984 non
1710 1923 1748 1984 ad
1777 1940 1843 1984 eam
1872 1920 1961 2000 Xysti
1991 1923 2040 1982 cui

659 2021 710 2085 illa
734 2024 930 2105 conjungitur
951 2022 981 2082 iu
1005 2021 1104 2082 multis
1127 2019 1350 2100 exemplaribus
1372 2020 1445 2084 Mss.
1470 2039 1547 2103 quae
1576 2021 1700 2101 reliquis
1726 2020 1953 2101 praetulerunt,
1988 2022 2040 2100 qui

660 2121 822 2185 editionem
844 2121 974 2184 Missalis
999 2118 1152 2181 Chaldaici
1175 2128 1367 2184 curaverunt.
1413 2120 1472 2182 lsta
1495 2129 1594 2183 tamen
1617 2122 1752 2202 quamvis
1776 2127 1938 2182 censentur
1960 2121 2040 2182 inter

658 2221 811 2302 reliquas,
835 2226 980 2300 extatque
1003 2220 1033 2280 in
1056 2219 1185 2300 antiquis
1209 2217 1388 2296 Codicibus,
1410 2220 1535 2283 rarioris
1558 2229 1658 2284 tamen
1681 2221 1801 2281 omnino
1824 2236 1897 2282 usus
1922 2227 1984 2296 est,
2008 2228 2039 2282 et

659 2337 755 2405 prope
779 2318 905 2394 nullius3
937 2335 1034 2382 neca
1062 2316 1206 2380 Jacabitis
1235 2317 1312 2394 alio,
1347 2324 1379 2378 ut
1407 2317 1545 2398 videtur,
1576 2319 1635 2381 line
1665 2321 1848 2400 composita,
1882 2325 1913 2378 ut
1943 2318 2039 2380 altera

658 2418 730 2481 lulii
751 2419 851 2497 Papae
873 2417 1011 2493 nomine,
1034 2435 1122 2496 quam
1144 2423 1177 2476 ut
1199 2417 1229 2477 in
1252 2415 1453 2480 Romanorum
1475 2426 1611 2480 veterum
1624 2417 1800 2480 Pontificum
1823 2417 1882 2478 sude
1904 2435 1939 2478 se
1961 2435 2039 2496 per-

659 2520 768 2585 sistere
792 2515 868 2580 lalso
891 2515 1104 2600 gloriarentur.
1148 2514 1271 2578 Illorum
1294 2517 1422 2596 quippe,
1445 2515 1516 2579 Julii
1538 2518 1733 2597 praesertim,
1761 2514 1854 2578 falsas
1884 2515 2038 2596 Epistulas

658 2616 771 2678 habent
793 2616 824 2676 iu
847 2615 910 2677 suis
934 2612 1189 2693 Collectionibus,
1213 2615 1370 2678 sententiis
1399 2614 1512 2696 aliquot
1536 2617 1669 2696 opinioni
1692 2615 1730 2677 de
1753 2634 1811 2678 uua
1835 2622 1940 2676 natura
1963 2631 2038 2676 suae

630 2780 635 2790 ,
660 2715 734 2776 satis
757 2713 942 2792 commodis,
965 2714 1184 2794 interspersas,
1213 2731 1288 2793 quas
1311 2713 1390 2776 inter
1413 2713 1469 2776 alia
1492 2715 1545 2780 SS.
1568 2715 1688 2778 Patrum
1711 2716 1881 2777 testimonia
1905 2713 2039 2795 allegant

659 2813 760 2890 dulor
781 2813 868 2874 Fidei
888 2812 1033 2889 Petrum,
1056 2810 1191 2874 etmulti
1215 2812 1265 2874 alii
1289 2814 1444 2894 anonymi,
1468 2821 1591 2894 praeter
1613 2815 1748 2895 insignes
1764 2811 1938 2894 Theolagas
1970 2814 2037 2875 lsa-

660 2912 864 2987 Ehu-Zaraa,
886 2913 1034 2976 Severum
1055 2910 1356 2990 Aschmoninensem
1380 2931 1546 2994 omnesque
1559 2912 1678 2975 tandem
1696 2911 1947 2992 quilacobiticae
1968 2912 2038 2974 fidei

661 3011 862 3075 vindicandae
885 3012 966 3073 seria
989 3011 1199 3074 incubuerunt.

374 3119 432 3186 Syri
450 3120 647 3174 credumlaco-
750 3109 837 3182 and
861 3118 959 3172 autem
983 3111 1148 3190 praecipua
1170 3109 1317 3172 habeatur
1331 3112 1410 3172 inter
1423 3110 1520 3191 Syros
1542 3110 1618 3172 haec
1632 3110 1738 3173 iacobi
1750 3109 1885 3190 Liturgia
1912 3116 2036 3187 praeter

337 3204 397 3256 bum
415 3207 647 3276 primottrurgtam
662 3227 699 3271 ea
720 3227 800 3289 quae
823 3209 951 3272 diximus
975 3209 1084 3290 probat
1105 3208 1245 3290 Dionysii
1273 3209 1420 3272 Barsalibi
1451 3209 1652 3272 testimonium
1680 3211 1730 3290 qui
1759 3209 1842 3272 initio
1872 3205 2037 3270 Conmren-

339 3295 483 3360 scripsisse.
662 3309 729 3371 tarii
755 3309 785 3370 in
807 3308 887 3370 illam
909 3312 950 3371 ita
973 3310 1113 3390 loquitur.
1160 3309 1318 3382 Traditur,
1342 3310 1422 3388 quod
1441 3308 1524 3388 feria
1544 3309 1599 3372 ΙΙΙ.
1621 3317 1693 3388 post
1713 3310 1890 3370 descensum
1904 3306 2038 3384 Spiritus

660 3410 762 3470 sancti
792 3407 928 3470 Jacodus
956 3408 1119 3489 Apostolus
1145 3407 1316 3486 Liturpiam
1345 3407 1510 3468 celebravit
1537 3409 1673 3470 camdem
1702 3409 1840 3483 omuino,
1869 3423 1960 3486 quam
1987 3405 2038 3467 bia

660 3507 814 3570 babemus.
861 3506 991 3588 Cumque
1013 3516 1138 3587 rogatus
1160 3516 1253 3581 esset,
1274 3507 1355 3568 uude
1377 3509 1546 3586 accepisset
1567 3525 1649 3580 eam,
1672 3509 1717 3568 ita
1745 3506 1910 3584 responait.
1961 3503 2040 3564 Viuit

659 3605 824 3682 Dominus,
847 3609 923 3669 nibil
943 3609 1059 3687 adjeci,
1083 3614 1138 3668 out
1158 3609 1284 3669 detraxi
1305 3606 1344 3667 ab
1367 3625 1404 3667 eo
1426 3599 1507 3685 quad
1527 3607 1634 3668 audiui
1654 3625 1675 3666 a
1688 3606 1819 3668 Domino
1841 3611 1955 3666 nostro.
1987 3601 2038 3664 Ea

654 3710 785 3783 propter
805 3707 882 3768 baec
902 3706 1046 3786 Litus-pio
1062 3708 1230 3785 praecipue
1252 3706 1367 3766 eximio
1389 3712 1434 3766 est
1456 3712 1485 3766 et
1506 3707 1637 3768 omnium
1655 3707 1766 3785 pmmo.

370 3801 403 3856 tlt
421 3804 497 3856 etiam
516 3804 615 3858 Graeci.
653 3854 659 3867 ,
748 3802 934 3868 Graecorum
960 3822 1080 3885 quoque
1111 3804 1275 3866 cummunis
1312 3803 1433 3865 traditio
1465 3811 1511 3865 est
1540 3804 1686 3867 lucabum
1714 3802 1878 3885 liturgiam
1909 3801 2037 3880 primum

660 3903 838 3982 scripsisse,
861 3904 941 3983 quod
964 3903 1093 3983 probant
1115 3905 1275 3965 autoritate
1297 3903 1414 3981 Procli,
1437 3904 1522 3984 cujus
1545 3902 1723 3984 opuseulum
1754 3901 1864 3964 editum
1892 3907 1939 3962 est
1968 3917 2036 3960 cum

661 4001 785 4064 Graecis
807 4002 950 4085 Litargiis
974 4021 991 4063 a
1013 4001 1166 4065 Morellio:
1189 4009 1250 4064 tum
1273 4001 1387 4084 Synodi
1410 4003 1587 4078 Trullanae,
1610 4003 1695 4082 cujus
1719 4017 1834 4078 canon,
1859 3997 1994 4079 quamvis
2017 4015 2035 4057 a

660 4102 735 4163 sede
756 4101 891 4163 Romana
913 4101 1040 4181 probata
1069 4119 1129 4164 non
1155 4100 1261 4180 suerit,
1292 4102 1322 4162 in
1353 4100 1488 4163 Gratiani
1514 4101 1679 4164 Decretum
1707 4100 1820 4161 relatas
1851 4105 1915 4160 est:
1946 4103 1977 4158 ot
2003 4096 2035 4156 in

660 4200 797 4262 eamdem
820 4202 997 4263 sententiam
1018 4202 1207 4287 posteriores
1231 4217 1335 4262 omnes
1360 4202 1469 4262 Graeci
1482 4208 1710 4277 concesserunt,
1733 4206 1767 4259 ut
1784 4204 1867 4278 patet
1885 4195 2034 4274 exprimo

646 4297 819 4377 ,Responsa
842 4297 1012 4361 Hieremiae
1034 4299 1226 4362 Patriaruhae
1241 4291 1562 4378 constantinopolitani
1577 4297 1615 4362 ad
1629 4298 1931 4380 Wirtenbergenses.
1974 4294 2034 4357 lu-

659 4396 767 4459 dicium
791 4397 902 4460 Leonis
924 4397 1028 4460 Allatii
1055 4398 1093 4460 de
1120 4398 1226 4462 eadem
1254 4398 1390 4481 liturgia
1418 4399 1508 4480 longa
1536 4398 1757 4460 Dissertatione
1787 4397 1978 4477 expositum,
2003 4400 2034 4454 et

657 4495 758 4558 Riveti
780 4513 939 4559 censuram
961 4497 1032 4559 alibi
1054 4498 1259 4578 expendimus.

403 4699 433 4750 P·
453 4699 498 4750 29·
594 4737 599 4748 ·
1077 4705 1198 4775 Oratio
1226 4713 1306 4777 ante
1328 4707 1482 4778 Osculum
1503 4709 1615 4799 pacis.

369 4921 488 4973 Secunda
516 4920 647 4990 liturgiae
755 4896 901 4973 Secuvux
931 4907 1006 4969 liaeo
1030 4917 1078 4970 est
1101 4907 1255 4988 liturgiae
1278 4927 1360 4988 pars,
1384 4918 1416 4971 ut
1439 4916 1521 4970 notat
1543 4909 1701 4986 Darsalibi‚
1726 4908 1810 4989 cujus
1833 4905 1928 4968 verba
1951 4912 2032 4983 sunt,

333 5021 402 5074 pars.
659 5010 744 5072 Haec
766 5019 813 5073 est
832 5013 967 5074 secunda
987 5011 1146 5091 Lituryiae
1166 5031 1256 5089 pars,
1279 5031 1355 5091 quoe
1377 5014 1556 5074 seminatur
1577 5012 1688 5075 celebri
1707 5013 1762 5074 illa
1780 5010 2032 5092 proclamatione,
