4804 6026
641 537 690 611 30
844 591 850 596 -
1146 535 1503 612 bl‘lURGlh

641 735 806 796 errantem
833 723 1021 812 reduceret,
1049 745 1092 794 ne
1119 733 1255 796 avertas
1281 720 1400 794 faciem
1419 733 1517 795 ¹tuam
1543 745 1563 794 a
1584 722 1693 813 nohis,
1719 723 1796 796 dum
1812 725 2009 798 sacrificium

351 839 500 942 *floreia
515 842 560 942 .¹.’⁸
577 838 704 913 euhoe
730 839 930 936 spirituale*
957 850 990 911 et
1016 842 1219 910 incruentum
1247 836 1472 910 celebramus:
1499 861 1566 912 non
1594 843 1681 912 enim
1698 841 1846 932 justitiae
1871 851 2008 914 nostrae

317 924 574 1066 fmmffmbl‘
601 936 843 1045 ‘'confidmus,
871 955 932 1027 sed
957 955 1207 1028 misericordiae
1233 965 1319 1026 tuae.
1361 956 1591 1050 Deprecamur
1618 977 1701 1048 ergo
1730 967 1763 1029 et
1791 957 2007 1054 obsecramus

477 1053 484 1067 ⁹
638 1073 846 1145 clementiam
872 1083 973 1160 tuam,
999 1094 1043 1142 ne
1068 1073 1100 1141 in
1125 1071 1282 1163 judicium
1309 1073 1351 1142 sit
1368 1069 1492 1166 populo
1519 1081 1585 1160 tuo,
1605 1071 1802 1166 Mysterium
1827 1072 1904 1164 hoc,
1919 1070 2008 1168 quod

637 1193 816 1262 institutum
843 1187 940 1261 nobis
968 1199 1019 1260 est
1046 1186 1087 1258 ad
1115 1187 1273 1258 salutem:
1301 1186 1362 1258 sed
1388 1186 1429 1257 ad
1456 1190 1588 1258 veniam
1615 1199 1849 1283 peccatorum,
1881 1191 2007 1262 remis-

639 1310 768 1382 sionem
795 1306 1074 1400 insipientiorem,
1109 1314 1143 1374 et
1177 1302 1220 1374 ad
1253 1306 1379 1395 gratias
1412 1303 1470 1376 tibi
1500 1303 1716 1376 referendas:
1752 1328 1814 1401 per
1852 1309 2008 1398 gratiam,

639 1420 921 1510 miscricordiam,
954 1431 987 1491 et
1014 1441 1161 1492 amorem
1196 1440 1279 1511 erga
1306 1417 1454 1491 homines
1480 1422 1643 1512 unigeniti
1668 1419 1725 1491 filii
1751 1424 1797 1493 tui
1823 1443 2010 1516 perquem

639 1551 773 1612 etcum
801 1561 865 1632 quo
892 1549 926 1609 te
952 1536 1048 1608 decet
1074 1535 1192 1628 gloria.

741 1653 902 1747 Populus.
929 1651 1047 1725 Amen.

740 1770 928 1842 Diaconos.
954 1768 1043 1840 Date
1069 1789 1187 1863 pacem
1215 1771 1438 1862 unusquisque
1464 1770 1619 1862 proximo
1648 1791 1722 1858 suo,
1748 1771 1782 1840 in
1808 1773 1947 1842 caritate
1974 1781 2007 1842 et

637 1887 719 1975 lide,
757 1909 842 1982 quae
872 1885 948 1957 Dec
983 1895 1145 1980 acceptae
1176 1887 1249 1956 sint.
1302 1883 1414 1980 Vade·
1433 1886 1468 1953 in
1500 1905 1586 1979 pace
1619 1883 1788 1958 Sacerdos
1820 1884 2005 1980 praeclare.

638 2003 771 2076 Stemus
799 2000 956 2074 decenter
982 2011 1129 2089 orantes,
1155 2010 1281 2072 stemus
1294 2022 1368 2071 cum
1395 2001 1513 2072 timore
1536 2010 1570 2072 et
1595 2011 1754 2088 tremore,
1780 2010 1904 2072 stemus
1931 2021 2006 2070 cum

639 2118 800 2192 modestia
827 2129 861 2190 et
888 2119 1088 2190 sanctitatez·
1106 2117 1181 2210 qnia
1209 2137 1289 2187 ecce
1317 2114 1441 2189 oblatio
1467 2114 1856 2206 intramuraneam
1883 2118 2005 2188 exori-

637 2245 700 2307 tur.
726 2233 855 2306 lanuae
878 2231 964 2305 coeli
986 2223 1189 2327 aperiuntur,
1216 2241 1250 2303 et
1264 2231 1405 2327 Spiritus
1432 2239 1566 2305 sanctus
1593 2231 1764 2304 descendit
1795 2230 2006 2326 superhaec

637 2354 798 2447 mysteria
825 2360 953 2438 sancta,
981 2358 1014 2420 et
1039 2346 1191 2422 illabitur.
1223 2348 1261 2419 ln
1286 2346 1362 2420 loco
1390 2349 1516 2420 timoris
1543 2357 1577 2419 et
1603 2337 1757 2421 tremoris
1783 2349 2005 2437 consistimus,

638 2480 774 2540 etcum
800 2461 976 2539 Cherubim
1004 2475 1038 2536 et
1064 2463 1237 2560 Seraphim
1264 2465 1523 2535 circumstemus.
1557 2462 1695 2537 Fratres
1722 2475 1756 2536 et
1782 2463 1874 2536 Socii
1899 2464 2005 2556 Vigi-

637 2584 705 2656 lum
732 2591 765 2653 et
789 2578 997 2672 Angelorum
1024 2578 1104 2652 lacti
1130 2601 1255 2668 sumus,
1282 2589 1316 2651 et
1348 2581 1564 2651 ministerium
1595 2581 1681 2671 ignis
1709 2589 1743 2650 et
1769 2581 1902 2673 spiritus
1930 2603 2004 2652 cum

637 2699 703 2773 illis
730 2719 914 2792 operamur.
941 2695 1058 2768 Nullus
1084 2719 1186 2791 pomo
1211 2695 1333 2788 ligatus
1361 2698 1414 2784 sit,
1441 2697 1497 2789 qui
1524 2694 1644 2767 audeat
1662 2693 1826 2766 accedere
1853 2694 1896 2766 ad
1921 2717 2004 2790 my-

639 2817 740 2888 steria
767 2812 861 2902 haec,
889 2816 964 2908 quia
990 2812 1103 2884 velum
1128 2811 1263 2904 tollitur,
1290 2821 1324 2883 et
1349 2814 1457 2904 gratia
1475 2808 1663 2900 demittitur,
1688 2811 2004 2906 misericordiaeque

639 2929 845 3002 effunduntur
879 2950 979 3024 super
1009 2949 1289 3024 unumquemque,
1326 2930 1381 3023 qui
1417 2937 1490 2999 orat
1520 2929 1554 2998 in
1592 2925 1693 3002 corde
1728 2949 1819 3022 pura
1847 2937 1880 2998 et
1914 2951 2003 3002 con-

639 3048 777 3120 scientia
803 3044 901 3118 hona.

739 3161 914 3233 Sacerdos
939 3162 1051 3232 elecat
1075 3161 1183 3232 aelam
1209 3165 1243 3230 et
1270 3166 1323 3231 ter
1345 3158 1505 3254 populum
1532 3182 1634 3230 cruce
1660 3162 1785 3250 signat,
1812 3160 1953 3230 diceas:

740 3276 871 3350 Caritas
897 3276 1018 3367 Patris,
1045 3281 1153 3370 gratia
1179 3275 1266 3366 Filii,
1293 3286 1327 3348 et
1353 3277 1604 3348 communicatio
1627 3274 1768 3371 Spiritus
1795 3278 1912 3365 sancti,
1939 3277 2004 3348 sint

636 3417 711 3466 cum
737 3393 888 3467 omnibus
914 3392 1020 3468 nobis.
1880 3379 1882 3384 ’

738 3510 898 3602 Populus.
924 3510 1043 3584 Amen.

737 3625 920 3698 Sacerdos.
948 3626 1086 3699 Sursum
1114 3625 1225 3699 corda.

737 3741 898 3836 Papulas.
925 3741 1093 3814 Habemus
1121 3741 1163 3812 ad
1187 3741 1374 3815 Dominum.

737 3857 922 3930 Sacerdos.
950 3857 1082 3931 Gratias
1110 3879 1248 3950 agamus
1273 3858 1417 3930 Domino
1442 3856 1518 3930 Deo
1545 3865 1670 3928 nostro.

716 3973 899 4068 *Populus
925 3973 1070 4066 Dignmn
1096 3983 1130 4044 et
1151 3975 1277 4065 justum
1303 3983 1362 4044 est.
1466 4032 1471 4048 .

737 4089 912 4162 Sacerdos
937 4089 1127 4160 inclinatas.
1155 4088 1247 4160 Vere
1274 4088 1409 4181 dignum
1435 4099 1469 4161 et
1491 4091 1614 4182 justum
1631 4099 1695 4181 est,
1723 4090 1846 4162 decens
1873 4103 1908 4164 et
1934 4091 2001 4162 de-

633 4207 750 4298 bitum,
775 4216 812 4278 ut
836 4214 869 4276 te
895 4204 1080 4288 laudemus,
1106 4214 1141 4276 te
1166 4202 1416 4297 benedicamus,
1442 4218 1476 4279 te
1506 4205 1725 4297 celebremus,
1752 4218 1786 4279 te
1814 4206 2000 4292 adoremus,

634 4323 694 4397 tibi
720 4314 846 4414 gratias
873 4341 1031 4412 agemus,
1058 4319 1118 4394 tibi
1145 4320 1253 4418 opilici
1285 4325 1391 4396 omnis
1418 4331 1603 4413 creaturae,
1628 4305 1781 4397 visibilis
1797 4335 1853 4396 aut
1878 4325 2001 4396 invisi-

634 4439 719 4514 bilis.
746 4437 794 4510 Et
819 4436 957 4508 eleccas
988 4459 1112 4508 aecem.
1166 4438 1272 4524 Quem
1305 4437 1439 4511 laudant
1473 4439 1602 4514 coelum
1634 4451 1668 4511 et
1700 4439 1787 4512 cccli
1818 4437 2000 4529 coelorum,

635 4557 808 4650 omnisque
843 4556 1012 4626 exercitus
1046 4576 1161 4627 eorum
1194 4553 1247 4628 sol
1282 4565 1315 4628 et
1344 4555 1421 4627 luna
1457 4566 1491 4628 et
1525 4578 1623 4629 omne
1662 4555 1831 4630 stellarum
1867 4577 2001 4648 agmen,

634 4671 728 4743 terra'
741 4679 784 4756 ‚et
809 4672 913 4742 maria
940 4656 973 4742 el
999 4673 1109 4770 omnia
1136 4692 1222 4766 quae
1248 4675 1283 4744 in
1309 4674 1359 4744 eis
1390 4683 1481 4747 sunt:
1512 4672 1699 4746 Jerusalem
1727 4671 1900 4762 coelestis,
1926 4673 2000 4744 Ec-

636 4783 738 4858 clesia
769 4787 1063 4882 primogenitorum
1103 4788 1343 4884 descriptorum
1386 4791 1420 4861 in
1453 4789 1575 4863 coelis:
1607 4787 1750 4881 Angeli,
1784 4787 2001 4882 Archangeli,

635 4901 855 4998 Principatus,
883 4901 1085 4993 Potestates,
1114 4903 1258 4996 Throni,
1285 4905 1556 4998 Dominationes,
1582 4908 1721 4978 virtutes
1754 4905 1939 4996 coelestes,
1966 4914 2001 4977 et

636 5017 757 5092 mundo
784 5022 975 5114 superiores
1003 5023 1172 5096 exercitus
1204 5021 1310 5114 coeli,
1343 5018 1522 5096 Cherubim
1553 5019 1670 5117 quibus
1706 5020 1794 5094 oculi
1825 5020 1933 5114 multi,
1967 5031 2001 5094 ct
