4712 6032
677 589 755 662 254
892 588 1017 666 NOTAE
1044 591 1085 664 lN
1110 589 1317 668 LITURGINN
1344 589 1374 666 S.
1398 589 1559 666 JONNNIS
1588 589 1857 667 oualsostoau.

674 775 755 838 verti
775 776 872 856 possit
894 783 927 837 at
948 776 1017 839 sint.
1062 775 1103 836 At
1124 773 1249 836 verbum
1272 773 1490 836 substantivum
1514 772 1622 855 Syrum
1644 784 1704 842 tatu
1727 783 1758 837 et
1779 775 1960 838 Hebraicum
1981 787 2039 846 mn

676 875 812 938 eamdem
841 874 1089 956 significationem
1120 873 1239 936 hahent.
1294 871 1398 953 ltaque
1427 875 1517 935 utin
1546 875 1610 936 istis
1637 873 1738 937 verbis
1767 874 1932 937 Geneseos.
1974 877 2042 939 Fiat

674 975 731 1035 lac
752 982 781 1034 et
799 973 887 1052 sacta
909 980 956 1034 est
976 973 1046 1048 lac,
1069 972 1172 1054 putida
1195 971 1303 1034 dudum
1327 974 1391 1034 visa
1415 980 1461 1034 est
1484 972 1609 1035 eruditis
1633 991 1738 1034 eorum
1760 974 1969 1053 interpretatio
1992 977 2041 1057 qui

672 1071 852 1144 maluerunt,
876 1073 917 1134 sit
937 1073 991 1132 loc
1013 1080 1043 1133 et
1065 1070 1125 1150 fait
1153 1072 1223 1132 lac:
1251 1072 1317 1151 pari
1345 1074 1464 1135 ratione
1492 1073 1658 1136 consultius
1691 1074 1925 1136 existimavimus
1952 1074 2040 1154 scunt,

673 1190 761 1252 quarn
785 1174 846 1233 sint
866 1171 1068 1251 interpretari.
1460 1237 1468 1250 ,

759 1269 855 1332 Unum
878 1287 989 1350 corpus
1013 1279 1043 1332 et
1065 1271 1188 1352 sanguis
1211 1270 1284 1332 liunt
1306 1280 1336 1333 et
1358 1279 1428 1334 sunt
1454 1274 1538 1351 panis
1562 1280 1593 1334 et
1614 1271 1709 1334 calix:
1740 1271 1810 1352 quia
1833 1271 1905 1335 licet
1927 1273 1958 1334 in
1980 1272 2039 1336 du-

673 1371 746 1452 plici
769 1371 883 1450 specie,
906 1370 1128 1432 Sacramentum
1150 1388 1240 1431 unuur
1263 1378 1321 1446 est,
1344 1372 1421 1432 sicut
1451 1389 1563 1451 corpus
1585 1369 1695 1434 Christi
1718 1389 1808 1432 unum
1831 1379 1895 1449 est,
1926 1379 1957 1433 et
1978 1390 2038 1435 non

673 1469 764 1536 modo
794 1471 825 1530 in
853 1471 964 1531 unitate
992 1487 1158 1549 personae,
1186 1468 1266 1551 quod
1297 1469 1451 1532 Catholica
1479 1469 1569 1533 docet
1595 1470 1750 1549 Ecclesia,
1786 1469 1842 1532 sed
1870 1471 1900 1531 in
1929 1469 2041 1538 unitate

673 1578 810 1645 naturae,
834 1577 865 1631 ut
887 1569 1067 1650 profitentur
1088 1568 1243 1630 lacobitae
1271 1587 1397 1648 quorum
1427 1571 1549 1648 propria
1580 1578 1628 1632 est
1654 1569 1732 1631 haec
1759 1569 1909 1650 liturgia:
1939 1570 1981 1631 ita
2009 1577 2040 1630 ut

673 1686 793 1748 nempe,
816 1670 894 1730 sicut
915 1668 985 1730 alibi
1008 1668 1189 1748 explicatum
1212 1677 1274 1746 est,
1305 1686 1415 1748 corpus
1446 1671 1499 1747 sit,
1530 1670 1684 1750 sanguinis
1713 1671 1764 1749 qui
1795 1675 1842 1729 est
1871 1669 1902 1729 in
1933 1668 2041 1730 calice:

674 1769 798 1849 sanguis
820 1769 869 1843 sit,
894 1770 1033 1848 corporis
1056 1769 1086 1830 in
1109 1767 1192 1830 disco
1215 1767 1314 1848 positi,
1339 1767 1419 1848 quod
1448 1768 1533 1830 hrevi
1556 1767 1750 1830 confessione
1773 1766 1928 1830 Jacohitae
1950 1767 2041 1849 paulo

675 1875 743 1928 ante
767 1869 991 1948 susceptionem
1011 1867 1230 1945 Eucharistiae,
1254 1875 1431 1947 agnoscunt.

762 1966 794 2028 ln
818 1968 959 2046 sequenti
981 1967 1182 2028 lnvocationis
1205 1975 1303 2048 parte,
1327 1984 1393 2028 curn
1415 1967 1446 2027 in
1468 1966 1534 2029 aliis
1557 1964 1692 2029 formulis
1708 1964 1863 2045 habeatur,
1886 1974 1917 2027 et
1933 1985 2044 2046 pmcn

673 2067 793 2146 quidem
813 2069 902 2129 istum
925 2066 1047 2148 efficiat,
1070 2087 1126 2130 seu
1136 2068 1284 2147 perficiat
1297 2085 1407 2146 corpas
1419 2065 1541 2144 Christi,
1564 2075 1593 2128 et
1613 2068 1654 2128 sit
1673 2065 1762 2127 nohis
1783 2066 1826 2127 ad
1837 2067 2043 2128 remeationem

670 2175 877 2245 peccatoram,
901 2174 955 2229 etc.
980 2168 1010 2228 in
1033 2168 1089 2228 ista
1103 2165 1221 2246 Corpuh
1242 2169 1360 2248 quidem
1381 2167 1439 2228 hoc
1453 2166 1512 2228 Dei
1531 2165 1638 2240 nostri,
1658 2165 1721 2244 siut
1740 2164 1789 2226 vel
1811 2167 1860 2243 sit,
1884 2167 1916 2230 t'n
1933 2166 2044 2244 pipam

674 2266 757 2326 citae
776 2264 909 2344 futurae,
934 2275 989 2326 etc.
1014 2274 1045 2327 et
1064 2268 1182 2327 mistum
1204 2267 1285 2346 qaod
1313 2273 1359 2326 cat
1385 2267 1417 2326 in
1439 2264 1496 2326 hoc
1518 2266 1624 2342 colice,
1647 2267 1772 2344 sanquis
1795 2261 1910 2325 Christi
1933 2265 2043 2343 propi-

672 2365 823 2439 tiatoriam
845 2366 886 2426 ait
907 2365 955 2426 vel
976 2364 1036 2444 sict
1057 2367 1088 2425 in
1110 2366 1317 2426 causacionem
1329 2372 1532 2444 peccatoram,
1548 2373 1603 2427 etc.
1628 2363 1674 2424 Ex
1698 2364 1755 2424 ista
1777 2362 1915 2424 lectionis
1938 2362 2043 2425 diver-

674 2464 774 2540 sitate,
808 2465 833 2524 si
863 2465 930 2542 quis
960 2464 1114 2544 conjiciat,
1146 2472 1268 2525 autores
1297 2462 1452 2544 Liturgiae
1488 2463 1673 2541 credidisse,
1705 2471 1862 2543 antequam
1891 2461 2042 2525 invocatio

675 2564 904 2642 pronuncietur,
924 2564 985 2643 jam
1008 2580 1117 2642 panem
1141 2580 1209 2624 esse
1233 2579 1355 2642 corpus,
1379 2570 1409 2624 et
1431 2565 1531 2624 vinum
1554 2563 1731 2646 sanguinem
1755 2562 1878 2636 Christi,
1902 2580 1962 2625 non
1986 2562 2043 2624 erit

675 2644 834 2724 admodur'n
863 2660 1100 2743 repugnandum.
1157 2662 1264 2741 Neque
1298 2663 1376 2724 enim
1406 2662 1513 2741 quihus
1547 2661 1624 2724 haec
1654 2661 1828 2743 conjectura
1859 2662 2043 2742 displiceret,

674 2759 787 2822 hahent
810 2761 919 2842 aliquid
942 2779 1001 2840 quo
1025 2779 1059 2822 se
1082 2769 1231 2837 tueantur,
1259 2762 1316 2822 nisi
1348 2762 1428 2842 quod
1450 2761 1650 2824 invocationis
1673 2761 1767 2822 verba
1790 2769 1880 2842 prout
1901 2761 2045 2844 leguntur

676 2859 757 2938 alihi,
781 2861 959 2922 contrariam
983 2862 1162 2922 sententiam
1185 2861 1343 2922 continere
1369 2861 1540 2934 videantur:
1572 2867 1632 2922 turn
1656 2862 1745 2922 etiam
1764 2860 1878 2941 judicio
1901 2861 2043 2922 nostratis
2094 2923 2097 2928 ,

676 2957 790 3035 Critici,
814 2959 983 3024 Orientales
1008 2960 1072 3023 sola
1094 2960 1287 3022 lnvocatione
1319 2960 1580 3022 consecrationem
1608 2959 1714 3040 perlici
1745 2959 1937 3022 contendent.
1984 2959 2044 3023 Sed

676 3065 710 3119 ut
734 3058 802 3121 alibi
825 3059 921 3122 lusius
945 3068 975 3121 et
999 3061 1168 3121 accuratius
1193 3061 1362 3139 expositum
1386 3048 1447 3136 cst,
1467 3058 1637 3121 Orientales
1661 3058 1770 3120 nullam
1794 3059 1895 3121 verbis
1907 3058 2045 3121 Domini-

676 3159 721 3218 cis
743 3160 883 3222 virtulem
907 3140 1105 3221 consecrandi
1128 3159 1271 3236 tribuere,
1295 3166 1325 3221 et
1347 3158 1397 3219 illa
1426 3176 1486 3219 non
1509 3160 1681 3220 necessaria
1704 3159 1892 3237 existimare,
1922 3158 2045 3238 p'rohari

676 3275 736 3319 non
765 3265 880 3338 potest,
908 3278 975 3319 cum
1007 3259 1064 3339 ipsi
1087 3260 1269 3321 contrarium
1292 3257 1445 3323 affirment.
1495 3258 1601 3338 Neque
1630 3259 1743 3322 ideireo
1772 3259 1907 3339 injuriam
1940 3259 2044 3320 verbis

677 3365 728 3420 aut
750 3360 873 3438 corpori
897 3359 1007 3420 Christi
1030 3358 1106 3436 lieri,
1130 3359 1266 3434 credunt,
1289 3358 1368 3437 quod
1392 3367 1480 3420 orent
1502 3377 1595 3439 super
1618 3359 1696 3421 dona
1716 3362 1777 3440 jam
1800 3367 1988 3436 consecrata,
2013 3366 2045 3420 ut

677 3457 812 3521 Graecae
835 3457 1047 3520 etOricntales
1071 3476 1174 3520 omnes
1194 3457 1360 3533 Ecclesiae,
1381 3456 1506 3520 Latinae
1530 3476 1650 3538 quoque
1673 3466 1795 3521 veteres
1818 3458 1924 3520 iisdem
1946 3475 2044 3538 prope

676 3559 779 3621 verbis
803 3556 949 3621 fecerunt.
995 3559 1205 3620 Verumtamen
1229 3576 1333 3619 omnes
1355 3557 1487 3638 reliquas
1510 3556 1662 3640 Liturgias
1685 3559 1804 3620 exista
1825 3559 1912 3619 unica
1937 3565 1967 3620 et
1990 3577 2045 3619 ra-

676 3659 765 3720 rioris
789 3676 861 3719 usus
884 3655 1090 3720 reformandas
1114 3675 1194 3734 esse,
1217 3675 1278 3719 non
1305 3663 1352 3718 est
1374 3657 1620 3736 existimandum,
1649 3675 1748 3738 neque
1779 3659 1857 3719 enim
1885 3657 2047 3720 discrimen

676 3759 756 3819 inter
778 3759 864 3820 istam
887 3765 918 3819 ot
942 3757 1014 3819 alias
1038 3757 1097 3818 tale
1119 3756 1287 3830 intercedit,
1311 3756 1399 3836 quale
1419 3757 1516 3818 statim
1539 3776 1602 3818 rem
1627 3775 1687 3818 non
1710 3758 1782 3818 satis
1806 3763 1946 3818 accurate
1968 3775 2046 3836 per-

677 3856 819 3938 pendenti
841 3857 940 3918 videri
961 3863 1072 3936 potest.
1118 3857 1190 3917 Nam
1214 3855 1292 3937 quod
1317 3856 1346 3916 in
1369 3857 1533 3936 posteriori
1551 3857 1752 3919 invocationis
1776 3865 1863 3936 parte
1886 3855 2046 3918 desidera-

678 3965 743 4019 tur:
768 3955 902 4019 occurrit
925 3958 954 4016 in
977 3957 1089 4035 priore,
1114 3973 1212 4035 neque
1235 3957 1313 4017 enim
1343 3955 1393 4016 illa
1416 3956 1527 4032 verba,
1556 3965 1589 4017 nt
1609 3956 1755 4017 inhahitet
1775 3975 1996 4035 superponam
2018 3963 2049 4018 et

677 4059 789 4130 vincam,
809 4055 946 4135 fiuntque
967 4075 1057 4116 unam
1080 4074 1192 4134 corpas
1213 4063 1242 4115 et
1263 4059 1397 4135 sanquis,
1420 4056 1516 4117 minus
1540 4055 1709 4137 significant
1733 4073 1821 4136 quam
1844 4057 1912 4132 ista,
1934 4063 1964 4116 et
1982 4073 2047 4134 pan

677 4175 745 4216 nem
766 4155 844 4216 hmtc
864 4154 965 4233 saciat
992 4174 1119 4233 corpas:
1148 4155 1272 4216 calicem
1299 4157 1474 4234 sanquinem
1497 4155 1624 4230 Chm'ati,
1654 4174 1731 4236 quae
1754 4155 1895 4235 leguntur
1917 4155 1946 4215 in
1970 4154 2045 4219 aliis.

678 4255 784 4333 Neque
808 4255 833 4314 si
855 4253 981 4336 rigidius
1006 4262 1123 4334 agatur,
1147 4254 1228 4316 orari
1250 4260 1351 4333 potest
1373 4262 1404 4315 ut
1427 4254 1558 4333 Spim'tua
1587 4263 1711 4316 sanctas
1733 4254 1875 4316 illabatur
1903 4260 1932 4314 et
1953 4253 2045 4315 inha-

678 4355 751 4418 hitet
772 4372 863 4432 saper
884 4372 994 4434 corpus
1017 4351 1139 4432 Christi,
1164 4355 1194 4417 in
1217 4372 1276 4434 quo
1305 4354 1423 4414 habitat
1451 4355 1547 4415 omnis
1565 4355 1719 4432 plenitudo
1741 4355 1909 4415 divinitatis
1931 4371 2045 4432 corpo-

677 4451 802 4515 raliter:
838 4469 936 4532 neque
966 4452 1048 4529 fieri,
1080 4453 1160 4533 quod
1187 4452 1247 4529 jam
1277 4452 1387 4514 facturn
1418 4459 1480 4528 est,
1515 4471 1625 4535 corpus
1660 4451 1781 4517 Christi.
1829 4453 1941 4514 Verum
1967 4451 2046 4515 haec

677 4551 853 4632 simpliciter
875 4550 1079 4632 religioseque
1108 4551 1262 4614 tractanda
1290 4561 1374 4614 sunt:
1406 4570 1505 4632 neque
1535 4551 1775 4615 committendum
1804 4558 1837 4614 ut
1865 4571 1904 4614 err
1926 4552 2043 4614 levibus

678 4650 826 4735 ejusmodi
849 4651 1043 4731 argumentis,
1067 4670 1145 4730 quae
1169 4671 1209 4714 ex
1232 4651 1329 4731 aliqua
1345 4654 1514 4714 contrariae
1537 4653 1695 4715 locutionis
1718 4651 1821 4714 umbra
1844 4651 2042 4728 deducuntur,

656 4733 848 4813 'traditionis
873 4752 1001 4812 omnium
1023 4750 1227 4814 Ecclesiarum
1256 4752 1350 4827 rivos,
1373 4751 1404 4812 in
1425 4751 1631 4814 Eucharistiae
1653 4752 1789 4814 doctrina
1810 4751 1921 4832 ultique
1942 4750 2044 4831 limpi-

680 4851 830 4930 dissimos,
853 4858 967 4912 temero
991 4851 1210 4914 conturbemus.
