<?xml version="1.0" encoding="UTF-8"?>
<!DOCTYPE html PUBLIC "-//W3C//DTD XHTML 1.0 Transitional//EN"
    "http://www.w3.org/TR/xhtml1/DTD/xhtml1-transitional.dtd">
<html xmlns="http://www.w3.org/1999/xhtml" xml:lang="en" lang="en">
 <head>
  <title>
</title>
<meta http-equiv="Content-Type" content="text/html;charset=utf-8" />
  <meta name='ocr-system' content='tesseract 3.04.00' />
  <meta name='ocr-capabilities' content='ocr_page ocr_carea ocr_par ocr_line ocrx_word'/>
</head>
<body>
  <div class='ocr_page' id='page_1' title='image "./liturgiarumorie04renagoog_0116.png"; bbox 0 0 4728 6028; ppageno 0'>
   <div class='ocr_carea' id='block_1_1' title="bbox 630 601 1652 689">
    <p class='ocr_par' dir='ltr' id='par_1_1' title="bbox 630 601 1652 689">
     <span class='ocr_line' id='line_1_1' title="bbox 630 601 1652 689; baseline -0.002 -8"><span class='ocrx_word' id='word_1_1' title='bbox 630 605 685 682; x_wconf 85' lang='grc' dir='ltr'><strong>ΙΝ</strong></span> <span class='ocrx_word' id='word_1_2' title='bbox 714 603 1002 682; x_wconf 84' lang='lat' dir='ltr'><strong>LITURGIAS</strong></span> <span class='ocrx_word' id='word_1_3' title='bbox 1036 601 1309 683; x_wconf 82' lang='lat' dir='ltr'><strong>SYRIAGAS.</strong></span> <span class='ocrx_word' id='word_1_4' title='bbox 1407 681 1413 689; x_wconf 77' lang='grc'><strong>,</strong></span> <span class='ocrx_word' id='word_1_5' title='bbox 1603 604 1652 679; x_wconf 78' lang='grc'><strong>’19</strong></span> 
     </span>
    </p>
   </div>
   <div class='ocr_carea' id='block_1_2' title="bbox 283 786 1976 3452">
    <p class='ocr_par' dir='ltr' id='par_1_2' title="bbox 285 786 1976 1068">
     <span class='ocr_line' id='line_1_2' title="bbox 288 786 1892 872; baseline 0.001 -18"><span class='ocrx_word' id='word_1_6' title='bbox 288 790 412 854; x_wconf 67' lang='lat' dir='ltr'><strong>mabbo</strong></span> <span class='ocrx_word' id='word_1_7' title='bbox 431 788 555 854; x_wconf 77' lang='lat' dir='ltr'><strong>Aiaeoe.</strong></span> <span class='ocrx_word' id='word_1_8' title='bbox 599 789 696 852; x_wconf 86' lang='lat' dir='ltr'><strong>Prima</strong></span> <span class='ocrx_word' id='word_1_9' title='bbox 718 795 765 852; x_wconf 90' lang='lat' dir='ltr'><strong>est</strong></span> <span class='ocrx_word' id='word_1_10' title='bbox 795 787 833 851; x_wconf 95' lang='lat' dir='ltr'><strong>ad</strong></span> <span class='ocrx_word' id='word_1_11' title='bbox 855 787 993 872; x_wconf 84' lang='lat' dir='ltr'><strong>vigiliam</strong></span> <span class='ocrx_word' id='word_1_12' title='bbox 1014 787 1129 852; x_wconf 87' lang='lat' dir='ltr'><strong>Natalis</strong></span> <span class='ocrx_word' id='word_1_13' title='bbox 1151 787 1285 851; x_wconf 83' lang='lat' dir='ltr'><strong>Domini:</strong></span> <span class='ocrx_word' id='word_1_14' title='bbox 1314 786 1408 852; x_wconf 86' lang='lat' dir='ltr'><strong>altera</strong></span> <span class='ocrx_word' id='word_1_15' title='bbox 1434 787 1466 850; x_wconf 90' lang='lat' dir='ltr'><strong>in</strong></span> <span class='ocrx_word' id='word_1_16' title='bbox 1494 789 1559 870; x_wconf 87' lang='lat' dir='ltr'><strong>ipsa</strong></span> <span class='ocrx_word' id='word_1_17' title='bbox 1587 789 1653 854; x_wconf 85' lang='lat' dir='ltr'><strong>die:</strong></span> <span class='ocrx_word' id='word_1_18' title='bbox 1699 806 1731 860; x_wconf 76' lang='grc' dir='ltr'><strong>Ρ.</strong></span> <span class='ocrx_word' id='word_1_19' title='bbox 1749 807 1813 861; x_wconf 74' lang='lat' dir='ltr'><strong>aas.</strong></span> <span class='ocrx_word' id='word_1_20' title='bbox 1829 807 1892 860; x_wconf 79' lang='lat' dir='ltr'><strong>ris.</strong></span> 
     </span>
     <span class='ocr_line' id='line_1_3' title="bbox 287 887 1976 971; baseline -0.004 -20"><span class='ocrx_word' id='word_1_21' title='bbox 287 907 347 952; x_wconf 92' lang='lat' dir='ltr'><strong>una</strong></span> <span class='ocrx_word' id='word_1_22' title='bbox 369 889 408 952; x_wconf 90' lang='lat' dir='ltr'><strong>de</strong></span> <span class='ocrx_word' id='word_1_23' title='bbox 429 895 535 951; x_wconf 90' lang='lat' dir='ltr'><strong>sancto</strong></span> <span class='ocrx_word' id='word_1_24' title='bbox 558 887 722 970; x_wconf 87' lang='lat' dir='ltr'><strong>Stephano,</strong></span> <span class='ocrx_word' id='word_1_25' title='bbox 745 906 823 971; x_wconf 86' lang='lat' dir='ltr'><strong>quae</strong></span> <span class='ocrx_word' id='word_1_26' title='bbox 851 895 998 952; x_wconf 90' lang='lat' dir='ltr'><strong>vocantur</strong></span> <span class='ocrx_word' id='word_1_27' title='bbox 1024 887 1209 950; x_wconf 71' lang='grc' dir='ltr'>Οωιιειιιιιιο</span> <span class='ocrx_word' id='word_1_28' title='bbox 1234 887 1366 950; x_wconf 72' lang='lat' dir='ltr'><strong>Mirm:</strong></span> <span class='ocrx_word' id='word_1_29' title='bbox 1396 887 1473 950; x_wconf 87' lang='lat' dir='ltr'><strong>allae</strong></span> <span class='ocrx_word' id='word_1_30' title='bbox 1500 889 1531 951; x_wconf 92' lang='lat' dir='ltr'><strong>in</strong></span> <span class='ocrx_word' id='word_1_31' title='bbox 1559 887 1653 952; x_wconf 88' lang='lat' dir='ltr'><strong>blissa</strong></span> <span class='ocrx_word' id='word_1_32' title='bbox 1699 892 1731 948; x_wconf 78' lang='lat' dir='ltr'><strong>P.</strong></span> <span class='ocrx_word' id='word_1_33' title='bbox 1752 894 1814 946; x_wconf 73' lang='grc' dir='ltr'>ιιι.</span> <span class='ocrx_word' id='word_1_34' title='bbox 1832 892 1894 947; x_wconf 74' lang='lat' dir='ltr'><strong>aaa.</strong></span> <span class='ocrx_word' id='word_1_35' title='bbox 1912 893 1976 946; x_wconf 76' lang='lat' dir='ltr'><strong>lat.</strong></span> 
     </span>
     <span class='ocr_line' id='line_1_4' title="bbox 285 984 1653 1068; baseline -0.001 -16"><span class='ocrx_word' id='word_1_36' title='bbox 285 987 341 1052; x_wconf 89' lang='grc'><strong>88.</strong></span> <span class='ocrx_word' id='word_1_37' title='bbox 364 987 581 1068; x_wconf 81' lang='lat' dir='ltr'><strong>Apostolorum</strong></span> <span class='ocrx_word' id='word_1_38' title='bbox 603 987 709 1052; x_wconf 89' lang='lat' dir='ltr'><strong>lacobi</strong></span> <span class='ocrx_word' id='word_1_39' title='bbox 731 995 763 1052; x_wconf 89' lang='lat' dir='ltr'><strong>et</strong></span> <span class='ocrx_word' id='word_1_40' title='bbox 783 988 919 1064; x_wconf 83' lang='lat' dir='ltr'><strong>loannis,</strong></span> <span class='ocrx_word' id='word_1_41' title='bbox 942 986 996 1052; x_wconf 89' lang='lat' dir='ltr'><strong>SS.</strong></span> <span class='ocrx_word' id='word_1_42' title='bbox 1019 986 1180 1050; x_wconf 82' lang='lat' dir='ltr'><strong>intantum:</strong></span> <span class='ocrx_word' id='word_1_43' title='bbox 1204 984 1466 1063; x_wconf 78' lang='lat' dir='ltr'><strong>circumcisionis,</strong></span> <span class='ocrx_word' id='word_1_44' title='bbox 1496 995 1528 1049; x_wconf 89' lang='lat' dir='ltr'><strong>et</strong></span> <span class='ocrx_word' id='word_1_45' title='bbox 1549 987 1653 1068; x_wconf 90' lang='lat' dir='ltr'><strong>plures</strong></span> 
     </span>
    </p>

    <p class='ocr_par' dir='ltr' id='par_1_3' title="bbox 286 1084 1654 1268">
     <span class='ocr_line' id='line_1_5' title="bbox 288 1084 1654 1168; baseline 0 -18"><span class='ocrx_word' id='word_1_46' title='bbox 288 1086 376 1150; x_wconf 89' lang='lat' dir='ltr'><strong>aliae.</strong></span> <span class='ocrx_word' id='word_1_47' title='bbox 421 1086 513 1149; x_wconf 88' lang='lat' dir='ltr'><strong>Pares</strong></span> <span class='ocrx_word' id='word_1_48' title='bbox 534 1094 743 1168; x_wconf 88' lang='lat' dir='ltr'><strong>repraesentat</strong></span> <span class='ocrx_word' id='word_1_49' title='bbox 764 1086 885 1150; x_wconf 87' lang='lat' dir='ltr'><strong>llissale</strong></span> <span class='ocrx_word' id='word_1_50' title='bbox 906 1087 1089 1150; x_wconf 76' lang='lat' dir='ltr'><strong>Francorum</strong></span> <span class='ocrx_word' id='word_1_51' title='bbox 1112 1084 1199 1148; x_wconf 86' lang='lat' dir='ltr'><strong>simul</strong></span> <span class='ocrx_word' id='word_1_52' title='bbox 1221 1085 1340 1160; x_wconf 87' lang='lat' dir='ltr'><strong>editum,</strong></span> <span class='ocrx_word' id='word_1_53' title='bbox 1362 1092 1448 1149; x_wconf 89' lang='lat' dir='ltr'><strong>utet</strong></span> <span class='ocrx_word' id='word_1_54' title='bbox 1470 1085 1654 1150; x_wconf 87' lang='lat' dir='ltr'><strong>Gallicanum</strong></span> 
     </span>
     <span class='ocr_line' id='line_1_6' title="bbox 286 1184 1654 1268; baseline 0.001 -20"><span class='ocrx_word' id='word_1_55' title='bbox 286 1186 530 1268; x_wconf 85' lang='lat' dir='ltr'><strong>vetustissimum,</strong></span> <span class='ocrx_word' id='word_1_56' title='bbox 553 1187 604 1249; x_wconf 93' lang='lat' dir='ltr'><strong>ubi</strong></span> <span class='ocrx_word' id='word_1_57' title='bbox 627 1185 812 1250; x_wconf 80' lang='lat' dir='ltr'><strong>Gontestutio</strong></span> <span class='ocrx_word' id='word_1_58' title='bbox 833 1203 954 1267; x_wconf 83' lang='lat' dir='ltr'><strong>quoque</strong></span> <span class='ocrx_word' id='word_1_59' title='bbox 977 1193 1008 1248; x_wconf 90' lang='lat' dir='ltr'><strong>et</strong></span> <span class='ocrx_word' id='word_1_60' title='bbox 1028 1185 1195 1248; x_wconf 84' lang='lat' dir='ltr'><strong>lmmolotio</strong></span> <span class='ocrx_word' id='word_1_61' title='bbox 1217 1184 1415 1266; x_wconf 78' lang='lat' dir='ltr'><strong>appellantur.</strong></span> <span class='ocrx_word' id='word_1_62' title='bbox 1439 1185 1472 1247; x_wconf 96' lang='lat' dir='ltr'><strong>ln</strong></span> <span class='ocrx_word' id='word_1_63' title='bbox 1493 1185 1551 1249; x_wconf 92' lang='lat' dir='ltr'><strong>illis</strong></span> <span class='ocrx_word' id='word_1_64' title='bbox 1574 1186 1654 1250; x_wconf 91' lang='lat' dir='ltr'><strong>enim</strong></span> 
     </span>
    </p>

    <p class='ocr_par' dir='ltr' id='par_1_4' title="bbox 288 1281 1676 1368">
     <span class='ocr_line' id='line_1_7' title="bbox 288 1281 1676 1368; baseline 0 -20"><span class='ocrx_word' id='word_1_65' title='bbox 288 1284 410 1363; x_wconf 80' lang='lat' dir='ltr'><strong>Officiis,</strong></span> <span class='ocrx_word' id='word_1_66' title='bbox 432 1285 581 1348; x_wconf 88' lang='lat' dir='ltr'><strong>Praelatio</strong></span> <span class='ocrx_word' id='word_1_67' title='bbox 604 1283 682 1348; x_wconf 88' lang='lat' dir='ltr'><strong>aliud</strong></span> <span class='ocrx_word' id='word_1_68' title='bbox 705 1286 824 1348; x_wconf 91' lang='lat' dir='ltr'><strong>omnine</strong></span> <span class='ocrx_word' id='word_1_69' title='bbox 847 1281 1013 1368; x_wconf 84' lang='lat' dir='ltr'><strong>significat,</strong></span> <span class='ocrx_word' id='word_1_70' title='bbox 1041 1302 1149 1364; x_wconf 84' lang='lat' dir='ltr'><strong>nempe</strong></span> <span class='ocrx_word' id='word_1_71' title='bbox 1172 1282 1344 1346; x_wconf 77' lang='lat' dir='ltr'><strong>Orationem</strong></span> <span class='ocrx_word' id='word_1_72' title='bbox 1367 1299 1446 1364; x_wconf 86' lang='lat' dir='ltr'><strong>quae</strong></span> <span class='ocrx_word' id='word_1_73' title='bbox 1470 1284 1536 1348; x_wconf 91' lang='lat' dir='ltr'><strong>aliis</strong></span> <span class='ocrx_word' id='word_1_74' title='bbox 1557 1303 1676 1366; x_wconf 89' lang='lat' dir='ltr'><strong>prae·-</strong></span> 
     </span>
    </p>

    <p class='ocr_par' dir='ltr' id='par_1_5' title="bbox 285 1381 1654 1467">
     <span class='ocr_line' id='line_1_8' title="bbox 285 1381 1654 1467; baseline 0.001 -19"><span class='ocrx_word' id='word_1_75' title='bbox 285 1384 362 1448; x_wconf 88' lang='lat' dir='ltr'><strong>mitti</strong></span> <span class='ocrx_word' id='word_1_76' title='bbox 383 1383 478 1446; x_wconf 88' lang='lat' dir='ltr'><strong>solet:</strong></span> <span class='ocrx_word' id='word_1_77' title='bbox 501 1401 558 1465; x_wconf 83' lang='lat' dir='ltr'><strong>qua</strong></span> <span class='ocrx_word' id='word_1_78' title='bbox 581 1384 798 1467; x_wconf 82' lang='lat' dir='ltr'><strong>significatione</strong></span> <span class='ocrx_word' id='word_1_79' title='bbox 820 1384 862 1446; x_wconf 88' lang='lat' dir='ltr'><strong>ita</strong></span> <span class='ocrx_word' id='word_1_80' title='bbox 885 1382 965 1465; x_wconf 89' lang='lat' dir='ltr'><strong>apud</strong></span> <span class='ocrx_word' id='word_1_81' title='bbox 987 1399 1043 1445; x_wconf 91' lang='lat' dir='ltr'><strong>nos</strong></span> <span class='ocrx_word' id='word_1_82' title='bbox 1066 1381 1235 1463; x_wconf 84' lang='lat' dir='ltr'><strong>appellatur</strong></span> <span class='ocrx_word' id='word_1_83' title='bbox 1264 1399 1311 1460; x_wconf 86' lang='lat' dir='ltr'><strong>eu,</strong></span> <span class='ocrx_word' id='word_1_84' title='bbox 1335 1398 1413 1462; x_wconf 86' lang='lat' dir='ltr'><strong>quae</strong></span> <span class='ocrx_word' id='word_1_85' title='bbox 1443 1383 1546 1464; x_wconf 89' lang='lat' dir='ltr'><strong>incipit</strong></span> <span class='ocrx_word' id='word_1_86' title='bbox 1581 1385 1654 1448; x_wconf 82' lang='lat' dir='ltr'><strong>Vere</strong></span> 
     </span>
    </p>

    <p class='ocr_par' dir='ltr' id='par_1_6' title="bbox 288 1481 1654 1564">
     <span class='ocr_line' id='line_1_9' title="bbox 288 1481 1654 1564; baseline 0.001 -18"><span class='ocrx_word' id='word_1_87' title='bbox 288 1485 410 1564; x_wconf 51' lang='lat' dir='ltr'><strong>dunum</strong></span> <span class='ocrx_word' id='word_1_88' title='bbox 432 1489 462 1544; x_wconf 88' lang='lat' dir='ltr'><strong>et</strong></span> <span class='ocrx_word' id='word_1_89' title='bbox 473 1485 592 1562; x_wconf 82' lang='lat' dir='ltr'><strong>justum</strong></span> <span class='ocrx_word' id='word_1_90' title='bbox 613 1491 668 1546; x_wconf 83' lang='lat' dir='ltr'><strong>est.</strong></span> <span class='ocrx_word' id='word_1_91' title='bbox 712 1481 755 1544; x_wconf 89' lang='lat' dir='ltr'><strong>lta</strong></span> <span class='ocrx_word' id='word_1_92' title='bbox 786 1500 917 1564; x_wconf 85' lang='lat' dir='ltr'><strong>quoque,</strong></span> <span class='ocrx_word' id='word_1_93' title='bbox 941 1491 974 1545; x_wconf 89' lang='grc' dir='ltr'><strong>ιιι</strong></span> <span class='ocrx_word' id='word_1_94' title='bbox 995 1481 1065 1546; x_wconf 90' lang='lat' dir='ltr'><strong>alibi</strong></span> <span class='ocrx_word' id='word_1_95' title='bbox 1087 1483 1272 1561; x_wconf 89' lang='lat' dir='ltr'><strong>monuimus,</strong></span> <span class='ocrx_word' id='word_1_96' title='bbox 1298 1483 1368 1546; x_wconf 89' lang='lat' dir='ltr'><strong>illae</strong></span> <span class='ocrx_word' id='word_1_97' title='bbox 1399 1500 1477 1564; x_wconf 86' lang='lat' dir='ltr'><strong>quae</strong></span> <span class='ocrx_word' id='word_1_98' title='bbox 1504 1491 1654 1547; x_wconf 86' lang='lat' dir='ltr'><strong>vocantur</strong></span> 
     </span>
    </p>

    <p class='ocr_par' dir='ltr' id='par_1_7' title="bbox 287 1581 1653 1665">
     <span class='ocr_line' id='line_1_10' title="bbox 287 1581 1653 1665; baseline 0 -21"><span class='ocrx_word' id='word_1_99' title='bbox 287 1582 366 1663; x_wconf 92' lang='lat' dir='ltr'><strong>apud</strong></span> <span class='ocrx_word' id='word_1_100' title='bbox 389 1583 483 1664; x_wconf 79' lang='lat' dir='ltr'><strong>Syros</strong></span> <span class='ocrx_word' id='word_1_101' title='bbox 504 1581 676 1659; x_wconf 76' lang='lat' dir='ltr'><strong>Prooemiu,</strong></span> <span class='ocrx_word' id='word_1_102' title='bbox 699 1601 766 1644; x_wconf 89' lang='lat' dir='ltr'><strong>cum</strong></span> <span class='ocrx_word' id='word_1_103' title='bbox 789 1581 978 1646; x_wconf 85' lang='lat' dir='ltr'><strong>Praelatione</strong></span> <span class='ocrx_word' id='word_1_104' title='bbox 1007 1599 1163 1645; x_wconf 90' lang='lat' dir='ltr'><strong>commune</strong></span> <span class='ocrx_word' id='word_1_105' title='bbox 1184 1581 1256 1644; x_wconf 91' lang='lat' dir='ltr'><strong>nibil</strong></span> <span class='ocrx_word' id='word_1_106' title='bbox 1278 1581 1398 1644; x_wconf 90' lang='lat' dir='ltr'><strong>babent.</strong></span> <span class='ocrx_word' id='word_1_107' title='bbox 1441 1583 1489 1645; x_wconf 85' lang='lat' dir='ltr'><strong>Ex</strong></span> <span class='ocrx_word' id='word_1_108' title='bbox 1510 1583 1568 1646; x_wconf 89' lang='lat' dir='ltr'><strong>hac</strong></span> <span class='ocrx_word' id='word_1_109' title='bbox 1590 1583 1653 1665; x_wconf 89' lang='lat' dir='ltr'><strong>igi-</strong></span> 
     </span>
    </p>

    <p class='ocr_par' dir='ltr' id='par_1_8' title="bbox 285 1681 1653 1766">
     <span class='ocr_line' id='line_1_11' title="bbox 285 1681 1653 1766; baseline 0.001 -23"><span class='ocrx_word' id='word_1_110' title='bbox 285 1688 337 1744; x_wconf 88' lang='lat' dir='ltr'><strong>tur</strong></span> <span class='ocrx_word' id='word_1_111' title='bbox 371 1682 596 1762; x_wconf 78' lang='lat' dir='ltr'><strong>comparatione</strong></span> <span class='ocrx_word' id='word_1_112' title='bbox 631 1683 704 1745; x_wconf 90' lang='lat' dir='ltr'><strong>satis</strong></span> <span class='ocrx_word' id='word_1_113' title='bbox 733 1681 862 1766; x_wconf 85' lang='lat' dir='ltr'><strong>intelligi</strong></span> <span class='ocrx_word' id='word_1_114' title='bbox 896 1690 998 1764; x_wconf 90' lang='lat' dir='ltr'><strong>potest</strong></span> <span class='ocrx_word' id='word_1_115' title='bbox 1028 1682 1148 1744; x_wconf 78' lang='lat' dir='ltr'><strong>innoxia</strong></span> <span class='ocrx_word' id='word_1_116' title='bbox 1182 1682 1351 1745; x_wconf 88' lang='lat' dir='ltr'><strong>orationum</strong></span> <span class='ocrx_word' id='word_1_117' title='bbox 1380 1681 1538 1746; x_wconf 89' lang='lat' dir='ltr'><strong>diversitas</strong></span> <span class='ocrx_word' id='word_1_118' title='bbox 1573 1683 1653 1745; x_wconf 86' lang='lat' dir='ltr'><strong>inter</strong></span> 
     </span>
    </p>

    <p class='ocr_par' dir='ltr' id='par_1_9' title="bbox 288 1779 1651 1864">
     <span class='ocr_line' id='line_1_12' title="bbox 288 1779 1651 1864; baseline 0 -20"><span class='ocrx_word' id='word_1_119' title='bbox 288 1779 459 1844; x_wconf 80' lang='lat' dir='ltr'><strong>orientales</strong></span> <span class='ocrx_word' id='word_1_120' title='bbox 482 1788 513 1843; x_wconf 90' lang='lat' dir='ltr'><strong>et</strong></span> <span class='ocrx_word' id='word_1_121' title='bbox 534 1779 758 1844; x_wconf 88' lang='lat' dir='ltr'><strong>Occidentales:</strong></span> <span class='ocrx_word' id='word_1_122' title='bbox 788 1790 821 1844; x_wconf 93' lang='lat' dir='ltr'><strong>ut</strong></span> <span class='ocrx_word' id='word_1_123' title='bbox 850 1783 938 1845; x_wconf 88' lang='lat' dir='ltr'><strong>etiam</strong></span> <span class='ocrx_word' id='word_1_124' title='bbox 960 1783 1040 1844; x_wconf 90' lang='lat' dir='ltr'><strong>inter</strong></span> <span class='ocrx_word' id='word_1_125' title='bbox 1062 1779 1194 1844; x_wconf 87' lang='lat' dir='ltr'><strong>Graecas</strong></span> <span class='ocrx_word' id='word_1_126' title='bbox 1223 1789 1254 1843; x_wconf 91' lang='lat' dir='ltr'><strong>et</strong></span> <span class='ocrx_word' id='word_1_127' title='bbox 1282 1782 1360 1845; x_wconf 87' lang='lat' dir='ltr'><strong>inter</strong></span> <span class='ocrx_word' id='word_1_128' title='bbox 1385 1782 1486 1844; x_wconf 89' lang='lat' dir='ltr'><strong>varias</strong></span> <span class='ocrx_word' id='word_1_129' title='bbox 1516 1781 1651 1864; x_wconf 88' lang='lat' dir='ltr'><strong>ejusdem</strong></span> 
     </span>
    </p>

    <p class='ocr_par' dir='ltr' id='par_1_10' title="bbox 287 1877 1652 1964">
     <span class='ocr_line' id='line_1_13' title="bbox 287 1877 1652 1964; baseline 0.001 -22"><span class='ocrx_word' id='word_1_130' title='bbox 287 1882 362 1943; x_wconf 89' lang='lat' dir='ltr'><strong>ritus</strong></span> <span class='ocrx_word' id='word_1_131' title='bbox 385 1886 417 1941; x_wconf 89' lang='lat' dir='ltr'><strong>et</strong></span> <span class='ocrx_word' id='word_1_132' title='bbox 437 1877 603 1956; x_wconf 83' lang='lat' dir='ltr'><strong>Ecclesiae,</strong></span> <span class='ocrx_word' id='word_1_133' title='bbox 626 1898 725 1961; x_wconf 87' lang='lat' dir='ltr'><strong>neque</strong></span> <span class='ocrx_word' id='word_1_134' title='bbox 746 1881 898 1960; x_wconf 89' lang='lat' dir='ltr'><strong>novitatis,</strong></span> <span class='ocrx_word' id='word_1_135' title='bbox 921 1899 1022 1964; x_wconf 87' lang='lat' dir='ltr'><strong>neque</strong></span> <span class='ocrx_word' id='word_1_136' title='bbox 1052 1880 1269 1963; x_wconf 89' lang='lat' dir='ltr'><strong>suppositionis</strong></span> <span class='ocrx_word' id='word_1_137' title='bbox 1298 1879 1372 1942; x_wconf 90' lang='lat' dir='ltr'><strong>dare</strong></span> <span class='ocrx_word' id='word_1_138' title='bbox 1400 1880 1553 1946; x_wconf 90' lang='lat' dir='ltr'><strong>indicium:</strong></span> <span class='ocrx_word' id='word_1_139' title='bbox 1584 1899 1652 1944; x_wconf 88' lang='lat' dir='ltr'><strong>curn</strong></span> 
     </span>
    </p>

    <p class='ocr_par' dir='ltr' id='par_1_11' title="bbox 289 1977 1651 2061">
     <span class='ocr_line' id='line_1_14' title="bbox 289 1977 1651 2061; baseline -0.001 -18"><span class='ocrx_word' id='word_1_140' title='bbox 289 1983 318 2044; x_wconf 91' lang='lat' dir='ltr'><strong>in</strong></span> <span class='ocrx_word' id='word_1_141' title='bbox 340 1981 406 2061; x_wconf 90' lang='lat' dir='ltr'><strong>ipsa</strong></span> <span class='ocrx_word' id='word_1_142' title='bbox 429 1977 533 2042; x_wconf 86' lang='lat' dir='ltr'><strong>Latina</strong></span> <span class='ocrx_word' id='word_1_143' title='bbox 561 1980 687 2061; x_wconf 86' lang='lat' dir='ltr'><strong>insignis</strong></span> <span class='ocrx_word' id='word_1_144' title='bbox 716 1979 833 2042; x_wconf 89' lang='lat' dir='ltr'><strong>illarum</strong></span> <span class='ocrx_word' id='word_1_145' title='bbox 868 1980 1045 2058; x_wconf 88' lang='lat' dir='ltr'><strong>diversitas,</strong></span> <span class='ocrx_word' id='word_1_146' title='bbox 1076 1980 1185 2042; x_wconf 89' lang='lat' dir='ltr'><strong>nullam</strong></span> <span class='ocrx_word' id='word_1_147' title='bbox 1215 1978 1373 2060; x_wconf 78' lang='lat' dir='ltr'><strong>aliquunde</strong></span> <span class='ocrx_word' id='word_1_148' title='bbox 1404 1979 1454 2042; x_wconf 87' lang='lat' dir='ltr'><strong>vel</strong></span> <span class='ocrx_word' id='word_1_149' title='bbox 1481 1979 1651 2044; x_wconf 87' lang='lat' dir='ltr'><strong>levissimae</strong></span> 
     </span>
    </p>

    <p class='ocr_par' dir='ltr' id='par_1_12' title="bbox 287 2078 835 2160">
     <span class='ocr_line' id='line_1_15' title="bbox 287 2078 835 2160; baseline 0.005 -20"><span class='ocrx_word' id='word_1_150' title='bbox 287 2078 488 2142; x_wconf 91' lang='lat' dir='ltr'><strong>contentionis</strong></span> <span class='ocrx_word' id='word_1_151' title='bbox 511 2095 631 2140; x_wconf 87' lang='lat' dir='ltr'><strong>causam</strong></span> <span class='ocrx_word' id='word_1_152' title='bbox 653 2080 835 2160; x_wconf 89' lang='lat' dir='ltr'><strong>praebuerit.</strong></span> 
     </span>
    </p>

    <p class='ocr_par' dir='ltr' id='par_1_13' title="bbox 283 2175 1975 3452">
     <span class='ocr_line' id='line_1_16' title="bbox 374 2175 1975 2262; baseline -0.001 -22"><span class='ocrx_word' id='word_1_153' title='bbox 374 2177 412 2240; x_wconf 91' lang='lat' dir='ltr'><strong>Ut</strong></span> <span class='ocrx_word' id='word_1_154' title='bbox 440 2183 537 2238; x_wconf 91' lang='lat' dir='ltr'><strong>autem</strong></span> <span class='ocrx_word' id='word_1_155' title='bbox 565 2177 765 2262; x_wconf 84' lang='lat' dir='ltr'><strong>conjungatur</strong></span> <span class='ocrx_word' id='word_1_156' title='bbox 798 2180 895 2242; x_wconf 91' lang='lat' dir='ltr'><strong>oratio</strong></span> <span class='ocrx_word' id='word_1_157' title='bbox 925 2197 990 2242; x_wconf 91' lang='lat' dir='ltr'><strong>cum</strong></span> <span class='ocrx_word' id='word_1_158' title='bbox 1020 2179 1131 2260; x_wconf 89' lang='lat' dir='ltr'><strong>hymno</strong></span> <span class='ocrx_word' id='word_1_159' title='bbox 1160 2177 1343 2259; x_wconf 87' lang='lat' dir='ltr'><strong>triumphali,</strong></span> <span class='ocrx_word' id='word_1_160' title='bbox 1378 2195 1466 2259; x_wconf 85' lang='lat' dir='ltr'><strong>quem</strong></span> <span class='ocrx_word' id='word_1_161' title='bbox 1495 2175 1651 2256; x_wconf 88' lang='lat' dir='ltr'><strong>Seraphim</strong></span> <span class='ocrx_word' id='word_1_162' title='bbox 1680 2199 1883 2255; x_wconf 65' lang='lat' dir='ltr'><strong>1,p„,f,g„„</strong></span> <span class='ocrx_word' id='word_1_163' title='bbox 1897 2203 1975 2256; x_wconf 73' lang='lat' dir='ltr'><strong>mula</strong></span> 
     </span>
     <span class='ocr_line' id='line_1_17' title="bbox 288 2275 1974 2362; baseline 0.001 -21"><span class='ocrx_word' id='word_1_164' title='bbox 288 2277 436 2341; x_wconf 88' lang='lat' dir='ltr'><strong>canebant</strong></span> <span class='ocrx_word' id='word_1_165' title='bbox 457 2276 535 2339; x_wconf 87' lang='lat' dir='ltr'><strong>alter</strong></span> <span class='ocrx_word' id='word_1_166' title='bbox 556 2277 593 2340; x_wconf 87' lang='lat' dir='ltr'><strong>ad</strong></span> <span class='ocrx_word' id='word_1_167' title='bbox 616 2277 752 2358; x_wconf 87' lang='lat' dir='ltr'><strong>alterum,</strong></span> <span class='ocrx_word' id='word_1_168' title='bbox 776 2278 814 2342; x_wconf 90' lang='lat' dir='ltr'><strong>de</strong></span> <span class='ocrx_word' id='word_1_169' title='bbox 836 2279 964 2362; x_wconf 77' lang='lat' dir='ltr'><strong>Angelis</strong></span> <span class='ocrx_word' id='word_1_170' title='bbox 987 2297 1080 2361; x_wconf 87' lang='lat' dir='ltr'><strong>saepe</strong></span> <span class='ocrx_word' id='word_1_171' title='bbox 1098 2277 1190 2341; x_wconf 88' lang='lat' dir='ltr'><strong>multa</strong></span> <span class='ocrx_word' id='word_1_172' title='bbox 1210 2276 1438 2359; x_wconf 85' lang='lat' dir='ltr'><strong>paraphrastice</strong></span> <span class='ocrx_word' id='word_1_173' title='bbox 1460 2275 1648 2359; x_wconf 82' lang='lat' dir='ltr'><strong>adjiciuntur,</strong></span> <span class='ocrx_word' id='word_1_174' title='bbox 1663 2287 1810 2340; x_wconf 75' lang='lat' dir='ltr'><strong>inseruntur</strong></span> <span class='ocrx_word' id='word_1_175' title='bbox 1832 2287 1865 2342; x_wconf 77' lang='lat' dir='ltr'><strong>de</strong></span> <span class='ocrx_word' id='word_1_176' title='bbox 1882 2287 1974 2359; x_wconf 81' lang='lat' dir='ltr'><strong>Ange-</strong></span> 
     </span>
     <span class='ocr_line' id='line_1_18' title="bbox 287 2373 1704 2459; baseline -0.003 -20"><span class='ocrx_word' id='word_1_177' title='bbox 287 2377 327 2440; x_wconf 93' lang='lat' dir='ltr'><strong>ita</strong></span> <span class='ocrx_word' id='word_1_178' title='bbox 350 2385 448 2439; x_wconf 89' lang='lat' dir='ltr'><strong>tamen</strong></span> <span class='ocrx_word' id='word_1_179' title='bbox 476 2382 509 2437; x_wconf 89' lang='lat' dir='ltr'><strong>ut</strong></span> <span class='ocrx_word' id='word_1_180' title='bbox 535 2393 553 2436; x_wconf 91' lang='lat' dir='ltr'><strong>a</strong></span> <span class='ocrx_word' id='word_1_181' title='bbox 582 2377 701 2459; x_wconf 91' lang='lat' dir='ltr'><strong>vulgari</strong></span> <span class='ocrx_word' id='word_1_182' title='bbox 728 2396 838 2442; x_wconf 88' lang='lat' dir='ltr'><strong>novem</strong></span> <span class='ocrx_word' id='word_1_183' title='bbox 867 2379 1010 2442; x_wconf 89' lang='lat' dir='ltr'><strong>Ordinurn</strong></span> <span class='ocrx_word' id='word_1_184' title='bbox 1038 2377 1181 2440; x_wconf 88' lang='lat' dir='ltr'><strong>coelestis</strong></span> <span class='ocrx_word' id='word_1_185' title='bbox 1205 2377 1376 2454; x_wconf 89' lang='lat' dir='ltr'><strong>exercitus,</strong></span> <span class='ocrx_word' id='word_1_186' title='bbox 1400 2375 1569 2458; x_wconf 78' lang='lat' dir='ltr'><strong>&#39;lbeologia</strong></span> <span class='ocrx_word' id='word_1_187' title='bbox 1590 2373 1704 2436; x_wconf 69' lang='lat' dir='ltr'><strong>nonita</strong></span> 
     </span>
     <span class='ocr_line' id='line_1_19' title="bbox 287 2473 1652 2556; baseline -0.003 -16"><span class='ocrx_word' id='word_1_188' title='bbox 287 2476 456 2540; x_wconf 87' lang='lat' dir='ltr'><strong>recedatur.</strong></span> <span class='ocrx_word' id='word_1_189' title='bbox 480 2473 561 2538; x_wconf 87' lang='lat' dir='ltr'><strong>lllam</strong></span> <span class='ocrx_word' id='word_1_190' title='bbox 584 2477 663 2539; x_wconf 92' lang='lat' dir='ltr'><strong>enim</strong></span> <span class='ocrx_word' id='word_1_191' title='bbox 684 2477 841 2540; x_wconf 76' lang='lat' dir='ltr'><strong>tacebitne</strong></span> <span class='ocrx_word' id='word_1_192' title='bbox 865 2478 1034 2541; x_wconf 91' lang='lat' dir='ltr'><strong>didicerunt</strong></span> <span class='ocrx_word' id='word_1_193' title='bbox 1056 2495 1096 2540; x_wconf 89' lang='lat' dir='ltr'><strong>ex</strong></span> <span class='ocrx_word' id='word_1_194' title='bbox 1115 2475 1262 2556; x_wconf 89' lang='lat' dir='ltr'><strong>Dionysio</strong></span> <span class='ocrx_word' id='word_1_195' title='bbox 1275 2473 1434 2556; x_wconf 83' lang='lat' dir='ltr'><strong>adscriptis</strong></span> <span class='ocrx_word' id='word_1_196' title='bbox 1456 2475 1550 2552; x_wconf 89' lang='lat' dir='ltr'><strong>libris,</strong></span> <span class='ocrx_word' id='word_1_197' title='bbox 1575 2489 1652 2554; x_wconf 87' lang='lat' dir='ltr'><strong>quos</strong></span> 
     </span>
     <span class='ocr_line' id='line_1_20' title="bbox 283 2573 1654 2659; baseline -0.002 -20"><span class='ocrx_word' id='word_1_198' title='bbox 283 2595 348 2640; x_wconf 89' lang='lat' dir='ltr'><strong>non</strong></span> <span class='ocrx_word' id='word_1_199' title='bbox 377 2573 466 2638; x_wconf 91' lang='lat' dir='ltr'><strong>modo</strong></span> <span class='ocrx_word' id='word_1_200' title='bbox 497 2573 647 2657; x_wconf 88' lang='lat' dir='ltr'><strong>legitimos</strong></span> <span class='ocrx_word' id='word_1_201' title='bbox 675 2575 874 2655; x_wconf 88' lang='lat' dir='ltr'><strong>arbitrantur,</strong></span> <span class='ocrx_word' id='word_1_202' title='bbox 904 2595 982 2659; x_wconf 87' lang='lat' dir='ltr'><strong>quae</strong></span> <span class='ocrx_word' id='word_1_203' title='bbox 1012 2578 1141 2640; x_wconf 92' lang='lat' dir='ltr'><strong>omnium</strong></span> <span class='ocrx_word' id='word_1_204' title='bbox 1164 2574 1389 2655; x_wconf 82' lang='lat' dir='ltr'><strong>Theologorum</strong></span> <span class='ocrx_word' id='word_1_205' title='bbox 1420 2583 1489 2638; x_wconf 91' lang='lat' dir='ltr'><strong>ante</strong></span> <span class='ocrx_word' id='word_1_206' title='bbox 1516 2574 1654 2656; x_wconf 86' lang='lat' dir='ltr'><strong>proxime</strong></span> 
     </span>
     <span class='ocr_line' id='line_1_21' title="bbox 288 2672 1654 2759; baseline -0.002 -20"><span class='ocrx_word' id='word_1_207' title='bbox 288 2675 422 2759; x_wconf 90' lang='lat' dir='ltr'><strong>elapsum</strong></span> <span class='ocrx_word' id='word_1_208' title='bbox 445 2672 598 2736; x_wconf 86' lang='lat' dir='ltr'><strong>saeculum</strong></span> <span class='ocrx_word' id='word_1_209' title='bbox 620 2676 782 2738; x_wconf 88' lang='lat' dir='ltr'><strong>communis</strong></span> <span class='ocrx_word' id='word_1_210' title='bbox 805 2676 907 2757; x_wconf 91' lang='lat' dir='ltr'><strong>opinio</strong></span> <span class='ocrx_word' id='word_1_211' title='bbox 929 2675 1000 2738; x_wconf 87' lang='lat' dir='ltr'><strong>luit:</strong></span> <span class='ocrx_word' id='word_1_212' title='bbox 1030 2676 1085 2738; x_wconf 91' lang='lat' dir='ltr'><strong>sed</strong></span> <span class='ocrx_word' id='word_1_213' title='bbox 1114 2675 1202 2756; x_wconf 88' lang='lat' dir='ltr'><strong>primi</strong></span> <span class='ocrx_word' id='word_1_214' title='bbox 1223 2674 1254 2735; x_wconf 88' lang='lat' dir='ltr'><strong>in</strong></span> <span class='ocrx_word' id='word_1_215' title='bbox 1276 2673 1484 2755; x_wconf 90' lang='lat' dir='ltr'><strong>Disputatione</strong></span> <span class='ocrx_word' id='word_1_216' title='bbox 1507 2675 1654 2737; x_wconf 87' lang='lat' dir='ltr'><strong>adversus</strong></span> 
     </span>
     <span class='ocr_line' id='line_1_22' title="bbox 288 2773 1655 2857; baseline 0.004 -21"><span class='ocrx_word' id='word_1_217' title='bbox 288 2773 483 2836; x_wconf 84' lang='lat' dir='ltr'><strong>Orthodoxos</strong></span> <span class='ocrx_word' id='word_1_218' title='bbox 505 2790 583 2837; x_wconf 91' lang='lat' dir='ltr'><strong>anno</strong></span> <span class='ocrx_word' id='word_1_219' title='bbox 599 2773 760 2838; x_wconf 83' lang='lat' dir='ltr'><strong>uxxxlv.</strong></span> <span class='ocrx_word' id='word_1_220' title='bbox 785 2773 1045 2857; x_wconf 86' lang='lat' dir='ltr'><strong>Constantinopoli</strong></span> <span class='ocrx_word' id='word_1_221' title='bbox 1059 2774 1169 2853; x_wconf 88' lang='lat' dir='ltr'><strong>habita,</strong></span> <span class='ocrx_word' id='word_1_222' title='bbox 1192 2774 1230 2837; x_wconf 90' lang='lat' dir='ltr'><strong>ad</strong></span> <span class='ocrx_word' id='word_1_223' title='bbox 1243 2775 1443 2837; x_wconf 89' lang='lat' dir='ltr'><strong>testimonium</strong></span> <span class='ocrx_word' id='word_1_224' title='bbox 1453 2774 1655 2855; x_wconf 88' lang='lat' dir='ltr'><strong>protulerunt.</strong></span> 
     </span>
     <span class='ocr_line' id='line_1_23' title="bbox 287 2871 1656 2958; baseline -0.001 -22"><span class='ocrx_word' id='word_1_225' title='bbox 287 2873 352 2936; x_wconf 88' lang='lat' dir='ltr'><strong>lam</strong></span> <span class='ocrx_word' id='word_1_226' title='bbox 376 2871 485 2936; x_wconf 92' lang='lat' dir='ltr'><strong>dudum</strong></span> <span class='ocrx_word' id='word_1_227' title='bbox 507 2888 600 2953; x_wconf 87' lang='lat' dir='ltr'><strong>porro</strong></span> <span class='ocrx_word' id='word_1_228' title='bbox 623 2873 661 2936; x_wconf 89' lang='lat' dir='ltr'><strong>de</strong></span> <span class='ocrx_word' id='word_1_229' title='bbox 682 2873 740 2938; x_wconf 91' lang='lat' dir='ltr'><strong>illis</strong></span> <span class='ocrx_word' id='word_1_230' title='bbox 763 2876 954 2940; x_wconf 89' lang='lat' dir='ltr'><strong>consentiunt</strong></span> <span class='ocrx_word' id='word_1_231' title='bbox 976 2875 1094 2954; x_wconf 84' lang='lat' dir='ltr'><strong>Graeci,</strong></span> <span class='ocrx_word' id='word_1_232' title='bbox 1118 2875 1257 2958; x_wconf 82' lang='lat' dir='ltr'><strong>syrique,</strong></span> <span class='ocrx_word' id='word_1_233' title='bbox 1282 2872 1461 2954; x_wconf 87' lang='lat' dir='ltr'><strong>Orthodoxi,</strong></span> <span class='ocrx_word' id='word_1_234' title='bbox 1482 2873 1656 2937; x_wconf 88' lang='lat' dir='ltr'><strong>Nestoriani</strong></span> 
     </span>
     <span class='ocr_line' id='line_1_24' title="bbox 289 2972 1655 3058; baseline 0 -22"><span class='ocrx_word' id='word_1_235' title='bbox 289 2972 497 3036; x_wconf 86' lang='lat' dir='ltr'><strong>etlacobitae.</strong></span> <span class='ocrx_word' id='word_1_236' title='bbox 521 2972 629 3036; x_wconf 89' lang='lat' dir='ltr'><strong>lnaliis</strong></span> <span class='ocrx_word' id='word_1_237' title='bbox 651 2981 749 3037; x_wconf 82' lang='lat' dir='ltr'><strong>temen</strong></span> <span class='ocrx_word' id='word_1_238' title='bbox 772 2973 848 3038; x_wconf 90' lang='lat' dir='ltr'><strong>locis</strong></span> <span class='ocrx_word' id='word_1_239' title='bbox 870 2975 1029 3058; x_wconf 86' lang='lat' dir='ltr'><strong>aliquando</strong></span> <span class='ocrx_word' id='word_1_240' title='bbox 1047 2976 1208 3057; x_wconf 89' lang='lat' dir='ltr'><strong>loquuntur</strong></span> <span class='ocrx_word' id='word_1_241' title='bbox 1227 2973 1327 3051; x_wconf 88' lang='lat' dir='ltr'><strong>aliter,</strong></span> <span class='ocrx_word' id='word_1_242' title='bbox 1350 2979 1381 3037; x_wconf 91' lang='lat' dir='ltr'><strong>et</strong></span> <span class='ocrx_word' id='word_1_243' title='bbox 1399 2975 1510 3056; x_wconf 90' lang='lat' dir='ltr'><strong>passim</strong></span> <span class='ocrx_word' id='word_1_244' title='bbox 1531 2973 1655 3055; x_wconf 77' lang='lat' dir='ltr'><strong>Vipibam</strong></span> 
     </span>
     <span class='ocr_line' id='line_1_25' title="bbox 289 3070 1654 3154; baseline 0 -20"><span class='ocrx_word' id='word_1_245' title='bbox 289 3070 487 3154; x_wconf 81' lang='lat' dir='ltr'><strong>Angelorum,</strong></span> <span class='ocrx_word' id='word_1_246' title='bbox 510 3071 549 3134; x_wconf 91' lang='lat' dir='ltr'><strong>de</strong></span> <span class='ocrx_word' id='word_1_247' title='bbox 579 3090 704 3152; x_wconf 89' lang='lat' dir='ltr'><strong>quorum</strong></span> <span class='ocrx_word' id='word_1_248' title='bbox 734 3090 794 3137; x_wconf 90' lang='lat' dir='ltr'><strong>uno</strong></span> <span class='ocrx_word' id='word_1_249' title='bbox 823 3073 929 3139; x_wconf 89' lang='lat' dir='ltr'><strong>Daniel</strong></span> <span class='ocrx_word' id='word_1_250' title='bbox 952 3076 1070 3139; x_wconf 89' lang='lat' dir='ltr'><strong>locutus</strong></span> <span class='ocrx_word' id='word_1_251' title='bbox 1094 3083 1156 3153; x_wconf 88' lang='lat' dir='ltr'><strong>est,</strong></span> <span class='ocrx_word' id='word_1_252' title='bbox 1184 3073 1320 3138; x_wconf 87' lang='lat' dir='ltr'><strong>ordinem</strong></span> <span class='ocrx_word' id='word_1_253' title='bbox 1342 3080 1484 3137; x_wconf 80' lang='lat' dir='ltr'><strong>statuunt.</strong></span> <span class='ocrx_word' id='word_1_254' title='bbox 1527 3071 1573 3136; x_wconf 89' lang='lat' dir='ltr'><strong>De</strong></span> <span class='ocrx_word' id='word_1_255' title='bbox 1595 3071 1654 3136; x_wconf 91' lang='lat' dir='ltr'><strong>illis</strong></span> 
     </span>
     <span class='ocr_line' id='line_1_26' title="bbox 289 3170 1654 3254; baseline 0.002 -21"><span class='ocrx_word' id='word_1_256' title='bbox 289 3171 405 3235; x_wconf 91' lang='lat' dir='ltr'><strong>erudite</strong></span> <span class='ocrx_word' id='word_1_257' title='bbox 427 3170 569 3234; x_wconf 92' lang='lat' dir='ltr'><strong>nonnulla</strong></span> <span class='ocrx_word' id='word_1_258' title='bbox 591 3171 765 3235; x_wconf 86' lang='lat' dir='ltr'><strong>observavit</strong></span> <span class='ocrx_word' id='word_1_259' title='bbox 787 3174 824 3237; x_wconf 60' lang='lat' dir='ltr'><strong>V,</strong></span> <span class='ocrx_word' id='word_1_260' title='bbox 849 3174 881 3236; x_wconf 90' lang='lat' dir='ltr'><strong>C.</strong></span> <span class='ocrx_word' id='word_1_261' title='bbox 905 3175 1037 3238; x_wconf 87' lang='lat' dir='ltr'><strong>loannes</strong></span> <span class='ocrx_word' id='word_1_262' title='bbox 1059 3173 1193 3237; x_wconf 90' lang='lat' dir='ltr'><strong>llorinus</strong></span> <span class='ocrx_word' id='word_1_263' title='bbox 1215 3175 1295 3236; x_wconf 88' lang='lat' dir='ltr'><strong>notis</strong></span> <span class='ocrx_word' id='word_1_264' title='bbox 1317 3175 1348 3236; x_wconf 91' lang='lat' dir='ltr'><strong>in</strong></span> <span class='ocrx_word' id='word_1_265' title='bbox 1363 3172 1574 3237; x_wconf 88' lang='lat' dir='ltr'><strong>Ordinationes</strong></span> <span class='ocrx_word' id='word_1_266' title='bbox 1592 3173 1654 3254; x_wconf 79' lang='lat' dir='ltr'><strong>Sy-</strong></span> 
     </span>
     <span class='ocr_line' id='line_1_27' title="bbox 288 3269 1654 3357; baseline 0.001 -25"><span class='ocrx_word' id='word_1_267' title='bbox 288 3289 406 3348; x_wconf 88' lang='lat' dir='ltr'><strong>rorum,</strong></span> <span class='ocrx_word' id='word_1_268' title='bbox 429 3277 460 3334; x_wconf 89' lang='lat' dir='ltr'><strong>ot</strong></span> <span class='ocrx_word' id='word_1_269' title='bbox 481 3289 537 3335; x_wconf 89' lang='lat' dir='ltr'><strong>nos</strong></span> <span class='ocrx_word' id='word_1_270' title='bbox 560 3269 617 3335; x_wconf 88' lang='lat' dir='ltr'><strong>alia</strong></span> <span class='ocrx_word' id='word_1_271' title='bbox 640 3271 784 3352; x_wconf 88' lang='lat' dir='ltr'><strong>quaedam</strong></span> <span class='ocrx_word' id='word_1_272' title='bbox 807 3272 845 3335; x_wconf 91' lang='lat' dir='ltr'><strong>de</strong></span> <span class='ocrx_word' id='word_1_273' title='bbox 872 3273 1016 3355; x_wconf 80' lang='lat' dir='ltr'><strong>Angelis,</strong></span> <span class='ocrx_word' id='word_1_274' title='bbox 1047 3273 1265 3336; x_wconf 84' lang='lat' dir='ltr'><strong>Commentario</strong></span> <span class='ocrx_word' id='word_1_275' title='bbox 1296 3272 1333 3334; x_wconf 88' lang='lat' dir='ltr'><strong>ad</strong></span> <span class='ocrx_word' id='word_1_276' title='bbox 1361 3272 1526 3357; x_wconf 87' lang='lat' dir='ltr'><strong>Liturgiam</strong></span> <span class='ocrx_word' id='word_1_277' title='bbox 1552 3271 1654 3335; x_wconf 86' lang='lat' dir='ltr'><strong>Basilii</strong></span> 
     </span>
     <span class='ocr_line' id='line_1_28' title="bbox 288 3367 453 3452; baseline 0.018 -20"><span class='ocrx_word' id='word_1_278' title='bbox 288 3367 453 3452; x_wconf 84' lang='lat' dir='ltr'><strong>Copticam.</strong></span> 
     </span>
    </p>
   </div>
   <div class='ocr_carea' id='block_1_3' title="bbox 701 3633 1890 3726">
    <p class='ocr_par' dir='ltr' id='par_1_14' title="bbox 701 3633 1890 3726">
     <span class='ocr_line' id='line_1_29' title="bbox 701 3633 1890 3726; baseline -0.004 -22"><span class='ocrx_word' id='word_1_279' title='bbox 701 3633 778 3704; x_wconf 86' lang='lat' dir='ltr'><strong>Hoc</strong></span> <span class='ocrx_word' id='word_1_280' title='bbox 804 3639 856 3706; x_wconf 86' lang='lat' dir='ltr'><strong>est</strong></span> <span class='ocrx_word' id='word_1_281' title='bbox 882 3655 1006 3726; x_wconf 78' lang='lat' dir='ltr'><strong>eorpus</strong></span> <span class='ocrx_word' id='word_1_282' title='bbox 1030 3653 1145 3719; x_wconf 75' lang='lat' dir='ltr'><strong>mune,</strong></span> <span class='ocrx_word' id='word_1_283' title='bbox 1174 3637 1239 3702; x_wconf 86' lang='lat' dir='ltr'><strong>etc.</strong></span> <span class='ocrx_word' id='word_1_284' title='bbox 1700 3649 1730 3702; x_wconf 85' lang='lat' dir='ltr'><strong>r.</strong></span> <span class='ocrx_word' id='word_1_285' title='bbox 1748 3648 1792 3702; x_wconf 83' lang='lat'><strong>31.</strong></span> <span class='ocrx_word' id='word_1_286' title='bbox 1810 3648 1828 3700; x_wconf 85' lang='lat'><strong>1.</strong></span> <span class='ocrx_word' id='word_1_287' title='bbox 1846 3647 1890 3700; x_wconf 75' lang='lat' dir='ltr'><strong>aa.</strong></span> 
     </span>
    </p>
   </div>
   <div class='ocr_carea' id='block_1_4' title="bbox 284 3842 1973 4144">
    <p class='ocr_par' dir='ltr' id='par_1_15' title="bbox 284 3842 1973 4144">
     <span class='ocr_line' id='line_1_30' title="bbox 285 3842 1973 3938; baseline -0.005 -20"><span class='ocrx_word' id='word_1_288' title='bbox 285 3893 291 3906; x_wconf 87' lang='lat'><strong>·</strong></span> <span class='ocrx_word' id='word_1_289' title='bbox 386 3842 479 3936; x_wconf 80' lang='lat' dir='ltr'><strong>Quas</strong></span> <span class='ocrx_word' id='word_1_290' title='bbox 509 3862 744 3934; x_wconf 87' lang='lat' dir='ltr'><strong>praecesserunt</strong></span> <span class='ocrx_word' id='word_1_291' title='bbox 766 3853 965 3934; x_wconf 85' lang='lat' dir='ltr'><strong>explicatione</strong></span> <span class='ocrx_word' id='word_1_292' title='bbox 987 3852 1222 3935; x_wconf 88' lang='lat' dir='ltr'><strong>nonindigent,</strong></span> <span class='ocrx_word' id='word_1_293' title='bbox 1251 3868 1317 3913; x_wconf 89' lang='lat' dir='ltr'><strong>eum</strong></span> <span class='ocrx_word' id='word_1_294' title='bbox 1344 3852 1455 3931; x_wconf 77' lang='lat' dir='ltr'><strong>hymno</strong></span> <span class='ocrx_word' id='word_1_295' title='bbox 1483 3850 1653 3931; x_wconf 86' lang='lat' dir='ltr'><strong>triumphali</strong></span> <span class='ocrx_word' id='word_1_296' title='bbox 1692 3867 1765 3922; x_wconf 62' lang='lat' dir='ltr'><strong>meu.</strong></span> <span class='ocrx_word' id='word_1_297' title='bbox 1778 3871 1973 3938; x_wconf 56' lang='lat' dir='ltr'><strong>mmmm.</strong></span> 
     </span>
     <span class='ocr_line' id='line_1_31' title="bbox 288 3953 1973 4038; baseline -0.004 -18"><span class='ocrx_word' id='word_1_298' title='bbox 288 3975 377 4038; x_wconf 84' lang='lat' dir='ltr'><strong>quem</strong></span> <span class='ocrx_word' id='word_1_299' title='bbox 399 3957 528 4037; x_wconf 88' lang='lat' dir='ltr'><strong>populus</strong></span> <span class='ocrx_word' id='word_1_300' title='bbox 551 3959 647 4032; x_wconf 88' lang='lat' dir='ltr'><strong>canit,</strong></span> <span class='ocrx_word' id='word_1_301' title='bbox 670 3957 767 4034; x_wconf 89' lang='lat' dir='ltr'><strong>dicto,</strong></span> <span class='ocrx_word' id='word_1_302' title='bbox 791 3955 940 4020; x_wconf 88' lang='lat' dir='ltr'><strong>Sacerdos</strong></span> <span class='ocrx_word' id='word_1_303' title='bbox 962 3965 1099 4034; x_wconf 87' lang='lat' dir='ltr'><strong>secreto,</strong></span> <span class='ocrx_word' id='word_1_304' title='bbox 1123 3959 1248 4038; x_wconf 87' lang='lat' dir='ltr'><strong>primam</strong></span> <span class='ocrx_word' id='word_1_305' title='bbox 1270 3955 1436 4018; x_wconf 89' lang='lat' dir='ltr'><strong>orationem</strong></span> <span class='ocrx_word' id='word_1_306' title='bbox 1458 3955 1650 4035; x_wconf 86' lang='lat' dir='ltr'><strong>pronunciet:</strong></span> <span class='ocrx_word' id='word_1_307' title='bbox 1664 3956 1704 4008; x_wconf 81' lang='lat' dir='ltr'><strong>nu</strong></span> <span class='ocrx_word' id='word_1_308' title='bbox 1723 3955 1861 4009; x_wconf 79' lang='lat' dir='ltr'><strong>verborum</strong></span> <span class='ocrx_word' id='word_1_309' title='bbox 1879 3953 1973 4010; x_wconf 82' lang='lat' dir='ltr'><strong>Christi</strong></span> 
     </span>
     <span class='ocr_line' id='line_1_32' title="bbox 284 4040 1924 4144; baseline -0.002 -26"><span class='ocrx_word' id='word_1_310' title='bbox 284 4063 348 4119; x_wconf 90' lang='lat' dir='ltr'><strong>tum</strong></span> <span class='ocrx_word' id='word_1_311' title='bbox 371 4057 512 4130; x_wconf 86' lang='lat' dir='ltr'><strong>alteram,</strong></span> <span class='ocrx_word' id='word_1_312' title='bbox 534 4057 565 4119; x_wconf 89' lang='lat' dir='ltr'><strong>in</strong></span> <span class='ocrx_word' id='word_1_313' title='bbox 587 4074 645 4137; x_wconf 88' lang='lat' dir='ltr'><strong>qua</strong></span> <span class='ocrx_word' id='word_1_314' title='bbox 668 4065 879 4119; x_wconf 86' lang='lat' dir='ltr'><strong>commemorat</strong></span> <span class='ocrx_word' id='word_1_315' title='bbox 901 4054 1012 4120; x_wconf 88' lang='lat' dir='ltr'><strong>Christi</strong></span> <span class='ocrx_word' id='word_1_316' title='bbox 1036 4056 1181 4120; x_wconf 85' lang='lat' dir='ltr'><strong>beneficia</strong></span> <span class='ocrx_word' id='word_1_317' title='bbox 1204 4063 1235 4118; x_wconf 89' lang='lat' dir='ltr'><strong>et</strong></span> <span class='ocrx_word' id='word_1_318' title='bbox 1256 4054 1416 4118; x_wconf 89' lang='lat' dir='ltr'><strong>salutarem</strong></span> <span class='ocrx_word' id='word_1_319' title='bbox 1438 4055 1504 4134; x_wconf 87' lang='lat' dir='ltr'><strong>ejus</strong></span> <span class='ocrx_word' id='word_1_320' title='bbox 1526 4053 1652 4135; x_wconf 91' lang='lat' dir='ltr'><strong>dispcn-</strong></span> <span class='ocrx_word' id='word_1_321' title='bbox 1665 4040 1895 4094; x_wconf 80' lang='lat' dir='ltr'><strong>Sacramenuiium.</strong></span> <span class='ocrx_word' id='word_1_322' title='bbox 1922 4140 1924 4144; x_wconf 85' lang='lat'>.</span> 
     </span>
    </p>
   </div>
   <div class='ocr_carea' id='block_1_5' title="bbox 153 4153 1653 4336">
    <p class='ocr_par' dir='ltr' id='par_1_16' title="bbox 153 4153 1653 4336">
     <span class='ocr_line' id='line_1_33' title="bbox 153 4153 1653 4237; baseline -0.001 -19"><span class='ocrx_word' id='word_1_323' title='bbox 153 4225 157 4232; x_wconf 57' lang='grc'><strong>,</strong></span> <span class='ocrx_word' id='word_1_324' title='bbox 288 4156 451 4236; x_wconf 90' lang='lat' dir='ltr'><strong>sationem,</strong></span> <span class='ocrx_word' id='word_1_325' title='bbox 478 4154 656 4237; x_wconf 88' lang='lat' dir='ltr'><strong>tnndemque</strong></span> <span class='ocrx_word' id='word_1_326' title='bbox 683 4156 735 4219; x_wconf 93' lang='lat' dir='ltr'><strong>ubi</strong></span> <span class='ocrx_word' id='word_1_327' title='bbox 756 4155 894 4236; x_wconf 90' lang='lat' dir='ltr'><strong>pervenit</strong></span> <span class='ocrx_word' id='word_1_328' title='bbox 916 4156 953 4218; x_wconf 87' lang='lat' dir='ltr'><strong>ad</strong></span> <span class='ocrx_word' id='word_1_329' title='bbox 976 4157 1147 4218; x_wconf 89' lang='lat' dir='ltr'><strong>memoriam</strong></span> <span class='ocrx_word' id='word_1_330' title='bbox 1170 4154 1334 4218; x_wconf 84' lang='lat' dir='ltr'><strong>taciendam</strong></span> <span class='ocrx_word' id='word_1_331' title='bbox 1356 4153 1508 4216; x_wconf 90' lang='lat' dir='ltr'><strong>institutae</strong></span> <span class='ocrx_word' id='word_1_332' title='bbox 1529 4153 1653 4216; x_wconf 81' lang='lat' dir='ltr'><strong>Euche-</strong></span> 
     </span>
     <span class='ocr_line' id='line_1_34' title="bbox 168 4253 1651 4336; baseline 0.001 -21"><span class='ocrx_word' id='word_1_333' title='bbox 168 4283 174 4298; x_wconf 93' lang='lat'><strong>·</strong></span> <span class='ocrx_word' id='word_1_334' title='bbox 287 4255 406 4333; x_wconf 86' lang='lat' dir='ltr'><strong>ristiac,</strong></span> <span class='ocrx_word' id='word_1_335' title='bbox 437 4253 536 4318; x_wconf 90' lang='lat' dir='ltr'><strong>elevat</strong></span> <span class='ocrx_word' id='word_1_336' title='bbox 563 4271 684 4334; x_wconf 88' lang='lat' dir='ltr'><strong>vocem,</strong></span> <span class='ocrx_word' id='word_1_337' title='bbox 712 4256 754 4317; x_wconf 91' lang='lat' dir='ltr'><strong>ita</strong></span> <span class='ocrx_word' id='word_1_338' title='bbox 777 4262 809 4317; x_wconf 90' lang='lat' dir='ltr'><strong>ut</strong></span> <span class='ocrx_word' id='word_1_339' title='bbox 831 4255 961 4336; x_wconf 91' lang='lat' dir='ltr'><strong>populus</strong></span> <span class='ocrx_word' id='word_1_340' title='bbox 988 4256 1088 4318; x_wconf 88' lang='lat' dir='ltr'><strong>audiat</strong></span> <span class='ocrx_word' id='word_1_341' title='bbox 1109 4271 1197 4317; x_wconf 88' lang='lat' dir='ltr'><strong>sacra</strong></span> <span class='ocrx_word' id='word_1_342' title='bbox 1218 4254 1328 4332; x_wconf 89' lang='lat' dir='ltr'><strong>verba,</strong></span> <span class='ocrx_word' id='word_1_343' title='bbox 1358 4253 1466 4335; x_wconf 89' lang='lat' dir='ltr'><strong>quibus</strong></span> <span class='ocrx_word' id='word_1_344' title='bbox 1489 4253 1563 4316; x_wconf 84' lang='lat' dir='ltr'><strong>fides</strong></span> <span class='ocrx_word' id='word_1_345' title='bbox 1586 4253 1651 4335; x_wconf 88' lang='lat' dir='ltr'><strong>ejus</strong></span> 
     </span>
    </p>
   </div>
   <div class='ocr_carea' id='block_1_6' title="bbox 284 4355 1921 5131">
    <p class='ocr_par' dir='ltr' id='par_1_17' title="bbox 284 4355 1921 5131">
     <span class='ocr_line' id='line_1_35' title="bbox 284 4355 447 4416; baseline -0.006 0"><span class='ocrx_word' id='word_1_346' title='bbox 284 4355 447 4416; x_wconf 86' lang='lat' dir='ltr'><strong>excitetur.</strong></span> 
     </span>
     <span class='ocr_line' id='line_1_36' title="bbox 374 4447 1651 4534; baseline 0.001 -20"><span class='ocrx_word' id='word_1_347' title='bbox 374 4452 409 4515; x_wconf 94' lang='lat' dir='ltr'><strong>ln</strong></span> <span class='ocrx_word' id='word_1_348' title='bbox 430 4451 497 4515; x_wconf 81' lang='lat' dir='ltr'><strong>llitu</strong></span> <span class='ocrx_word' id='word_1_349' title='bbox 518 4450 725 4515; x_wconf 85' lang='lat' dir='ltr'><strong>Alexandrino</strong></span> <span class='ocrx_word' id='word_1_350' title='bbox 748 4453 967 4534; x_wconf 88' lang='lat' dir='ltr'><strong>interjiciuntur</strong></span> <span class='ocrx_word' id='word_1_351' title='bbox 988 4452 1218 4515; x_wconf 88' lang='lat' dir='ltr'><strong>acclamationes</strong></span> <span class='ocrx_word' id='word_1_352' title='bbox 1240 4458 1270 4513; x_wconf 89' lang='lat' dir='ltr'><strong>et</strong></span> <span class='ocrx_word' id='word_1_353' title='bbox 1292 4447 1498 4532; x_wconf 79' lang='lat' dir='ltr'><strong>professiones</strong></span> <span class='ocrx_word' id='word_1_354' title='bbox 1521 4449 1590 4513; x_wconf 89' lang='lat' dir='ltr'><strong>lidei</strong></span> <span class='ocrx_word' id='word_1_355' title='bbox 1612 4451 1651 4516; x_wconf 90' lang='lat' dir='ltr'><strong>de</strong></span> 
     </span>
     <span class='ocr_line' id='line_1_37' title="bbox 284 4548 1651 4634; baseline 0.001 -21"><span class='ocrx_word' id='word_1_356' title='bbox 284 4549 344 4616; x_wconf 91' lang='lat' dir='ltr'><strong>hoc</strong></span> <span class='ocrx_word' id='word_1_357' title='bbox 366 4553 524 4634; x_wconf 83' lang='lat' dir='ltr'><strong>mysterio,</strong></span> <span class='ocrx_word' id='word_1_358' title='bbox 547 4552 613 4615; x_wconf 91' lang='lat' dir='ltr'><strong>sive</strong></span> <span class='ocrx_word' id='word_1_359' title='bbox 634 4569 691 4632; x_wconf 87' lang='lat' dir='ltr'><strong>per</strong></span> <span class='ocrx_word' id='word_1_360' title='bbox 702 4550 807 4628; x_wconf 87' lang='lat' dir='ltr'><strong>Amen,</strong></span> <span class='ocrx_word' id='word_1_361' title='bbox 829 4552 895 4614; x_wconf 89' lang='lat' dir='ltr'><strong>sive</strong></span> <span class='ocrx_word' id='word_1_362' title='bbox 916 4570 973 4634; x_wconf 89' lang='lat' dir='ltr'><strong>per</strong></span> <span class='ocrx_word' id='word_1_363' title='bbox 987 4549 1459 4633; x_wconf 79' lang='lat' dir='ltr'><strong>explicatioremconfessionem,</strong></span> <span class='ocrx_word' id='word_1_364' title='bbox 1482 4548 1521 4612; x_wconf 90' lang='lat' dir='ltr'><strong>de</strong></span> <span class='ocrx_word' id='word_1_365' title='bbox 1543 4549 1651 4631; x_wconf 84' lang='lat' dir='ltr'><strong>quibus</strong></span> 
     </span>
     <span class='ocr_line' id='line_1_38' title="bbox 285 4649 1652 4731; baseline -0.001 -17"><span class='ocrx_word' id='word_1_366' title='bbox 285 4651 397 4715; x_wconf 88' lang='lat' dir='ltr'><strong>dictum</strong></span> <span class='ocrx_word' id='word_1_367' title='bbox 420 4656 467 4714; x_wconf 89' lang='lat' dir='ltr'><strong>esi</strong></span> <span class='ocrx_word' id='word_1_368' title='bbox 494 4653 525 4714; x_wconf 89' lang='lat' dir='ltr'><strong>in</strong></span> <span class='ocrx_word' id='word_1_369' title='bbox 547 4653 626 4716; x_wconf 87' lang='lat' dir='ltr'><strong>notis</strong></span> <span class='ocrx_word' id='word_1_370' title='bbox 650 4649 686 4714; x_wconf 91' lang='lat' dir='ltr'><strong>ad</strong></span> <span class='ocrx_word' id='word_1_371' title='bbox 710 4649 792 4712; x_wconf 93' lang='lat' dir='ltr'><strong>illum</strong></span> <span class='ocrx_word' id='word_1_372' title='bbox 814 4651 923 4715; x_wconf 90' lang='lat' dir='ltr'><strong>locum.</strong></span> <span class='ocrx_word' id='word_1_373' title='bbox 960 4649 993 4712; x_wconf 92' lang='lat' dir='ltr'><strong>ln</strong></span> <span class='ocrx_word' id='word_1_374' title='bbox 1015 4651 1144 4728; x_wconf 91' lang='lat' dir='ltr'><strong>Graeco,</strong></span> <span class='ocrx_word' id='word_1_375' title='bbox 1166 4649 1343 4731; x_wconf 90' lang='lat' dir='ltr'><strong>pracsertim</strong></span> <span class='ocrx_word' id='word_1_376' title='bbox 1359 4649 1532 4725; x_wconf 87' lang='lat' dir='ltr'><strong>recentiori,</strong></span> <span class='ocrx_word' id='word_1_377' title='bbox 1554 4649 1652 4731; x_wconf 87' lang='lat' dir='ltr'><strong>qualis</strong></span> 
     </span>
     <span class='ocr_line' id='line_1_39' title="bbox 288 4748 1722 4835; baseline 0.003 -23"><span class='ocrx_word' id='word_1_378' title='bbox 288 4753 373 4835; x_wconf 86' lang='lat' dir='ltr'><strong>viget</strong></span> <span class='ocrx_word' id='word_1_379' title='bbox 395 4751 433 4814; x_wconf 97' lang='lat' dir='ltr'><strong>ab</strong></span> <span class='ocrx_word' id='word_1_380' title='bbox 456 4751 542 4814; x_wconf 89' lang='lat' dir='ltr'><strong>annis</strong></span> <span class='ocrx_word' id='word_1_381' title='bbox 564 4752 722 4833; x_wconf 77' lang='lat' dir='ltr'><strong>plusquam</strong></span> <span class='ocrx_word' id='word_1_382' title='bbox 743 4750 911 4813; x_wconf 88' lang='lat' dir='ltr'><strong>sexcentis:</strong></span> <span class='ocrx_word' id='word_1_383' title='bbox 935 4752 1140 4814; x_wconf 89' lang='lat' dir='ltr'><strong>caeremoniae</strong></span> <span class='ocrx_word' id='word_1_384' title='bbox 1163 4749 1275 4830; x_wconf 86' lang='lat' dir='ltr'><strong>aliquot</strong></span> <span class='ocrx_word' id='word_1_385' title='bbox 1296 4748 1486 4830; x_wconf 86' lang='lat' dir='ltr'><strong>adjiciuntur,</strong></span> <span class='ocrx_word' id='word_1_386' title='bbox 1509 4749 1652 4829; x_wconf 90' lang='lat' dir='ltr'><strong>pietatem</strong></span> <span class='ocrx_word' id='word_1_387' title='bbox 1720 4810 1722 4816; x_wconf 85' lang='lat'><em>.</em></span> 
     </span>
     <span class='ocr_line' id='line_1_40' title="bbox 284 4839 1652 4933; baseline -0.001 -20"><span class='ocrx_word' id='word_1_388' title='bbox 284 4869 361 4914; x_wconf 85' lang='lat' dir='ltr'><strong>sane</strong></span> <span class='ocrx_word' id='word_1_389' title='bbox 386 4857 416 4913; x_wconf 89' lang='lat' dir='ltr'><strong>et</strong></span> <span class='ocrx_word' id='word_1_390' title='bbox 439 4848 528 4913; x_wconf 90' lang='lat' dir='ltr'><strong>iidem</strong></span> <span class='ocrx_word' id='word_1_391' title='bbox 551 4850 589 4914; x_wconf 92' lang='lat' dir='ltr'><strong>dc</strong></span> <span class='ocrx_word' id='word_1_392' title='bbox 610 4851 740 4912; x_wconf 88' lang='lat' dir='ltr'><strong>veritate</strong></span> <span class='ocrx_word' id='word_1_393' title='bbox 760 4850 900 4930; x_wconf 89' lang='lat' dir='ltr'><strong>corporis</strong></span> <span class='ocrx_word' id='word_1_394' title='bbox 923 4839 954 4912; x_wconf 83' lang='lat' dir='ltr'><strong>et</strong></span> <span class='ocrx_word' id='word_1_395' title='bbox 976 4851 1129 4933; x_wconf 86' lang='lat' dir='ltr'><strong>sanguinis</strong></span> <span class='ocrx_word' id='word_1_396' title='bbox 1152 4847 1314 4910; x_wconf 79' lang='lat' dir='ltr'><strong>christiin</strong></span> <span class='ocrx_word' id='word_1_397' title='bbox 1337 4847 1529 4912; x_wconf 87' lang='lat' dir='ltr'><strong>Sacramento</strong></span> <span class='ocrx_word' id='word_1_398' title='bbox 1552 4849 1652 4931; x_wconf 88' lang='lat' dir='ltr'><strong>signi-</strong></span> 
     </span>
     <span class='ocr_line' id='line_1_41' title="bbox 286 4946 1650 5030; baseline -0.001 -17"><span class='ocrx_word' id='word_1_399' title='bbox 286 4950 423 5026; x_wconf 81' lang='lat' dir='ltr'><strong>ficantes,</strong></span> <span class='ocrx_word' id='word_1_400' title='bbox 445 4951 501 5014; x_wconf 90' lang='lat' dir='ltr'><strong>sed</strong></span> <span class='ocrx_word' id='word_1_401' title='bbox 519 4968 597 5030; x_wconf 87' lang='lat' dir='ltr'><strong>quae</strong></span> <span class='ocrx_word' id='word_1_402' title='bbox 613 4949 773 5030; x_wconf 77' lang='lat' dir='ltr'><strong>anhquitus</strong></span> <span class='ocrx_word' id='word_1_403' title='bbox 788 4947 968 5012; x_wconf 81' lang='lat' dir='ltr'><strong>observatae</strong></span> <span class='ocrx_word' id='word_1_404' title='bbox 983 4949 1076 5014; x_wconf 86' lang='lat' dir='ltr'><strong>luisse</strong></span> <span class='ocrx_word' id='word_1_405' title='bbox 1087 4966 1148 5011; x_wconf 91' lang='lat' dir='ltr'><strong>non</strong></span> <span class='ocrx_word' id='word_1_406' title='bbox 1159 4946 1316 5011; x_wconf 89' lang='lat' dir='ltr'><strong>videntur:</strong></span> <span class='ocrx_word' id='word_1_407' title='bbox 1339 4948 1377 5011; x_wconf 91' lang='lat' dir='ltr'><strong>de</strong></span> <span class='ocrx_word' id='word_1_408' title='bbox 1390 4947 1497 5030; x_wconf 81' lang='lat' dir='ltr'><strong>quibus</strong></span> <span class='ocrx_word' id='word_1_409' title='bbox 1509 4957 1650 5012; x_wconf 89' lang='lat' dir='ltr'><strong>accurate</strong></span> 
     </span>
     <span class='ocr_line' id='line_1_42' title="bbox 286 5040 1921 5131; baseline -0.001 -17"><span class='ocrx_word' id='word_1_410' title='bbox 286 5051 427 5115; x_wconf 85' lang='lat' dir='ltr'><strong>Goarius.</strong></span> <span class='ocrx_word' id='word_1_411' title='bbox 450 5049 596 5127; x_wconf 65' lang='lat' dir='ltr'><strong>Aetnen,</strong></span> <span class='ocrx_word' id='word_1_412' title='bbox 616 5064 726 5129; x_wconf 89' lang='lat' dir='ltr'><strong>nempe</strong></span> <span class='ocrx_word' id='word_1_413' title='bbox 742 5050 807 5112; x_wconf 88' lang='lat' dir='ltr'><strong>sive</strong></span> <span class='ocrx_word' id='word_1_414' title='bbox 822 5046 1009 5113; x_wconf 83' lang='lat' dir='ltr'><strong>Asteriscrun</strong></span> <span class='ocrx_word' id='word_1_415' title='bbox 1032 5049 1083 5130; x_wconf 81' lang='lat' dir='ltr'><strong>qui</strong></span> <span class='ocrx_word' id='word_1_416' title='bbox 1105 5048 1190 5112; x_wconf 78' lang='lat' dir='ltr'><strong>dboo</strong></span> <span class='ocrx_word' id='word_1_417' title='bbox 1205 5049 1365 5131; x_wconf 88' lang='lat' dir='ltr'><strong>imponitur</strong></span> <span class='ocrx_word' id='word_1_418' title='bbox 1377 5047 1480 5112; x_wconf 90' lang='lat' dir='ltr'><strong>elevat.</strong></span> <span class='ocrx_word' id='word_1_419' title='bbox 1489 5045 1649 5126; x_wconf 86' lang='lat' dir='ltr'><strong>Sacerdos,</strong></span> <span class='ocrx_word' id='word_1_420' title='bbox 1695 5040 1800 5096; x_wconf 66' lang='grc' dir='ltr'>Μιῑ·</span> <span class='ocrx_word' id='word_1_421' title='bbox 1814 5057 1840 5113; x_wconf 80' lang='grc' dir='ltr'>ι’·</span> <span class='ocrx_word' id='word_1_422' title='bbox 1859 5041 1921 5095; x_wconf 78' lang='lat'><strong><em>¹3⁶·</em></strong></span> 
     </span>
    </p>
   </div>
   <div class='ocr_carea' id='block_1_7' title="bbox 0 0 2370 6020">
    <p class='ocr_par' dir='ltr' id='par_1_18' title="bbox 0 0 2370 6020">
     <span class='ocr_line' id='line_1_43' title="bbox 0 0 2370 6020; baseline 0 0"><span class='ocrx_word' id='word_1_423' title='bbox 0 0 2370 6020; x_wconf 95' lang='lat' dir='ltr'><strong> </strong></span> 
     </span>
    </p>
   </div>
  </div>
 </body>
</html>
