4784 6040
539 556 754 636 GREGDRll
783 557 1037 636 chluduici
1072 559 1300 655 OlllhllTlS,
1333 577 1384 640 hc.
1577 565 1653 640 463

287 743 412 816 laetas:
440 753 578 838 segetes
605 741 889 820 benedictionibus
923 745 1098 840 aequales:
1132 752 1317 820 satietatem
1342 748 1421 822 fami
1447 761 1593 841 nostrae,
1621 761 1655 825 et

288 859 476 932 alimentum
502 864 728 934 necessarium
754 861 956 954 indigentiae
982 873 1131 953 nostrae,
1158 873 1192 936 et
1216 863 1400 937 referemus
1427 866 1485 938 tibi
1511 866 1653 960 gloriam

287 985 321 1046 et
346 981 526 1068 gratiarum
554 981 730 1066 actionem,
757 989 791 1050 et
816 980 912 1068 Filio,
940 990 974 1052 et
999 980 1133 1076 Spiritui
1160 983 1275 1054 sancti.

388 1091 548 1185 Populus.
600 1095 720 1166 Amen.
842 1075 846 1090 ’
1103 1121 1104 1124 ’

390 1208 565 1282 Sacerdos
606 1211 798 1283 inclinatas.
852 1211 1047 1284 Recordare
1086 1213 1230 1286 Domine
1269 1217 1412 1288 omnium
1452 1215 1651 1287 Saructomm

292 1335 422 1396 tuorum
450 1328 483 1396 iu
510 1329 699 1399 sanctuario
727 1335 783 1400 luo
810 1337 944 1418 sancl03
972 1333 1047 1424 quia
1075 1339 1108 1402 tu
1135 1339 1269 1402 sanetus
1297 1353 1354 1420 es,
1389 1341 1423 1402 et
1452 1330 1651 1403 Sanctorum

287 1441 518 1514 sanctificator.
570 1443 754 1539 Praecipue
780 1465 865 1516 vero
892 1466 1026 1540 semper
1051 1445 1199 1538 Virginis
1233 1446 1359 1518 Beatae
1390 1449 1560 1538 genitricis
1586 1446 1652 1517 Dei

286 1557 429 1630 Mariae:
455 1557 594 1631 loannis
621 1562 721 1630 etiarn
755 1562 930 1655 praeconis
958 1563 1023 1651 tui,
1056 1561 1215 1657 Stephani
1241 1562 1419 1658 Martyris,
1447 1573 1480 1634 et
1506 1565 1650 1634 omnium

287 1672 482 1746 Sanctorum
509 1677 688 1748 amicorum
716 1685 854 1748 brorum.

390 1790 541 1860 Eleoona
566 1813 707 1888 uocem
745 1790 812 1864 Per
839 1795 1008 1866 orationes
1045 1792 1226 1865 electorum
1254 1803 1401 1884 luorum,
1434 1816 1496 1889 per
1522 1817 1649 1891 preca·
1748 1841 1749 1844 =

285 1907 394 1978 dones
422 1904 615 1980 dilectorum
642 1917 783 1994 tuorum,
810 1929 871 2002 per
897 1906 1165 2002 deprecationem
1186 1908 1393 1983 Athletamm
1420 1921 1562 1999 tuorum,
1589 1933 1650 2006 per

285 2024 426 2113 gemitus
465 2021 664 2095 Sanctorum
697 2021 859 2112 Domine,
902 2046 964 2120 per
1001 2025 1230 2099 confidentiam
1267 2025 1466 2099 Sanctorum
1508 2038 1649 2118 tuorum,

282 2149 447 2209 memento
483 2142 582 2210 totius
616 2143 785 2211 exercitus
822 2143 1002 2212 amicorum
1029 2151 1175 2229 tuorum,
1202 2141 1461 2238 Prophetarum,
1487 2143 1647 2238 Aposto-

148 2327 154 2334 ,
283 2252 408 2341 lorum,
435 2253 637 2352 Martyrum,
665 2254 926 2342 Conlessorum,
953 2254 1201 2346 Solitariorum,
1228 2257 1495 2351 Rehgiosorum,
1518 2261 1648 2360 'Asce-

282 2380 401 2460 tarum,
428 2392 544 2442 eorum
571 2374 684 2465 quiin
712 2371 874 2462 desertis,
908 2375 1021 2464 agris,
1054 2371 1281 2467 et·speluncis
1307 2376 1481 2463 vixerunt,
1515 2385 1549 2448 et
1581 2378 1645 2450 ad-

280 2489 385 2578 junge
410 2507 473 2557 nos
499 2488 654 2574 Domine,
683 2486 852 2560 ordinibus
872 2509 1006 2560 eorum:
1034 2510 1177 2560 accense
1204 2511 1266 2562 nos
1284 2491 1369 2562 inter
1383 2499 1499 2564 coetus
1519 2515 1647 2581 eorum,
1738 2511 1743 2520 ’

283 2612 391 2675 statue
417 2625 479 2674 nos
507 2607 592 2676 inter
611 2607 780 2676 exercitus
800 2627 928 2696 eorum,
954 2615 989 2676 ut
1016 2627 1089 2676 cum
1111 2603 1174 2676 illis
1201 2607 1287 2677 inter
1305 2627 1377 2694 eos,
1405 2617 1439 2678 et
1464 2607 1507 2680 ad
1532 2631 1648 2681 eorum

283 2718 488 2814 exemplum,
514 2719 699 2792 referamus
727 2719 785 2791 tibi
810 2721 972 2813 gloriam,
999 2731 1032 2793 et
1059 2725 1239 2814 gratiarum
1268 2727 1453 2813 actionem,
1489 2736 1522 2797 et
1548 2726 1647 2818 Filio,

283 2844 315 2905 et
341 2835 478 2929 Spiritui
504 2846 630 2908 sancto.
722 2929 730 2936 .

383 2951 544 3042 Populus.
597 2954 718 3024 Amen.

383 3066 558 3137 Sacerdos
596 3068 787 3139 inclinatus.
848 3066 978 3160 Dignos
1015 3068 1108 3140 elbee
1140 3072 1300 3142 convivio
1336 3081 1393 3145 tuo
1435 3069 1534 3143 beato
1566 3073 1646 3145 Do·
1707 3137 1709 3142 ,

282 3193 391 3253 ctores
417 3181 590 3278 probatos
618 3184 868 3257 confirmatores
896 3182 983 3270 fidei,
1010 3183 1246 3257 illuminatores
1268 3207 1379 3258 rerum
1407 3185 1645 3275 abstrusorum,

282 3320 396 3371 omnes
424 3299 568 3372 Sanctus
596 3309 691 3389 tuos3
717 3305 803 3374 inter
836 3298 920 3373 alios
956 3322 1040 3372 vero
1072 3303 1268 3397 praecipue,
1295 3303 1475 3394 Ignatium,
1507 3303 1645 3399 Diony-

282 3418 375 3502 sium,
402 3416 630 3504 Athanasium,
658 3414 832 3513 Cyrillum,
859 3415 1035 3506 Serenum,
1063 3425 1097 3486 et
1111 3415 1258 3509 reliquos
1280 3415 1399 3491 Patres
1417 3416 1645 3508 Orthodoxoa
1734 3435 1738 3451 '

282 3535 336 3625 qui
364 3531 531 3627 expedite,
559 3543 693 3604 etcum
721 3555 847 3609 summa
875 3534 1013 3604 caritate
1038 3541 1273 3626 pugnaverunt
1306 3554 1367 3627 pro
1394 3533 1510 3606 Verbo
1536 3539 1644 3606 -veri-

280 3650 366 3736 tatis,
393 3669 501 3741 neque
528 3647 691 3722 ullatenus
718 3653 872 3721 virtutem
900 3650 998 3721 animi
1024 3650 1058 3717 in
1090 3670 1129 3719 se
1161 3651 1360 3719 imminutam
1395 3654 1526 3746 experti
1559 3663 1642 3723 sunt.

381 3764 531 3836 Elaeam
556 3787 681 3836 uocem.
736 3764 822 3850 Quia
848 3773 883 3835 tu
908 3761 1087 3854 retributor
1109 3765 1217 3855 justus
1237 3786 1288 3852 es,
1315 3774 1348 3836 et
1369 3768 1557 3839 mercedem
1578 3774 1643 3842 tri-

278 3876 396 3968 busne,
423 3879 486 3953 illis
513 3883 611 3953 etiam
639 3885 693 3977 qui
719 3902 784 3953 una
809 3881 891 3954 hora
918 3881 1159 3953 laboraverunt
1183 3884 1217 3952 in
1243 3881 1343 3952 uinea
1372 3891 1436 3951 tua.
1474 3884 1642 3957 Memento

277 3997 388 4086 igitur,
414 3995 568 4087 Domine,
596 4001 824 4092 operariorum
852 4007 980 4071 tuorum
1009 3995 1240 4091 spirituahum:
1266 3997 1422 4069 luminum
1449 4020 1535 4092 quae
1560 3999 1641 4070 illu-

278 4119 468 4184 straverunt
493 4111 680 4186 Ecclesiam
708 4124 796 4185 tuam
824 4123 987 4186 sanctam:
1015 4113 1095 4185 salis
1121 4117 1195 4208 puri
1233 4123 1266 4184 et
1291 4111 1492 4209 purificantis
1518 4115 1640 4188 Evan-

278 4225 355 4317 gelii
376 4230 420 4299 tui
442 4227 558 4302 divini:
587 4230 812 4304 columbarum
833 4228 1068 4325 perfectarum,
1094 4252 1181 4323 quae
1195 4233 1278 4300 retia
1295 4229 1458 4302 mendacii
1474 4233 1640 4305 vicerunt:

278 4364 439 4434 agnorum
465 4367 632 4440 puromm‚
661 4351 715 4442 qui
743 4357 924 4442 coeperunt
943 4346 1041 4442 lupos
1063 4345 1223 4419 hostiliter
1237 4349 1416 4420 irruentes:
1444 4370 1558 4420 eorum
1586 4354 1642 4444 qui

277 4463 453 4532 veritatem
479 4472 708 4557 portaverunt,
736 4467 791 4557 qui
817 4462 1093 4558 praedicaverunt
1107 4461 1329 4555 Evangelium
1346 4473 1447 4552 tuum,
1474 4469 1528 4558 qui
1554 4488 1639 4561 per-

276 4581 481 4650 secutionem
508 4583 599 4672 pessi
626 4591 712 4667 suut,
739 4589 877 4675 propter
903 4600 1023 4650 nomen
1050 4589 1151 4666 tuum,
1180 4581 1236 4673 qui
1262 4579 1485 4650 sustinuerunt
1511 4590 1639 4654 aestum

275 4692 340 4765 diei
367 4705 401 4766 et
425 4695 550 4787 frigus:
584 4717 698 4768 eorum
731 4698 785 4790 qui
821 4719 840 4766 a
868 4717 964 4767 mane
990 4717 1096 4790 usque
1123 4695 1166 4766 ad
1193 4716 1371 4790 vesperum
1398 4693 1638 4770 laboraverunt

275 4820 309 4881 et
335 4815 588 4908 extirpaverunt
614 4814 739 4884 zizania
773 4833 819 4882 ex
853 4831 935 4904 agro
963 4821 1036 4884 tuo:
1065 4814 1119 4906 qui
1145 4811 1379 4907 plantaverunt
1411 4813 1444 4881 in
1479 4814 1637 4909 paradiso

276 4926 414 4999 arbores
441 4927 589 5000 lerentes
615 4927 739 4999 fructus
762 4930 925 5020 justitiae:
958 4929 1013 5022 qui
1045 4936 1246 5022 potaverunt
1272 4925 1404 5000 llumine
1430 4927 1638 5020 Theologiae
1748 4919 1749 4922 '

274 5045 422 5116 sitientes
449 5049 564 5138 gregis
592 5049 657 5116 tui:
691 5047 745 5139 qui
777 5044 946 5134 ejecerunt
981 5065 1026 5114 ex
1056 5043 1210 5116 Ecclesia
1240 5053 1295 5115 tua
1329 5066 1444 5120 omnes
1478 5044 1637 5117 haereses
