4728 6028
690 444 767 559 ms
1056 486 1416 563 urrunnun
1469 487 1692 565 arnon

791 670 975 744 Sacerdos.
1027 670 1172 745 Mortem
1212 682 1302 744 tuom
1334 669 1634 747 commemoramus
1673 673 1833 762 Domine,
1869 685 1904 747 et
1940 697 2062 748 resur-

685 789 868 860 rectionem
897 798 984 860 tnom
1012 798 1088 883 post
1115 786 1186 858 dies
1213 799 1294 878 tres,
1322 793 1556 863 ascensionem
1582 810 1715 884 quoque
1748 799 1837 862 tuam
1870 793 1904 861 in
1929 791 2062 865 coelum

687 906 941 998 sessionemque
969 903 1010 974 ad
1039 902 1213 975 dexteram
1238 905 1304 975 Dei
1330 906 1456 977 Patris:
1483 926 1641 976 necnon
1668 905 1847 977 adventum
1880 916 1970 978 tuum
1997 929 2061 979 se-

686 1019 839 1107 cundum,
866 1023 899 1090 in
927 1042 993 1114 quo
1015 1018 1223 1111 judicaturus
1250 1041 1288 1093 es
1315 1018 1430 1092 orbem
1458 1023 1492 1092 in
1515 1023 1652 1111 justitie,
1680 1029 1713 1091 et
1738 1020 1859 1094 reddes
1885 1024 2062 1117 unicuique

687 1135 869 1207 secundum
900 1156 1006 1230 opera
1039 1157 1108 1207 suo.
1162 1134 1291 1208 Idcirco
1326 1136 1523 1209 sacrificinm
1555 1135 1620 1209 hoe
1651 1139 1859 1208 incruentum
1894 1135 2061 1212 offerimus

686 1250 757 1340 tibi,
784 1261 820 1322 ut
847 1273 915 1323 non
942 1251 1122 1324 secandum
1150 1250 1270 1323 delicta
1296 1263 1411 1325 nostro
1444 1252 1550 1324 iacias
1584 1249 1703 1340 nohis,
1737 1275 1846 1348 neque
1880 1252 2062 1325 secundum

685 1377 826 1463 peccata
853 1376 967 1440 nostra
994 1366 1160 1440 retribuas
1187 1369 1302 1441 nohis:
1330 1367 1390 1440 sed
1410 1367 1590 1442 secundum
1609 1370 1841 1440 miserationes
1867 1379 1943 1441 tuas
1969 1367 2060 1442 mui-

686 1491 748 1568 tos,
777 1480 851 1554 dele
865 1494 1018 1579 peccata
1050 1493 1187 1573 nostra,
1225 1505 1402 1557 servorum
1436 1495 1573 1556 tuomm.
1626 1483 1774 1579 Populus
1811 1486 1899 1556 enim
1925 1494 2000 1558 tuus
2027 1494 2061 1556 et

686 1598 875 1671 haereditas
905 1611 959 1671 tua
987 1598 1186 1694 depreeatur
1214 1609 1248 1671 te
1275 1611 1310 1673 et
1334 1623 1396 1696 per
1422 1610 1456 1672 te
1481 1601 1616 1672 Putrem
1642 1610 1733 1671 tunm
1759 1599 1891 1672 dicens:

790 1715 954 1808 Populus.
1007 1714 1183 1787 Miserere.
1391 1715 1577 1804 Sacerdos.
1629 1715 1702 1789 Nos
1730 1737 1872 1812 quoqne.

790 1829 973 1901 Sacerdos.
1026 1831 1198 1903 invocatio
1225 1830 1367 1927 Spiritus
1395 1836 1532 1904 sancti·

788 1946 976 2016 Diaconos.
1032 1945 1140 2031 Quam
1166 1947 1310 2020 timenda
1338 1958 1390 2020 est
1415 1947 1499 2021 haec
1525 1948 1618 2035 hora,
1647 1957 1708 2020 etc.

790 2061 975 2134 Sacerdos.
1028 2061 1161 2134 Exaudi
1187 2085 1251 2134 me.
1304 2064 1470 2137 Miserere
1496 2067 1616 2155 nostri,
1641 2063 1735 2136 Deus
1761 2063 1882 2153 Pater,
1910 2073 1944 2136 et
1968 2066 2059 2135 mitte

686 2200 789 2273 super
815 2199 888 2267 nos
917 2186 951 2249 et
978 2199 1079 2272 super
1106 2176 1294 2252 oblationes
1320 2183 1414 2268 istas,
1442 2179 1601 2276 Spiritum
1627 2189 1717 2250 tunm
1744 2189 1906 2270 sanctum,
1933 2183 1989 2275 qni
2007 2190 2060 2253 est

685 2294 862 2382 Dominus.
890 2291 1040 2386 aequalis
1060 2292 1119 2365 tihi
1146 2305 1180 2366 et
1203 2294 1301 2383 Filio,
1329 2294 1460 2383 throno,
1487 2316 1608 2387 regno,
1635 2305 1670 2366 et
1696 2293 1879 2367 substantia
1907 2307 2058 2368 aeterna:

687 2415 743 2504 qni
777 2410 907 2482 locutus
940 2419 993 2480 est
1026 2411 1059 2479 in
1096 2410 1311 2483 Testamenta
1344 2414 1455 2483 veteri
1488 2422 1522 2482 et
1555 2433 1648 2483 novo
1683 2419 1755 2482 tuo:
1798 2415 1853 2504 qui
1889 2411 2060 2484 descendit

686 2527 802 2621 specie
829 2525 1003 2597 columbae
1030 2547 1131 2620 super
1156 2527 1333 2598 Dominum
1360 2537 1508 2600 nostrum
1535 2527 1649 2598 Jesum
1669 2522 1833 2598 Christum
1859 2529 1892 2597 in
1910 2528 2058 2600 Jordanu

685 2639 830 2730 flumine,
859 2652 893 2714 et
919 2653 1073 2737 tanquam
1099 2641 1236 2734 linguae
1262 2645 1349 2735 ignis
1378 2665 1479 2738 super
1505 2641 1705 2737 Apostolos,
1732 2647 1766 2713 in
1793 2642 1987 2715 coenaculo.

790 2759 922 2830 Exaudi
948 2781 1012 2830 me.

791 2875 953 2968 Popadas.
1006 2872 1113 2969 Kyrie
1140 2871 1278 2946 eleison.

790 2990 973 3062 Sacerdos.
1015 2987 1061 3060 Ut
1085 2986 1227 3060 illabens
1256 2989 1374 3061 efficiat
1398 3012 1519 3086 panem
1544 2992 1653 3078 istum,
1680 2991 1709 3077 †
1735 3010 1858 3084 corpus
1878 2988 2059 3078 vivificum,
2195 3023 2200 3028 ·

686 3107 715 3194 †
742 3127 866 3201 corpus
894 3105 1053 3196 salutare,
1079 3107 1108 3193 †
1135 3126 1258 3200 corpus
1287 3104 1409 3178 Christi
1435 3107 1500 3178 Dei
1527 3109 1643 3179 nostri.

792 3223 952 3316 Populus.
1006 3222 1126 3294 Amen.

790 3338 974 3411 Sacerdos.
1027 3337 1070 3409 Et
1097 3337 1235 3409 culicem
1262 3339 1358 3410 istum
1384 3337 1553 3433 perficiat,
1587 3339 1839 3430 †sanguinem
1866 3335 1958 3407 Novi
1985 3335 2059 3407 Te-

685 3460 854 3530 stamenti.
890 3454 915 3547 †
949 3457 1143 3547 sanguinem
1179 3453 1368 3543 salutarem,
1404 3456 1433 3542 †
1468 3458 1663 3546 sangninem
1702 3457 1805 3549 ipsius
1839 3451 1962 3530 Christi
1997 3456 2061 3527 Dei

685 3575 800 3644 nostri.

792 3685 955 3777 Populus.
1008 3684 1128 3754 Amen.

789 3800 973 3872 Sacerdos.
1027 3799 1073 3869 Ut
1099 3797 1304 3871 sanctificent
1330 3799 1457 3868 animas
1491 3805 1526 3868 et
1551 3821 1716 3893 corpora,
1752 3803 2059 3874 communicantium

685 3917 764 4006 illis,
793 3916 832 3987 ad
860 3914 1018 3986 ierendos
1045 3913 1171 3985 fructus
1200 3909 1338 4009 operum'
1364 3913 1540 4004 bonorum,
1569 3924 1603 3986 et
1628 3913 1670 3985 ad
1689 3915 1972 3988 confirmationem
1985 3915 2060 3988 Ec-

688 4033 813 4106 clesiae
848 4041 1003 4116 sanctae,
1041 4052 1127 4124 qnae
1161 4028 1263 4125 super
1296 4040 1423 4126 petram
1458 4029 1535 4101 iidei
1571 4029 1715 4104 stabilita
1751 4053 1808 4120 es,
1836 4039 1914 4103 eta
1952 4032 2058 4127 portis

687 4144 903 4218 infernalibus
931 4147 1082 4241 superari
1102 4167 1169 4216 non
1189 4153 1311 4240 potest.
1363 4145 1407 4217 Et
1431 4144 1538 4218 libera
1566 4168 1641 4217 eam
1668 4169 1688 4217 a
1715 4135 1880 4219 scandalis
1908 4146 2060 4218 haereti-

689 4284 805 4334 comm
832 4284 937 4357 usque
963 4264 998 4332 in
1024 4261 1136 4351 finem,
1162 4270 1198 4332 ut
1228 4261 1355 4332 referat
1379 4258 1437 4333 tihi
1459 4259 1601 4354 gloriam
1627 4272 1661 4333 et
1693 4261 1843 4353 laudem,
1877 4272 1911 4335 et
1935 4265 2060 4355 unige-

688 4380 769 4466 nito,
796 4386 858 4448 etc.
912 4378 1032 4450 Amen.

792 4493 981 4564 Diaconos.
1035 4493 1188 4566 Cremus.
1317 4587 1319 4590 Ι
1950 4575 1955 4584 ,

793 4607 969 4679 Sacerdos
1002 4609 1194 4682 iaeiiaatas.
1249 4607 1424 4682 Offerimus
1458 4607 1515 4682 tihi
1557 4608 1752 4681 sacrificium
1794 4609 1859 4683 hoe
1899 4615 2062 4706 incruen-

689 4733 768 4810 tum,
795 4745 858 4818 pro
886 4724 970 4797 Sion
996 4737 1128 4816 saneta.
1163 4735 1270 4798 matre
1293 4729 1442 4799 ‘omnium
1466 4724 1713 4814 Ecclesiam,
1748 4736 1782 4797 et
1817 4749 1877 4822 pro
1911 4726 2066 4801 Ecclesia

688 4849 745 4910 tua
782 4846 914 4928 sancta,
949 4849 1019 4913 toto
1053 4840 1138 4914 orbe
1173 4841 1312 4932 affusa,
1346 4851 1383 4914 ut
1414 4841 1570 4934 largiaris
1603 4840 1650 4912 illi
1684 4842 1805 4913 donum
1838 4841 1982 4939 Spiritus
2018 4847 2065 4916 tui
2112 4875 2116 4884 ·

689 4955 805 5026 sancti.
