4728 6028
677 552 730 628 88
1054 550 1672 630 uissiiiiiOiiiis

677 745 739 800 est:
762 737 817 800 sed
842 737 912 801 iliae
935 737 973 800 ad
994 736 1147 802 Jacobitas
1169 735 1433 818 germanissimos,
1457 737 1562 817 quales
1584 735 1706 800 inerunt
1727 736 1770 800 iiii
1792 754 1919 818 quorum
1942 735 2046 800 Litur-

677 837 745 919 gias
767 839 1009 918 interpretamur,
1031 855 1220 918 nequaquam
1242 837 1410 918 pertinent:
1446 837 1497 915 qui
1519 837 1545 898 si
1568 837 1599 898 in
1621 837 1723 916 atiquo
1746 855 1852 898 errore
1875 845 2045 915 vomantur,

678 936 748 999 dum
770 936 943 1000 Orationem
971 938 1068 1019 ipsam
1089 937 1265 1018 simpliciter
1296 934 1514 1016 pronunciant,
1543 944 1574 998 et
1602 936 1767 1000 secundum
1796 935 2046 1019 significationem
2128 955 2140 967 ·

677 1037 841 1100 verborum
863 1035 1019 1118 andgurem
1041 1036 1228 1118 intelligunt,
1258 1036 1366 1098 saltem
1387 1036 1413 1098 is
1436 1053 1526 1100 error
1554 1055 1645 1100 verae
1674 1038 1929 1100 transmutationis
1957 1035 2045 1098 fidem

676 1153 738 1198 non
760 1138 892 1218 attingit:
916 1153 983 1198 cum
1006 1137 1140 1200 mandem
1163 1135 1330 1199 etDinooni
1351 1135 1486 1216 monitio,
1509 1144 1540 1200 et
1562 1155 1696 1217 sequens
1718 1137 1883 1214 invocatio,
1907 1137 2045 1200 invictis-

677 1235 753 1298 sime
775 1235 990 1299 demonstrent.

385 1497 422 1551 it.
440 1497 456 1551 i.
473 1497 518 1549 ss.
654 1573 658 1578 ⁵
1105 1497 1284 1571 invocatio
1309 1498 1463 1594 Spiritus
1487 1503 1608 1572 sancti.

386 1724 558 1776 invocationis
581 1725 661 1778 torma
770 1706 824 1784 Da
848 1716 899 1780 iiia
922 1718 1059 1780 oratione
1081 1715 1177 1780 insius
1200 1717 1310 1782 dictum
1337 1727 1385 1782 est
1416 1717 1637 1782 Commentario
1665 1716 1704 1779 nd
1732 1715 1911 1778 Basilianam
1940 1714 2043 1778 Litor-

352 1809 464 1863 dmeeee
482 1811 578 1864 sinitis.
674 1821 769 1903 giam:
790 1821 840 1884 hic
862 1839 899 1883 ea
921 1828 1033 1883 tantuin
1056 1839 1254 1901 exponemus,
1277 1840 1355 1903 quae
1383 1822 1421 1886 ad
1451 1823 1536 1884 istam
1559 1821 1643 1903 Syris
1666 1838 1853 1887 communem
1876 1819 1954 1882 iliius
1976 1819 2043 1884 ior-

673 1939 750 1982 mnm
787 1922 911 2002 proprie
948 1921 1110 2001 pertinent.
1169 1921 1265 1984 Porro
1301 1929 1333 1984 nt
1362 1921 1489 1983 intuenti
1518 1927 1675 2001 utramque
1703 1919 1801 1981 statim
1830 1927 1975 1999 apparet,
2002 1939 2043 1982 ex

674 2018 792 2082 Graeco
815 2018 981 2099 exemplari
1003 2020 1100 2100 prima
1115 2021 1260 2084 orationis
1283 2038 1355 2100 pars
1377 2038 1475 2100 prope
1498 2018 1536 2081 ad
1551 2019 1678 2083 verbum
1693 2017 1904 2080 translataest.
1926 2019 2043 2082 Deinde

666 2107 731 2181 Ἵνα
752 2113 971 2205 ἐπιφοιτήσειν
990 2113 1032 2202 τῇ
1055 2109 1133 2201 ἁγίᾳ
1153 2114 1210 2181 καὶ
1230 2106 1345 2204 ἀγαθῇ
1366 2113 1421 2182 καὶ
1442 2105 1562 2200 ἐνδόξῳ
1583 2105 1688 2181 αὐτοῦ
1708 2111 1893 2203 παρουσίᾳ,
1923 2104 2042 2204 ἁγιάσῃ

674 2214 731 2280 καὶ
751 2205 875 2302 ποιήσῃ
895 2207 953 2279 τὸν
973 2212 1034 2295 μὲν
1056 2207 1154 2304 ἄρτον
1175 2214 1291 2282 τοῦτον
1316 2215 1415 2296 σῶμα
1435 2206 1528 2302 ἅγιον
1547 2213 1609 2281 τοῦ
1630 2214 1783 2304 Χριστοῦ
1803 2232 1877 2280 σου.
1923 2216 1961 2278 io
1981 2219 2043 2279 nd-

674 2319 797 2381 ceniens
818 2325 926 2379 snrrctu
948 2317 1030 2378 dono
1050 2324 1082 2378 ct
1100 2318 1238 2397 pioriusc
1258 2337 1316 2382 εοο
1335 2319 1528 2398 praeeuntis,
1550 2319 1726 2397 santificet,
1749 2324 1779 2379 et
1796 2317 1912 2396 sociat,
1931 2336 2044 2396 penem

674 2417 793 2498 quiden
814 2418 915 2493 mium,
939 2434 1051 2494 corpus
1071 2424 1210 2479 annectam
1233 2415 1348 2480 θοῶν·
1368 2419 1420 2479 tui.
1457 2417 1527 2500 Syri
1548 2435 1623 2481 vero
1647 2416 1838 2496 addiderunt,
1860 2434 1971 2498 corpas
1991 2419 2043 2480 ci-

674 2518 803 2596 oifieum,
825 2515 970 2593 εοὶειιονε,
994 2516 1132 2591 coeleste,
1153 2516 1313 2578 aninodus
1339 2524 1370 2578 ct
1394 2517 1574 2596 corporibus
1594 2517 1721 2578 satutem
1738 2524 1914 2596 praestaria.
1958 2514 2042 2577 Haec

675 2617 770 2680 verba
791 2615 912 2696 pietatis
935 2620 966 2676 et
987 2615 1143 2696 religionis
1166 2616 1256 2696 plena
1277 2623 1358 2696 sunt,
1380 2615 1437 2678 sed
1459 2616 1496 2678 ab
1510 2616 1631 2698 antiqua
1643 2615 1827 2678 Graecarum
1839 2615 2041 2697 Liturgiarum

674 2714 863 2795 simplicitate
884 2712 1031 2776 recedunt
1053 2714 1251 2796 atiquatenus,
1280 2715 1440 2797 additaque
1461 2714 1602 2779 videntur
1631 2733 1649 2777 n
1677 2714 1842 2792 Jacobitis,
1873 2715 1911 2778 ad
1940 2716 2041 2796 expli-

676 2813 800 2876 cnudam
823 2814 918 2895 magis
940 2813 1084 2876 humanae
1108 2831 1174 2876 eum
1196 2813 1296 2878 divina
1319 2822 1444 2878 naturae
1465 2816 1625 2892 unionem,
1653 2815 1819 2878 secundum
1848 2813 1953 2897 cyrilli
1982 2817 2042 2880 do-

675 2915 810 2992 ctrinam,
832 2931 892 2994 qua
914 2915 1035 2994 saepius
1058 2913 1230 2992 abutuntur,
1254 2922 1435 2978 nontamen
1463 2915 1624 2980 hocloco.
1669 2914 1702 2977 in
1731 2915 1885 2996 plerisque
1909 2915 2041 2996 Syriacis

673 3011 816 3095 Liturgiis
838 3011 1033 3093 amplificatur
1054 3014 1150 3076 oratio
1173 3013 1283 3076 eodem
1304 3014 1412 3092 modo,
1442 3021 1502 3076 tana
1523 3013 1562 3076 da
1592 3013 1707 3095 Spiritu
1733 3022 1856 3093 sancto,
1884 3032 1972 3095 quam
2002 3014 2041 3077 de

673 3111 785 3175 Christi
806 3128 948 3193 corpore.

385 3226 470 3280 isnin
497 3228 590 3297 quium
612 3247 659 3283 ex·
757 3213 824 3276 iam
845 3221 879 3275 ut
902 3213 997 3276 uerba
1018 3213 1084 3294 ipsa
1107 3212 1322 3294 expendamus,
1345 3213 1444 3276 statim
1461 3213 1595 3295 occurrit
1608 3230 1670 3275 vox
1680 3211 1797 3276 Graeca
1811 3206 2042 3299 ἐπιφοιτῆσον,

348 3315 425 3379 panni
443 3314 516 3368 sciet
671 3333 750 3395 quae
772 3313 884 3394 legitur
912 3312 1040 3392 pariter,
1069 3313 1099 3374 in
1128 3313 1262 3396 Liiurgia
1292 3311 1408 3375 Graeca
1435 3310 1643 3374 Alexandrina
1673 3313 1824 3390 secunda,
1854 3320 1884 3374 et
1910 3314 1937 3375 si
1966 3312 2041 3376 alias

672 3413 805 3476 Graecas
829 3429 1047 3493 comparamus,
1069 3411 1246 3492 simpliciter
1266 3411 1416 3494 significet
1438 3409 1517 3474 idem
1532 3411 1613 3492 quod
1625 3405 1739 3474 ἐλθεῖν
1753 3413 1784 3474 in
1798 3412 1900 3476 Basilii
1912 3411 2041 3492 Graeca,

673 3519 724 3574 aut
745 3505 903 3574 ἐπελθεῖν
924 3513 1026 3573 venire
1048 3519 1100 3574 aut
1121 3513 1326 3592 superuenire,
1350 3510 1429 3592 quod
1448 3511 1527 3574 idem
1548 3519 1605 3573 est.
1649 3509 1719 3592 Syri
1742 3529 1849 3574 vocem
1870 3510 1961 3590 iilam,
1984 3511 2042 3574 alia

672 3618 900 3693 expresseram,
923 3629 1001 3692 quae
1023 3609 1061 3672 ad
1083 3611 1258 3692 mysterium
1270 3610 1512 3674 consecrationis
1525 3610 1745 3691 explicandum,
1769 3610 1935 3692 pleniorem
1947 3629 2042 3691 prae-

671 3711 787 3773 sentiae
810 3716 840 3772 et
862 3711 1048 3790 operationis
1071 3710 1102 3771 in
1115 3709 1194 3774 dona
1208 3710 1363 3790 proposita
1374 3709 1624 3792 significationem
1636 3708 1735 3775 offeri.
1766 3710 1809 3772 Ea
1822 3718 1869 3773 est
1881 3723 1955 3808 iit-:tt
1977 3717 2040 3778 Ὦς

673 3827 770 3890 quae,
820 3809 856 3872 ad
891 3808 1017 3872 verbum
1052 3808 1201 3890 significat
1230 3795 1437 3889 ἐπιοκιάζον,
1471 3817 1502 3872 et
1537 3811 1605 3872 voci
1641 3808 1775 3872 Graecae
1808 3810 1972 3891 respondet
2009 3811 2041 3873 in

672 3911 873 3974 uetustissima
895 3909 1043 3973 Versione
1066 3909 1190 3988 Syriaca
1212 3906 1314 3972 Lucae
1337 3925 1364 3971 c.
1388 3908 1418 3970 1.
1441 3914 1471 3984 s.
1488 3906 1540 3970 35.
1590 3909 1690 3971 Virtus
1711 3910 1854 3972 wiraini
1873 3909 2040 3986 obumbra-

673 4009 718 4071 tii
738 4011 801 4072 tibi.
830 4010 874 4073 iia
892 4026 971 4073 uoce
995 4008 1170 4089 frequenter
1191 4017 1315 4072 utuntur
1337 4008 1485 4092 Theologi
1503 4009 1582 4090 Syri,
1605 4009 1643 4072 ad
1656 4007 1884 4092 significandum
1901 4009 2040 4090 illapsum

673 4106 802 4188 Spiritus
823 4110 920 4172 sancti
942 4127 1036 4190 super
1056 4109 1089 4173 B.
1103 4109 1269 4192 Virginem,
1291 4108 1412 4189 quando
1433 4108 1574 4172 formavit
1585 4129 1626 4172 ex
1640 4109 1706 4190 ejus
1721 4126 1813 4172 carne
1831 4115 1863 4171 et
1880 4109 2039 4193 sanguiue,

673 4225 784 4288 corpus
807 4209 836 4270 in
859 4227 919 4289 quo
942 4207 1020 4271 tilius
1041 4208 1099 4272 Dei
1120 4216 1249 4290 propter
1277 4208 1406 4271 salutem
1427 4215 1571 4286 nostram,
1593 4208 1682 4272 homo
1705 4207 1801 4270 iactus
1831 4216 1886 4269 est.
1930 4207 2037 4289 Neque

671 4305 860 4387 frequentior
881 4308 959 4390 apud
983 4325 1037 4370 cos
1059 4308 1244 4390 comparatio
1266 4316 1324 4385 esi,
1348 4307 1621 4392 adsigniiienndam
1633 4306 1797 4371 mirabilem
1821 4305 2039 4370 elementorum

671 4407 958 4484 transmutationem,
990 4424 1077 4488 quam
1107 4407 1158 4470 illa
1185 4426 1225 4470 ex
1255 4409 1399 4489 mysterio
1429 4408 1645 4472 iucarnationis
1675 4407 1773 4471 doen.
1821 4406 1932 4468 Dicunt
1959 4407 2040 4468 enim

672 4506 814 4587 Spiritum
848 4514 983 4569 sanetum
1010 4525 1104 4588 super
1130 4507 1209 4570 dona
1239 4508 1270 4571 in
1298 4508 1384 4570 attari
1415 4509 1572 4588 proposita
1603 4505 1811 4584 descendere,
1840 4507 1918 4568 sicut
1947 4522 2041 4586 snper

670 4605 971 4687 Virginemillapsus
995 4615 1052 4685 est,
1075 4614 1169 4670 etex
1195 4624 1274 4688 pane
1305 4615 1336 4670 et
1364 4608 1453 4688 vino,
1482 4625 1540 4689 per
1568 4610 1804 4687 omnipotentem
1833 4606 2041 4686 operationem

670 4723 767 4785 snam,
789 4705 919 4769 formare
942 4723 1053 4788 corpus
1075 4707 1127 4770 iiiii
1148 4707 1220 4782 Dei;
1249 4713 1281 4768 ut
1308 4706 1380 4770 iliud
1403 4727 1443 4770 ex
1466 4725 1558 4770 carne
1581 4715 1612 4770 ei
1634 4707 1783 4788 sanguine
1806 4704 1943 4787 ejusdem
1965 4704 2040 4766 Vir-

672 4805 752 4888 ginis
775 4805 932 4884 formavit,
958 4806 990 4867 iu
1012 4805 1228 4870 incarnationis
1256 4808 1412 4889 mysterio.
1462 4807 1576 4872 Eodem
1605 4805 1719 4888 Spiritu
1746 4813 1852 4868 sancto
1882 4811 2040 4884 operante,

673 4903 861 4968 descendere
888 4903 927 4966 de
954 4903 1041 4966 coelo
1064 4903 1155 4968 tilium
1184 4905 1259 4984 Dei,
1286 4908 1432 4989 unii-eque
1458 4906 1516 4970 sibi
1545 4907 1631 4988 panis
1659 4913 1691 4968 et
1720 4905 1781 4968 vini
1811 4903 1978 4978 elementa,
2009 4909 2041 4965 ut

675 5004 799 5084 corpori
821 5005 851 5067 iu
874 5019 934 5084 quo
957 5003 1128 5068 incarnatus
1159 5013 1216 5086 est,
1240 5006 1341 5070 unitus
1364 5007 1428 5072 init.
1477 5007 1521 5070 lta
1549 5005 1713 5086 Barsalibi,
1742 5004 1892 5085 Anonymi
1921 5001 2044 5084 atiquot,
