4784 6040
395 903 454 996 1o
499 899 840 994 rrroaorlu
881 900 1207 995 nicolaus
1253 901 1639 1022 larroouuur

757 1119 1275 1241 busuatlllu

421 1431 515 1510 Hanc
536 1442 701 1524 Liturgiam
723 1441 802 1503 inter
824 1442 1013 1504 recentiores
1035 1457 1237 1522 numeramus,
1261 1442 1330 1524 quia
1352 1459 1415 1506 non
1437 1449 1521 1504 extat
1543 1442 1574 1503 in
1597 1441 1696 1505 multis

327 1547 496 1613 codicibus:
529 1543 642 1626 duplex
670 1551 769 1606 tamen
797 1543 863 1625 ejus
893 1543 1050 1625 exemplar
1078 1545 1281 1624 suppeditavit
1303 1543 1478 1609 Colbertina
1500 1543 1695 1611 bibliotheca.
1746 1587 1751 1596 .

326 1646 527 1711 Patriarcbam
549 1643 770 1707 Antiochenum
792 1644 843 1724 qui
857 1643 1012 1706 Michaelis
1035 1661 1145 1706 nornen
1164 1643 1302 1707 babuerit
1324 1643 1438 1707 nullum
1459 1643 1603 1707 habemus
1626 1653 1696 1708 ante

326 1747 455 1812 schisma
477 1762 534 1826 per
555 1741 736 1807 Severianos
762 1741 873 1804 lactum
880 1762 889 1818 3
917 1761 1018 1824 neque
1046 1741 1191 1825 deinceps
1219 1744 1347 1826 aliquem
1377 1743 1464 1825 hujus
1487 1744 1615 1806 nominis
1638 1744 1697 1808 nisi

326 1865 404 1910 anno
427 1840 592 1908 Alexandri
621 1841 729 1904 btbttt.
750 1841 825 1904 lesu
847 1841 959 1906 Christi
979 1840 1114 1905 lellCl.
1146 1859 1206 1923 quo
1240 1850 1376 1924 tempore
1398 1842 1532 1906 loannes
1558 1842 1696 1906 Alexan-

326 1945 430 2010 drinae
458 1942 661 2007 Jacobitarum
690 1939 847 2004 Ecclesiae
877 1940 1069 2022 praesidebat
1098 1939 1251 2004 LXXIV.
1280 1941 1396 2005 scilicet
1426 1942 1614 2023 Patriarcba,
1645 1944 1697 2025 qui

325 2046 428 2110 blarco
443 2043 504 2107 blio
520 2043 634 2106 Zamae
649 2042 808 2120 successit,
831 2048 862 2104 et
884 2049 953 2104 ante
977 2039 1193 2103 ordinationem
1216 2040 1383 2105 vocabatur
1403 2040 1593 2124 Abulmeged
1617 2043 1695 2106 filius

325 2143 501 2227 Abupaleb;
516 2143 626 2222 quique
636 2140 791 2204 ordinatus
803 2148 850 2203 est
862 2137 1116 2204 annoDCCCCV.
1129 2139 1305 2222 Martyrum,
1314 2140 1697 2208 mortuusDCCCCXXXl.

327 2243 437 2307 Christi
459 2239 648 2305 MCCXXVl.
671 2239 737 2302 lloc
759 2257 834 2302 vero
857 2239 946 2304 docet
969 2257 1025 2302 nos
1048 2238 1230 2321 subscriptio
1253 2241 1364 2303 vetusti
1385 2239 1619 2324 Evangeliorum
1634 2245 1695 2326 Sy-

326 2349 475 2411 riaeorum
498 2339 627 2418 codicis,
652 2339 703 2420 qui
725 2346 772 2401 est
794 2340 824 2400 in
846 2338 1030 2402 Bibliotheca
1052 2335 1166 2422 Regia3
1189 2357 1267 2419 quae
1289 2338 1379 2402 multa
1401 2357 1458 2403 nos
1481 2339 1581 2404 docet.
1619 2343 1695 2406 Nam

326 2447 395 2513 inde
424 2441 616 2522 intelligimus
646 2437 821 2501 blichaelem
850 2437 1087 2517 Antiochenum,
1119 2439 1167 2502 cui
1197 2437 1273 2512 baec
1302 2438 1437 2523 Liturgia
1464 2439 1620 2504 tribuenda
1649 2450 1696 2506 est

325 2544 462 2612 cumdem
490 2559 560 2604 esse
590 2539 640 2620 qui
664 2537 804 2600 eximium
826 2556 902 2620 opus
924 2537 1048 2619 scripsit
1069 2537 1108 2600 de
1127 2540 1366 2618 praeparatione
1387 2539 1430 2600 ad
1450 2542 1695 2618 commentorem,

326 2645 416 2710 etde
438 2642 530 2704 variis
548 2638 735 2702 Christianae
758 2637 840 2700 vitae
861 2637 976 2717 alliciis,
1000 2635 1038 2700 de
1061 2635 1119 2698 lide
1143 2642 1174 2698 et
1195 2655 1256 2717 qua
1277 2639 1394 2701 ratione
1416 2638 1544 2720 quisque
1566 2644 1598 2701 in
1619 2657 1695 2720 per-

324 2746 435 2810 lectum
458 2739 570 2803 Christi
599 2737 776 2818 discipulum
804 2736 936 2801 evadere
964 2742 1065 2819 queat.
1110 2735 1291 2800 Praesertim
1313 2755 1387 2802 vero
1411 2739 1474 2822 agit
1496 2755 1553 2818 per
1574 2739 1695 2802 modum

326 2843 533 2928 quaestionum
562 2835 755 2900 ablonachis
782 2839 1024 2919 propositarum,
1054 2835 1092 2898 de
1123 2835 1328 2900 Paenitentiae
1361 2838 1563 2918 necessitate,
1594 2838 1693 2920 deque

328 2951 412 3007 certa
438 2935 612 3023 poenitendi
641 2935 761 3020 regula:
793 2935 910 2998 seilicet
937 2943 969 2997 ut
998 2936 1177 3016 quicumque
1204 2937 1322 3018 peccati
1351 2935 1408 2998 sibi
1437 2937 1576 3000 conscius
1604 2937 1693 3020 ioret,

325 3040 547 3108 contessionem
563 3036 659 3116 primo
682 3034 760 3115 apud
770 3033 945 3117 Magistrum
967 3035 1033 3096 sive
1056 3033 1242 3115 spiritualem
1265 3042 1380 3116 patrem
1403 3033 1529 3114 iaceret,
1552 3039 1694 3120 suscipe-

323 3149 430 3223 retque
458 3136 629 3210 Canonem,
659 3151 719 3215 quo
746 3131 923 3214 perfunctus
953 3151 1064 3196 secure
1092 3141 1198 3213 posset
1223 3133 1261 3196 ad
1288 3141 1477 3198 sacramenta
1498 3137 1694 3218 percipienda

324 3241 481 3306 accedere.
526 3233 679 3298 invehitur
705 3249 813 3314 magna
842 3240 929 3313 parte
951 3232 1038 3315 hujus
1061 3233 1163 3312 operis
1185 3231 1216 3294 in
1239 3233 1487 3296 consuetudinem
1510 3253 1587 3316 quae
1610 3244 1692 3315 tunc,

323 3343 426 3424 inquit,
451 3335 531 3421 apud
555 3333 690 3416 Coptitas
713 3332 877 3411 obtinebat,
900 3332 981 3414 quod
1000 3332 1139 3414 plerique
1159 3331 1380 3395 contessionem
1403 3332 1482 3414 apud
1504 3335 1693 3398 sacerdotem

323 3442 426 3511 tacere
446 3435 648 3520 negligerent.
693 3431 734 3494 Αι
763 3433 864 3512 coepit
890 3431 967 3495 baec
996 3449 1090 3513 praua
1120 3431 1307 3495 consuetudo
1330 3431 1430 3494 induci
1454 3432 1532 3514 apud
1556 3433 1691 3516 Coptitas

323 3543 379 3606 sub
401 3541 505 3604 blarco
527 3537 560 3599 F.
585 3532 834 3597 Zaraaeloannis
855 3532 1106 3614 praedecessore,
1129 3531 1185 3593 sub
1208 3548 1267 3612 quo
1287 3529 1410 3594 vivebat
1422 3531 1549 3595 blichael
1569 3532 1693 3596 Damia-

212 3639 216 3646 ’
322 3641 416 3704 tensis
438 3637 608 3720 Episcopus
632 3633 684 3713 qui
706 3631 832 3714 primus,
854 3631 935 3712 quod
957 3631 1096 3709 sciamus,
1119 3627 1280 3712 legende
1303 3629 1476 3714 abroganda
1499 3632 1692 3698 consessione

322 3742 427 3819 suasit,
448 3745 482 3800 ut
504 3735 562 3799 alio
585 3734 654 3797 loco
678 3731 815 3793 diximus.
858 3730 991 3794 loannes
1014 3732 1102 3794 etiam
1125 3729 1214 3802 idem,
1236 3729 1266 3791 in
1281 3728 1431 3795 Chronico
1446 3730 1592 3795 Orientali
1610 3735 1689 3814 quod

322 3840 426 3903 Latine
450 3834 541 3899 edidit
563 3831 751 3895 Abrahamus
773 3828 962 3894 Echellensis
985 3847 1052 3892 eam
1074 3831 1183 3894 dieitur
1206 3829 1388 3914 abrogasse:
1415 3831 1517 3912 itaque
1545 3841 1630 3896 recte
1652 3832 1690 3896 de

322 3940 380 4002 illis
401 3934 530 4001 blichael
552 3931 690 3997 scribere
713 3932 820 4011 potuit.
864 3929 965 4012 Atque
988 3931 1029 3992 ita
1051 3930 1135 4012 ejus,
1158 3930 1284 4012 opinor,
1313 3937 1442 3994 aetatem
1464 3931 1606 3994 habemus
1629 3949 1691 3995 non

323 4037 429 4103 exilio
446 4035 553 4112 solum,
576 4031 631 4096 sed
654 4049 695 4093 ex
716 4028 813 4092 altero
835 4030 923 4092 etiam
945 4030 1027 4110 paris
1050 4036 1081 4092 et
1103 4028 1249 4112 ejusdem,
1272 4037 1305 4092 ut
1326 4027 1456 4110 videtur,
1470 4048 1573 4094 manus
1586 4029 1690 4093 Evan-

323 4136 471 4222 geliorum
495 4134 609 4198 codice.

410 4235 442 4299 ld
464 4234 555 4298 babet
576 4229 732 4315 singulare
754 4229 828 4292 haec
849 4227 996 4309 Liturgia,
1019 4227 1101 4309 quod
1123 4227 1276 4291 orationes
1300 4227 1462 4310 dispositae
1481 4222 1555 4291 'sunt
1576 4245 1689 4292 seeun-

324 4337 392 4400 dum
414 4332 575 4416 htpbabeti
597 4328 714 4412 Syriaci
736 4328 840 4391 literas
862 4325 1046 4389 Psalmorum
1068 4325 1324 4391 Abecedariorum
1346 4345 1440 4390 more.

711 4643 1299 4701 ⁴3⁶³——
