4814 6060
639 657 777 736 ntstttt
802 659 853 736 tttt
878 657 1062 737 VERSIONE
1089 660 1265 738 nnnnnmt
1291 659 1406 738 nttstt.
1629 661 1701 738 551

326 869 459 918 manum
486 865 612 939 genno,
639 866 702 941 per
729 867 847 940 quem,
874 853 909 916 et
934 867 1009 917 cum
1036 869 1101 940 quo
1136 849 1195 921 tibi
1231 841 1371 920 debetur
1402 849 1492 937 lane,
1528 845 1637 922 bonor
1671 859 1706 922 et

325 973 495 1059 potestus,
522 983 597 1032 cum
626 963 838 1034 sanctissimo
867 971 924 1032 tun
952 960 1095 1057 Spiritu,
1121 962 1234 1054 bono,
1262 962 1455 1055 adorando,
1482 973 1546 1038 etc.

429 1077 591 1172 Populus.
643 1078 764 1150 Amen.

428 1183 621 1263 Sacerdos*
657 1192 826 1264 Memento
850 1195 949 1264 etiam
966 1191 1111 1264 Domine
1135 1214 1250 1266 eorum
1266 1197 1321 1289 qui
1339 1217 1406 1267 una
1430 1193 1603 1269 nobiscum
1637 1198 1704 1270 ad-

326 1317 453 1381 stantes
481 1318 596 1398 orant,
624 1317 657 1379 et
685 1329 801 1379 eorum
828 1310 884 1402 qui
910 1307 986 1379 hinc
1018 1307 1135 1404 procul
1163 1307 1296 1382 absunt:
1333 1333 1450 1383 eorum
1485 1337 1618 1409 quoqne
1650 1319 1707 1410 qui

325 1423 386 1496 bas
405 1423 592 1498 oblationes
609 1423 787 1495 studerunt
812 1424 881 1496 tibi.
934 1422 1018 1494 'l'um
1035 1425 1134 1496 etiam
1151 1446 1281 1514 eorum,
1308 1448 1447 1520 quornm
1460 1449 1523 1500 nos
1537 1451 1582 1499 ex
1595 1449 1704 1523 prae-

326 1551 425 1637 cepto
452 1543 644 1612 meminisse
672 1539 842 1611 debemus.
895 1539 1037 1635 Insuper
1063 1561 1178 1612 eorum
1207 1543 1263 1636 qui
1289 1544 1323 1612 in
1349 1540 1513 1616 Ecclesiis
1543 1541 1705 1616 fructuosi

327 1663 414 1746 sunt,
440 1677 622 1752 pauperum
649 1677 716 1728 non
743 1655 853 1727 obliti:
881 1664 1055 1728 eteorum
1085 1659 1139 1752 qui
1166 1657 1393 1754 eleemosynis
1420 1661 1610 1754 vestituque
1631 1658 1704 1732 aliis

326 1771 537 1844 subveniunt.
589 1769 715 1842 Horum
744 1774 897 1864 inquam,
924 1782 958 1844 et
985 1770 1081 1844 simul
1108 1795 1225 1844 eorum
1253 1776 1308 1868 qui
1335 1776 1533 1870 cupiverunt
1559 1773 1705 1871 quidem,

326 1886 481 1959 sednon
507 1886 685 1959 valuerunt
716 1884 854 1974 offerre,
887 1896 921 1957 et
953 1891 1087 1960 omnino
1121 1891 1380 1986 uniuscujusque
1412 1893 1603 1964 memineris
1639 1913 1702 1986 pro

326 2005 425 2074 animi
450 2005 498 2074 tui
523 2003 716 2098 proposito,
745 2010 919 2073 eteorum
948 2023 1032 2097 quos
1058 2003 1159 2076 modo
1188 2009 1532 2079 commemoravimus.
1620 2027 1629 2036 ·

427 2117 476 2188 Et
501 2117 558 2188 bic
585 2115 721 2188 extollit
745 2139 863 2188 nocem
888 2141 992 2188 saum.
1046 2118 1209 2191 Retribue
1230 2122 1374 2193 Domine
1390 2120 1453 2192 illis
1470 2143 1608 2217 quorum
1623 2144 1703 2192 me-

325 2236 477 2305 minimus
505 2255 618 2306 coram
646 2242 697 2322 te,
725 2242 759 2305 et
785 2255 924 2327 quorum
952 2255 1020 2305 non
1047 2237 1274 2324 meminimus,
1305 2257 1368 2332 pro
1404 2239 1547 2308 terrenis
1580 2236 1703 2308 coele-

326 2350 410 2440 stia,
435 2372 498 2445 pro
526 2346 795 2444 corruptibilibus
823 2346 1106 2444 incorruptibilia,
1132 2372 1195 2447 pro
1231 2354 1442 2447 temporariis
1475 2362 1632 2442 aeterna,
1670 2361 1704 2424 et

323 2462 427 2535 facito
454 2474 490 2536 ut
516 2462 680 2537 haeredes
709 2466 774 2536 sint
799 2467 890 2536 vitae
917 2474 1086 2536 aeternae.
1140 2461 1258 2537 Viduis
1286 2470 1499 2561 patrocinare
1516 2489 1579 2565 per
1601 2488 1703 2540 amu-

322 2600 394 2650 rem
422 2588 510 2650 tuum
539 2601 622 2671 erga
648 2600 755 2671 genus
782 2577 973 2651 humanum:
999 2579 1131 2675 pupillis
1159 2591 1233 2654 esto
1252 2590 1365 2677 pater:
1393 2585 1546 2678 captivos
1563 2581 1703 2672 redime,

325 2702 505 2786 aegrotos,
533 2695 687 2790 maleque
712 2693 873 2766 babentes
902 2703 1037 2768 sanato:
1066 2719 1141 2769 cum
1167 2695 1404 2790 navigantibus
1430 2702 1610 2791 navigato,
1642 2696 1702 2770 in-

324 2809 486 2882 cientibus
514 2815 593 2910 iter,
621 2831 736 2882 eomes
765 2819 855 2881 esto:
883 2812 1036 2905 Denique
1063 2834 1124 2887 eos
1152 2815 1208 2906 qui
1234 2815 1268 2882 in
1295 2812 1463 2909 speluncis
1495 2813 1554 2885 vel
1578 2812 1702 2888 fodinis

312 2913 359 2997 'et
386 2925 612 2999 subterraneis
637 2926 722 2999 locis
749 2925 887 3015 durant,
914 2935 1054 3022 propter
1088 2947 1210 2999 nomen
1246 2938 1396 3000 sanctum
1430 2938 1537 3016 tuum,
1571 2929 1703 3002 confir-

324 3050 414 3114 muto
442 3051 541 3137 alque
570 3042 728 3135 adJuvato
757 3040 898 3112 dexteru
925 3048 999 3113 tna:
1029 3046 1084 3136 qui
1111 3043 1144 3113 in
1171 3039 1274 3114 exilio
1303 3053 1360 3114 aut
1387 3064 1525 3116 carcere
1551 3055 1627 3116 sunt
1652 3044 1701 3115 li-

323 3157 463 3247 berat03
491 3167 642 3232 errantes
670 3158 908 3254 dispersosque
931 3155 1100 3250 colligit03
1128 3167 1407 3253 congregatoque
1421 3180 1539 3232 omnes
1556 3164 1590 3231 in
1610 3157 1702 3232 ovile

324 3283 430 3361 tuum,
458 3284 494 3345 ut
520 3277 562 3346 sit
587 3297 686 3346 unum
713 3273 805 3346 ovile
833 3283 866 3345 et
891 3282 1009 3369 pastor
1034 3295 1136 3361 unus,
1163 3273 1290 3368 tibique
1316 3273 1447 3345 laudem
1473 3274 1701 3366 attribuamus,

325 3400 360 3461 et
385 3394 512 3482 gratias
539 3411 701 3483 agamus,
730 3413 770 3462 ao
796 3388 892 3463 simul
921 3393 1093 3482 unigenito
1120 3388 1206 3461 Filio
1235 3398 1307 3477 tuo,
1342 3398 1376 3460 et
1408 3393 1615 3465 sanctissimo
1643 3400 1700 3464 tuo

325 3504 477 3601 Spiritui,
503 3507 612 3595 bono,
641 3505 833 3595 adorando,
860 3509 962 3578 vitam
988 3504 1162 3598 largienti,
1190 3504 1333 3599 tibique,
1360 3516 1424 3577 etc.

428 3621 589 3715 Populus.
641 3623 762 3695 Amen.

429 3737 604 3810 Sacerdos
639 3738 832 3808 inclinatus.
885 3737 1018 3809 Memor
1053 3745 1128 3808 esto
1163 3719 1308 3809 Domine
1341 3733 1472 3828 Regum
1508 3741 1700 3807 nostrorum

325 3851 500 3925 laudabilis
528 3856 728 3942 memoriae,
756 3875 797 3924 ac
825 3862 988 3926 coronato
1015 3873 1076 3924 ens
1104 3874 1165 3948 spe
1190 3850 1302 3923 bonae
1329 3849 1523 3942 voluntatis,
1550 3859 1585 3922 et
1599 3849 1700 3943 galea

326 3969 460 4060 salutis,
488 3979 758 4063 conservatoque
791 3971 884 4064 ipsos
920 3971 954 4039 in
980 3967 1046 4040 fide
1072 3989 1174 4057 suna3
1201 3977 1300 4064 atque
1327 3965 1472 4060 subigito
1507 3969 1602 4062 ipsos
1637 3965 1699 4040 snb

321 4087 439 4176 jugum
472 4087 569 4177 regni
604 4088 665 4156 tui:
706 4094 740 4154 et
773 4082 916 4179 pupulos
950 4081 1134 4174 barbaros,
1161 4081 1455 4179 ,netpmticaeque
1490 4081 1700 4156 Christianae

324 4198 512 4274 malevolos
538 4203 619 4297 ipsis
645 4201 845 4295 mancipato.

427 4319 476 4390 Et
501 4317 648 4391 sustollit
679 4339 806 4388 ccccm.
862 4315 970 4389 Nobis
1006 4327 1116 4388 autem
1138 4316 1282 4389 Domine
1309 4313 1485 4388 concedito
1514 4310 1697 4388 habitatio-

322 4454 400 4505 nem
428 4433 636 4528 trunquillam
663 4443 697 4503 et
723 4436 885 4527 quietam,
922 4443 1023 4528 atque
1055 4429 1269 4504 humilitatem
1305 4431 1505 4528 perfectam:
1541 4440 1576 4501 tu
1611 4431 1699 4500 enim

324 4571 362 4622 es
390 4549 537 4642 adjutor,
571 4557 793 4644 praestasque
825 4551 1000 4620 victorium
1034 4548 1186 4621 omnibus
1222 4551 1277 4643 qui
1312 4550 1446 4619 nomine
1481 4554 1539 4616 tun
1575 4563 1698 4636 magno

322 4664 478 4757 militant,
504 4675 626 4759 tuaque
653 4685 757 4737 causa
784 4667 922 4760 sumptis
950 4666 1050 4735 armis
1077 4662 1243 4760 stipendia
1263 4663 1440 4734 merentin
1458 4659 1559 4732 bello.
1613 4657 1698 4733 Esto

322 4782 435 4875 itaque
461 4783 605 4854 Domine
632 4778 757 4851 anxilio
784 4781 824 4852 iis
853 4783 909 4874 qui
935 4800 997 4874 pro
1023 4777 1149 4874 populo
1176 4789 1233 4851 tuo
1260 4777 1433 4874 redempto
1460 4774 1547 4847 bella
1566 4787 1699 4868 genunt,

324 4906 358 4967 et
384 4899 560 4969 victoriam
587 4898 669 4991 ipsis
696 4893 840 4987 largire:
872 4897 939 4967 imo
967 4904 1000 4966 tu
1037 4897 1112 4988 ipse
1138 4894 1301 4965 adversus
1336 4915 1397 4965 eos
1434 4889 1606 4980 dirnicato,
1643 4891 1700 4984 qui

323 5009 400 5083 ilios
428 5011 505 5084 odio
533 5009 664 5082 babent.
719 5008 792 5084 Nos
820 5021 931 5082 autern
957 5011 1102 5082 Domine
1128 5008 1170 5081 ab
1199 5007 1352 5081 omnibus
1379 5005 1556 5102 periculis,
1583 5025 1698 5095 ungu-

325 5129 418 5219 stiis,
445 5126 702 5201 necessitatibus
730 5149 864 5206 assere:
893 5129 946 5197 cui
971 5125 1104 5198 laudem
1130 5135 1165 5197 et
1194 5125 1376 5218 gratiarum
1407 5123 1574 5194 actionem
1607 5117 1698 5192 ode-
