4782 6068
642 582 717 659 560
929 583 1107 662 LITURGIA
1134 582 1365 662 statuuntur
1389 581 1667 660 Apostolooou
1693 595 1743 659 tc

796 859 974 934 Sacerdos
999 860 1085 930 dicit
1108 857 1306 930 Orationem
1330 862 1500 929 secretam
1524 856 1614 928 tuac
1640 858 1678 927 io
1703 854 1859 928 Boouata.

643 1067 653 1074 ·
743 1049 888 1122 Domine
917 1050 1011 1122 Deus
1045 1050 1274 1144 omnipotens,
1314 1056 1370 1118 tua
1404 1055 1456 1118 est
1487 1045 1644 1120 Ecclesia
1679 1057 1795 1120 sancta
1830 1043 2015 1134 Catholica,

641 1167 763 1262 quippe
790 1169 846 1262 qui
872 1187 934 1262 per
959 1166 1152 1262 passionem
1183 1183 1338 1256 magnam
1374 1161 1497 1236 Christi
1522 1165 1587 1252 tui,
1619 1164 1729 1235 emisti
1754 1183 1841 1235 oves
1868 1183 2016 1259 pascuae

639 1291 727 1370 tuae,
754 1291 861 1354 etex
887 1285 997 1374 galia
1023 1279 1165 1378 Spiritus
1192 1282 1308 1366 sanct-i,
1335 1279 1440 1374 ipsius
1467 1282 1523 1375 qui
1549 1282 1647 1353 unius
1674 1286 1727 1352 est
1745 1300 1821 1349 cum
1842 1277 2015 1350 divinitate

639 1406 696 1468 tna
722 1393 875 1488 gloriosa
902 1405 1057 1484 naturae,
1091 1394 1210 1467 dautur
1242 1393 1367 1488 gradum
1394 1393 1611 1468 ordinationis
1645 1393 1863 1466 sacerdotalis
1889 1415 2014 1466 uerae:

640 1521 675 1584 et
700 1533 762 1609 per
788 1512 997 1585 clementiam
1024 1523 1112 1585 tuam
1139 1513 1282 1584 Domine
1317 1511 1471 1604 diguatus
1506 1533 1544 1583 es
1577 1509 1834 1583 imbecillitatem
1866 1521 2014 1582 nostram

639 1627 755 1700 facere
782 1627 932 1701 membra
959 1628 1140 1725 spiritualia
1175 1630 1209 1699 in
1236 1648 1380 1724 corpore
1406 1649 1529 1721 magno
1556 1624 1732 1702 Ecclesiae
1757 1637 1836 1699 tuae
1862 1635 2012 1714 sanctae,

642 1753 679 1818 ut
690 1747 953 1818 ministraremus
967 1743 1124 1817 auxilium
1138 1742 1308 1841 spirituale
1322 1743 1494 1817 animabus
1508 1741 1669 1817 fidelihus.
1700 1743 1752 1815 'l'u
1768 1765 1854 1815 nunc
1867 1744 2011 1816 Domine

638 1860 765 1958 perfice
790 1860 965 1935 noliacum
990 1863 1130 1954 gratiam
1157 1869 1258 1950 mam,
1285 1869 1320 1932 et
1346 1859 1476 1932 eilande
1501 1882 1565 1956 per
1590 1881 1707 1932 manus
1729 1871 1864 1934 nostras
1890 1859 2013 1932 donum

640 1987 747 2050 mum:
774 1987 809 2050 et
833 1977 1085 2050 misericordiae
1111 1985 1201 2067 tuae,
1228 1985 1263 2048 et
1288 1976 1464 2050 clementia
1491 1976 1670 2048 divinitatis
1696 1986 1793 2068 tuae,
1819 1978 1885 2051 sint
1911 1997 2013 2071 super

638 2113 717 2181 nos,
745 2102 779 2165 et
804 2114 907 2190 super
932 2093 1091 2190 populum
1116 2096 1214 2164 istum
1241 2115 1339 2187 quem
1366 2091 1499 2186 elegisti
1525 2091 1594 2165 tibi.

741 2208 895 2282 Elaeam
924 2231 1051 2280 nocem.
1104 2207 1148 2280 Et
1180 2207 1222 2280 da
1261 2207 1359 2281 nobis
1390 2209 1534 2282 Domine
1570 2229 1633 2305 per
1666 2208 1875 2281 clementiam
1912 2217 2011 2296 tuam,

638 2333 675 2396 ut
698 2346 762 2399 nos
790 2346 907 2398 omnes
933 2323 1030 2398 simul
1056 2336 1090 2397 et
1116 2323 1299 2419 aequaliter
1327 2323 1479 2398 omnibus
1506 2321 1623 2396 diebus
1649 2327 1742 2397 vitae
1768 2336 1905 2399 nostrae
1930 2324 2012 2422 pla-

639 2462 775 2514 ceamus
801 2440 964 2514 divinitati
989 2451 1087 2532 tuae,
1112 2439 1270 2535 dignique
1305 2439 1483 2514 efficiamur
1516 2441 1641 2512 auxilio
1676 2443 1807 2534 gratiae
1842 2450 1935 2530 tuae,
1968 2441 2013 2513 ad

640 2556 844 2631 offerendum
870 2555 928 2630 tibi
953 2556 1097 2648 landem,
1123 2555 1297 2649 honorem,
1324 2556 1581 2646 confessionem,
1603 2567 1637 2630 et
1657 2556 1900 2647 adorationem,
1922 2557 2013 2629 omni

639 2683 791 2770 tempore
818 2673 972 2746 Domine.

743 2789 793 2860 Et
818 2789 1006 2860 asceodaat
1034 2788 1190 2861 Diacooi
1216 2787 1264 2860 ad
1288 2788 1402 2860 altare
1429 2796 1465 2862 et
1489 2790 1616 2861 dicuat.
1642 2790 1656 2828 ⁶
1697 2790 1762 2876 om
1787 2810 1856 2861 nou
1882 2789 2013 2885 accepit

639 2901 858 3000 baptismum,
885 2915 948 2978 etc.

743 3020 829 3092 ’Et
861 3025 984 3115 iocipit
1015 3019 1192 3093 Sacerdos
1225 3026 1479 3115 responsoriam
1509 3026 1761 3117 mysteriorum,
1793 3026 2012 3117 infeceratque

639 3137 801 3210 Sacrista
836 3144 872 3210 at
908 3138 1087 3212 Diaconos
1119 3139 1247 3211 discam
1281 3145 1316 3210 ct
1349 3139 1491 3212 calicem
1523 3163 1626 3234 saper
1658 3139 1782 3211 altare.
1834 3137 2013 3210 Sacerdos

637 3277 757 3325 marcas
779 3258 910 3348 forraat
934 3257 971 3326 io
996 3255 1127 3326 modam
1153 3257 1267 3327 aucis
1292 3261 1328 3327 et
1354 3256 1449 3328 dicit.
1502 3253 1678 3330 offerimus
1704 3253 1836 3329 laudem
1859 3255 2012 3328 'l'rinitati

638 3379 717 3441 tuae
743 3369 912 3462 gloriosae
938 3373 1027 3443 omni
1054 3381 1205 3467 tempore
1232 3382 1266 3444 et
1291 3374 1324 3442 iu
1352 3373 1497 3445 saecula.

740 3485 789 3556 Et
811 3490 1041 3580 proseqaitar.
1095 3483 1245 3560 Christus
1279 3490 1333 3582 qui
1360 3487 1546 3560 immolatus
1580 3498 1635 3562 est
1660 3509 1722 3585 pro
1749 3488 1856 3562 salute
1881 3498 2009 3579 nostra,

638 3603 878 3696 praecepitque
904 3599 1002 3675 nobis
1032 3611 1070 3674 ut
1105 3623 1283 3696 ageremus
1310 3606 1659 3678 commemorationem
1685 3608 1801 3678 mortis
1829 3615 1862 3677 et
1887 3627 2011 3677 resur-

642 3719 801 3790 rectionis
829 3740 924 3808 suae‚
949 3721 1024 3816 ipse
1050 3718 1419 3816 suscipiatsaorilioium
1444 3719 1509 3794 hoc
1536 3743 1582 3794 ex
1609 3720 1759 3794 manibus
1777 3718 2010 3794 imbecillitatis

639 3841 793 3928 nostrae:
818 3855 881 3930 per
907 3836 1049 3926 gratiam
1077 3857 1172 3909 snam
1198 3843 1233 3906 ot
1258 3837 1490 3912 miserationes
1519 3859 1597 3911 suas
1623 3839 1658 3909 in
1684 3835 1829 3910 saecula.
1862 3838 1983 3911 Amen.

743 3947 792 4020 Et
814 3953 1043 4045 prosequitur.
1095 3949 1309 4046 lmponuntur
1334 3957 1495 4048 mysteria
1521 3954 1713 4051 praeclara,
1745 3963 1861 4026 sancta
1888 3962 1923 4024 et
1946 3955 2010 4026 vi-

640 4065 740 4138 vifica
771 4087 874 4162 super
907 4065 1012 4139 altare
1045 4067 1180 4141 Domini
1209 4070 1375 4163 potentis,
1411 4090 1518 4164 usque
1557 4069 1598 4142 ad
1634 4073 1707 4163 ejus
1747 4069 1942 4159 aduentum,
1973 4071 2010 4142 iu

642 4179 786 4256 saecula.
838 4180 958 4254 Amen.

744 4294 870 4398 Lauda.
923 4297 1087 4372 Memoria
1113 4309 1179 4372 tua.
1229 4299 1332 4373 Pater
1364 4311 1491 4376 noster.
1542 4302 1699 4401 Apostoli
1725 4303 1845 4378 Patris.
1897 4299 2010 4398 Super

641 4412 747 4487 altare
772 4422 930 4489 sanctum.
986 4415 1051 4503 Qui
1076 4415 1289 4490 dormierunt.
1327 4415 1512 4494 Mathaeus.
1553 4421 1698 4494 Marcus.
1735 4419 1859 4509 Lucas,
1886 4427 1949 4491 eto.
