<?xml version="1.0" encoding="UTF-8"?>
<!DOCTYPE html PUBLIC "-//W3C//DTD XHTML 1.0 Transitional//EN"
    "http://www.w3.org/TR/xhtml1/DTD/xhtml1-transitional.dtd">
<html xmlns="http://www.w3.org/1999/xhtml" xml:lang="en" lang="en">
 <head>
  <title>
</title>
<meta http-equiv="Content-Type" content="text/html;charset=utf-8" />
  <meta name='ocr-system' content='tesseract 3.04.00' />
  <meta name='ocr-capabilities' content='ocr_page ocr_carea ocr_par ocr_line ocrx_word'/>
</head>
<body>
  <div class='ocr_page' id='page_1' title='image "./liturgiarumorie04renagoog_0406.png"; bbox 0 0 4784 6040; ppageno 0'>
   <div class='ocr_carea' id='block_1_1' title="bbox 534 665 1689 748">
    <p class='ocr_par' dir='ltr' id='par_1_1' title="bbox 534 665 1689 748">
     <span class='ocr_line' id='line_1_1' title="bbox 534 665 1689 748; baseline 0.001 -5"><span class='ocrx_word' id='word_1_1' title='bbox 534 692 536 701; x_wconf 74' lang='grc'>’</span> <span class='ocrx_word' id='word_1_2' title='bbox 571 668 619 744; x_wconf 84' lang='grc' dir='ltr'><strong>ΙΝ</strong></span> <span class='ocrx_word' id='word_1_3' title='bbox 653 667 912 745; x_wconf 79' lang='lat' dir='ltr'><strong>Lttuattllu</strong></span> <span class='ocrx_word' id='word_1_4' title='bbox 942 665 1113 745; x_wconf 84' lang='lat' dir='ltr'><strong>JAOOBI</strong></span> <span class='ocrx_word' id='word_1_5' title='bbox 1150 668 1443 748; x_wconf 72' lang='lat' dir='ltr'><strong>salunensis</strong></span> <span class='ocrx_word' id='word_1_6' title='bbox 1613 671 1689 744; x_wconf 86' lang='grc'><strong>369</strong></span> 
     </span>
    </p>
   </div>
   <div class='ocr_carea' id='block_1_2' title="bbox 322 849 1688 1116">
    <p class='ocr_par' dir='ltr' id='par_1_2' title="bbox 322 849 1688 1116">
     <span class='ocr_line' id='line_1_2' title="bbox 322 849 1688 938; baseline 0.003 -23"><span class='ocrx_word' id='word_1_7' title='bbox 322 853 472 916; x_wconf 80' lang='lat' dir='ltr'><strong>multoties</strong></span> <span class='ocrx_word' id='word_1_8' title='bbox 494 853 642 934; x_wconf 91' lang='lat' dir='ltr'><strong>repetitur</strong></span> <span class='ocrx_word' id='word_1_9' title='bbox 665 853 695 914; x_wconf 93' lang='lat' dir='ltr'><strong>in</strong></span> <span class='ocrx_word' id='word_1_10' title='bbox 717 851 822 916; x_wconf 85' lang='lat' dir='ltr'><strong>iisdem</strong></span> <span class='ocrx_word' id='word_1_11' title='bbox 845 852 993 930; x_wconf 88' lang='lat' dir='ltr'><strong>Homiliis,</strong></span> <span class='ocrx_word' id='word_1_12' title='bbox 1025 861 1055 916; x_wconf 87' lang='lat' dir='ltr'><strong>et</strong></span> <span class='ocrx_word' id='word_1_13' title='bbox 1079 849 1115 916; x_wconf 86' lang='lat' dir='ltr'><strong>&#39;in</strong></span> <span class='ocrx_word' id='word_1_14' title='bbox 1143 854 1331 916; x_wconf 84' lang='lat' dir='ltr'><strong>Tractatihus</strong></span> <span class='ocrx_word' id='word_1_15' title='bbox 1362 854 1564 938; x_wconf 88' lang='lat' dir='ltr'><strong>Theologicis.</strong></span> <span class='ocrx_word' id='word_1_16' title='bbox 1614 855 1688 919; x_wconf 89' lang='lat' dir='ltr'><strong>lnde</strong></span> 
     </span>
     <span class='ocr_line' id='line_1_3' title="bbox 323 950 1688 1038; baseline 0.002 -23"><span class='ocrx_word' id='word_1_17' title='bbox 323 960 442 1016; x_wconf 89' lang='lat' dir='ltr'><strong>constat</strong></span> <span class='ocrx_word' id='word_1_18' title='bbox 471 970 531 1014; x_wconf 91' lang='lat' dir='ltr'><strong>non</strong></span> <span class='ocrx_word' id='word_1_19' title='bbox 554 950 740 1034; x_wconf 79' lang='lat' dir='ltr'><strong>singularem</strong></span> <span class='ocrx_word' id='word_1_20' title='bbox 769 953 926 1033; x_wconf 92' lang='lat' dir='ltr'><strong>quamdam</strong></span> <span class='ocrx_word' id='word_1_21' title='bbox 954 953 984 1015; x_wconf 93' lang='lat' dir='ltr'><strong>in</strong></span> <span class='ocrx_word' id='word_1_22' title='bbox 1014 955 1072 1015; x_wconf 89' lang='lat' dir='ltr'><strong>ista</strong></span> <span class='ocrx_word' id='word_1_23' title='bbox 1100 953 1234 1036; x_wconf 86' lang='lat' dir='ltr'><strong>Liturgia</strong></span> <span class='ocrx_word' id='word_1_24' title='bbox 1257 955 1387 1035; x_wconf 90' lang='lat' dir='ltr'><strong>proponi</strong></span> <span class='ocrx_word' id='word_1_25' title='bbox 1409 955 1599 1038; x_wconf 85' lang='lat' dir='ltr'><strong>opinionem,</strong></span> <span class='ocrx_word' id='word_1_26' title='bbox 1632 955 1688 1020; x_wconf 90' lang='lat' dir='ltr'><strong>sed</strong></span> 
     </span>
     <span class='ocr_line' id='line_1_4' title="bbox 322 1049 1093 1116; baseline -0.001 -1"><span class='ocrx_word' id='word_1_27' title='bbox 322 1071 510 1116; x_wconf 90' lang='lat' dir='ltr'><strong>communem</strong></span> <span class='ocrx_word' id='word_1_28' title='bbox 531 1051 689 1115; x_wconf 78' lang='lat' dir='ltr'><strong>Ecclesiae</strong></span> <span class='ocrx_word' id='word_1_29' title='bbox 709 1049 895 1116; x_wconf 87' lang='lat' dir='ltr'><strong>Jacobilicac</strong></span> <span class='ocrx_word' id='word_1_30' title='bbox 917 1052 1093 1116; x_wconf 79' lang='lat' dir='ltr'><strong>doctrinam.</strong></span> 
     </span>
    </p>
   </div>
   <div class='ocr_carea' id='block_1_3' title="bbox 720 1313 1293 1407">
    <p class='ocr_par' dir='ltr' id='par_1_3' title="bbox 720 1313 1293 1407">
     <span class='ocr_line' id='line_1_5' title="bbox 720 1313 1293 1407; baseline 0.002 -23"><span class='ocrx_word' id='word_1_31' title='bbox 720 1315 754 1385; x_wconf 83' lang='lat'><strong>2.</strong></span> <span class='ocrx_word' id='word_1_32' title='bbox 790 1315 968 1385; x_wconf 78' lang='lat' dir='ltr'><strong>invocatio</strong></span> <span class='ocrx_word' id='word_1_33' title='bbox 996 1313 1148 1407; x_wconf 78' lang='lat' dir='ltr'><strong>Spiritus</strong></span> <span class='ocrx_word' id='word_1_34' title='bbox 1173 1317 1293 1385; x_wconf 85' lang='lat' dir='ltr'><strong>suncti.</strong></span> 
     </span>
    </p>
   </div>
   <div class='ocr_carea' id='block_1_4' title="bbox 322 1507 1691 2698">
    <p class='ocr_par' dir='ltr' id='par_1_4' title="bbox 322 1507 1691 2698">
     <span class='ocr_line' id='line_1_6' title="bbox 429 1507 1689 1601; baseline -0.003 -17"><span class='ocrx_word' id='word_1_35' title='bbox 429 1507 595 1584; x_wconf 78' lang='lat' dir='ltr'><strong>lovocnrro</strong></span> <span class='ocrx_word' id='word_1_36' title='bbox 619 1515 747 1599; x_wconf 83' lang='lat' dir='ltr'><strong>Spiritus</strong></span> <span class='ocrx_word' id='word_1_37' title='bbox 769 1519 875 1595; x_wconf 89' lang='lat' dir='ltr'><strong>sancti,</strong></span> <span class='ocrx_word' id='word_1_38' title='bbox 899 1536 1083 1581; x_wconf 86' lang='lat' dir='ltr'><strong>communem</strong></span> <span class='ocrx_word' id='word_1_39' title='bbox 1107 1517 1243 1581; x_wconf 89' lang='lat' dir='ltr'><strong>omnibus</strong></span> <span class='ocrx_word' id='word_1_40' title='bbox 1257 1517 1400 1601; x_wconf 89' lang='lat' dir='ltr'><strong>Liturgiis</strong></span> <span class='ocrx_word' id='word_1_41' title='bbox 1415 1517 1617 1592; x_wconf 86' lang='lat' dir='ltr'><strong>Orientalibus</strong></span> <span class='ocrx_word' id='word_1_42' title='bbox 1640 1518 1689 1581; x_wconf 93' lang='lat' dir='ltr'><strong>le-</strong></span> 
     </span>
     <span class='ocr_line' id='line_1_7' title="bbox 325 1619 1690 1703; baseline 0 -19"><span class='ocrx_word' id='word_1_43' title='bbox 325 1623 452 1685; x_wconf 88' lang='lat' dir='ltr'><strong>ctionem</strong></span> <span class='ocrx_word' id='word_1_44' title='bbox 480 1629 692 1702; x_wconf 87' lang='lat' dir='ltr'><strong>repraesentat</strong></span> <span class='ocrx_word' id='word_1_45' title='bbox 719 1638 786 1683; x_wconf 90' lang='lat' dir='ltr'><strong>cum</strong></span> <span class='ocrx_word' id='word_1_46' title='bbox 819 1621 981 1700; x_wconf 88' lang='lat' dir='ltr'><strong>perspicua</strong></span> <span class='ocrx_word' id='word_1_47' title='bbox 1010 1619 1061 1683; x_wconf 95' lang='lat' dir='ltr'><strong>illa</strong></span> <span class='ocrx_word' id='word_1_48' title='bbox 1094 1622 1285 1684; x_wconf 85' lang='lat' dir='ltr'><strong>distinctione</strong></span> <span class='ocrx_word' id='word_1_49' title='bbox 1316 1619 1443 1702; x_wconf 89' lang='lat' dir='ltr'><strong>duplicis</strong></span> <span class='ocrx_word' id='word_1_50' title='bbox 1475 1619 1602 1683; x_wconf 82' lang='lat' dir='ltr'><strong>allectus</strong></span> <span class='ocrx_word' id='word_1_51' title='bbox 1632 1639 1690 1703; x_wconf 93' lang='lat' dir='ltr'><strong>per</strong></span> 
     </span>
     <span class='ocr_line' id='line_1_8' title="bbox 326 1718 1690 1802; baseline -0.001 -18"><span class='ocrx_word' id='word_1_52' title='bbox 326 1721 420 1785; x_wconf 90' lang='lat' dir='ltr'><strong>sancti</strong></span> <span class='ocrx_word' id='word_1_53' title='bbox 444 1721 571 1802; x_wconf 90' lang='lat' dir='ltr'><strong>Spiritus</strong></span> <span class='ocrx_word' id='word_1_54' title='bbox 595 1719 756 1782; x_wconf 88' lang='lat' dir='ltr'><strong>adventum</strong></span> <span class='ocrx_word' id='word_1_55' title='bbox 777 1718 935 1801; x_wconf 90' lang='lat' dir='ltr'><strong>postulati:</strong></span> <span class='ocrx_word' id='word_1_56' title='bbox 966 1737 1074 1800; x_wconf 88' lang='lat' dir='ltr'><strong>nempe</strong></span> <span class='ocrx_word' id='word_1_57' title='bbox 1102 1721 1132 1782; x_wconf 94' lang='lat' dir='ltr'><strong>in</strong></span> <span class='ocrx_word' id='word_1_58' title='bbox 1159 1719 1237 1782; x_wconf 89' lang='lat' dir='ltr'><strong>dona</strong></span> <span class='ocrx_word' id='word_1_59' title='bbox 1258 1721 1431 1802; x_wconf 91' lang='lat' dir='ltr'><strong>proposita,</strong></span> <span class='ocrx_word' id='word_1_60' title='bbox 1462 1727 1495 1781; x_wconf 92' lang='lat' dir='ltr'><strong>ut</strong></span> <span class='ocrx_word' id='word_1_61' title='bbox 1524 1739 1560 1782; x_wconf 88' lang='lat' dir='ltr'><strong>ea</strong></span> <span class='ocrx_word' id='word_1_62' title='bbox 1583 1719 1690 1782; x_wconf 80' lang='lat' dir='ltr'><strong>alliciat</strong></span> 
     </span>
     <span class='ocr_line' id='line_1_9' title="bbox 326 1819 1691 1902; baseline 0.001 -21"><span class='ocrx_word' id='word_1_63' title='bbox 326 1838 438 1902; x_wconf 91' lang='lat' dir='ltr'><strong>corpus</strong></span> <span class='ocrx_word' id='word_1_64' title='bbox 467 1828 498 1884; x_wconf 90' lang='lat' dir='ltr'><strong>et</strong></span> <span class='ocrx_word' id='word_1_65' title='bbox 528 1821 705 1900; x_wconf 90' lang='lat' dir='ltr'><strong>sanguinem</strong></span> <span class='ocrx_word' id='word_1_66' title='bbox 729 1819 839 1882; x_wconf 85' lang='lat' dir='ltr'><strong>Christi</strong></span> <span class='ocrx_word' id='word_1_67' title='bbox 871 1819 1003 1882; x_wconf 88' lang='lat' dir='ltr'><strong>Domini:</strong></span> <span class='ocrx_word' id='word_1_68' title='bbox 1038 1821 1068 1881; x_wconf 94' lang='lat' dir='ltr'><strong>in</strong></span> <span class='ocrx_word' id='word_1_69' title='bbox 1098 1819 1293 1884; x_wconf 87' lang='lat' dir='ltr'><strong>Sacerdotem</strong></span> <span class='ocrx_word' id='word_1_70' title='bbox 1323 1828 1354 1882; x_wconf 87' lang='lat' dir='ltr'><strong>et</strong></span> <span class='ocrx_word' id='word_1_71' title='bbox 1384 1820 1626 1899; x_wconf 88' lang='lat' dir='ltr'><strong>circumstantes,</strong></span> <span class='ocrx_word' id='word_1_72' title='bbox 1657 1826 1691 1882; x_wconf 89' lang='lat' dir='ltr'><strong>ut</strong></span> 
     </span>
     <span class='ocr_line' id='line_1_10' title="bbox 325 1917 1691 2001; baseline 0 -20"><span class='ocrx_word' id='word_1_73' title='bbox 325 1921 537 2001; x_wconf 81' lang='lat' dir='ltr'><strong>mysteriorum</strong></span> <span class='ocrx_word' id='word_1_74' title='bbox 565 1917 753 1998; x_wconf 90' lang='lat' dir='ltr'><strong>participatio</strong></span> <span class='ocrx_word' id='word_1_75' title='bbox 783 1920 879 1999; x_wconf 91' lang='lat' dir='ltr'><strong>prosit</strong></span> <span class='ocrx_word' id='word_1_76' title='bbox 916 1917 973 1980; x_wconf 95' lang='lat' dir='ltr'><strong>illis</strong></span> <span class='ocrx_word' id='word_1_77' title='bbox 1006 1919 1042 1980; x_wconf 90' lang='lat' dir='ltr'><strong>ad</strong></span> <span class='ocrx_word' id='word_1_78' title='bbox 1076 1919 1284 1981; x_wconf 87' lang='lat' dir='ltr'><strong>remissionem</strong></span> <span class='ocrx_word' id='word_1_79' title='bbox 1312 1925 1506 1999; x_wconf 91' lang='lat' dir='ltr'><strong>peccatorum</strong></span> <span class='ocrx_word' id='word_1_80' title='bbox 1541 1927 1572 1980; x_wconf 90' lang='lat' dir='ltr'><strong>et</strong></span> <span class='ocrx_word' id='word_1_81' title='bbox 1600 1921 1691 1981; x_wconf 88' lang='lat' dir='ltr'><strong>vitam</strong></span> 
     </span>
     <span class='ocr_line' id='line_1_11' title="bbox 326 2003 1689 2100; baseline 0.001 -20"><span class='ocrx_word' id='word_1_82' title='bbox 326 2027 486 2080; x_wconf 89' lang='lat' dir='ltr'><strong>aeternam.</strong></span> <span class='ocrx_word' id='word_1_83' title='bbox 533 2017 695 2098; x_wconf 90' lang='lat' dir='ltr'><strong>Utrumque</strong></span> <span class='ocrx_word' id='word_1_84' title='bbox 711 2003 796 2080; x_wconf 78' lang='lat' dir='ltr'><strong>&#39;enim</strong></span> <span class='ocrx_word' id='word_1_85' title='bbox 819 2016 970 2094; x_wconf 85' lang='lat' dir='ltr'><strong>ellectum,</strong></span> <span class='ocrx_word' id='word_1_86' title='bbox 993 2018 1063 2082; x_wconf 92' lang='lat' dir='ltr'><strong>dum</strong></span> <span class='ocrx_word' id='word_1_87' title='bbox 1097 2018 1221 2081; x_wconf 89' lang='lat' dir='ltr'><strong>similem</strong></span> <span class='ocrx_word' id='word_1_88' title='bbox 1251 2036 1290 2079; x_wconf 86' lang='lat' dir='ltr'><strong>ex</strong></span> <span class='ocrx_word' id='word_1_89' title='bbox 1318 2017 1459 2100; x_wconf 85' lang='lat' dir='ltr'><strong>Gregorii</strong></span> <span class='ocrx_word' id='word_1_90' title='bbox 1489 2016 1613 2099; x_wconf 87' lang='lat' dir='ltr'><strong>Coptica</strong></span> <span class='ocrx_word' id='word_1_91' title='bbox 1635 2018 1689 2081; x_wconf 94' lang='lat' dir='ltr'><strong>Li-</strong></span> 
     </span>
     <span class='ocr_line' id='line_1_12' title="bbox 325 2116 1691 2200; baseline 0.002 -21"><span class='ocrx_word' id='word_1_92' title='bbox 325 2119 422 2200; x_wconf 88' lang='lat' dir='ltr'><strong>turgia</strong></span> <span class='ocrx_word' id='word_1_93' title='bbox 447 2117 603 2180; x_wconf 80' lang='lat' dir='ltr'><strong>formulam</strong></span> <span class='ocrx_word' id='word_1_94' title='bbox 624 2119 748 2180; x_wconf 83' lang='lat' dir='ltr'><strong>vexarit</strong></span> <span class='ocrx_word' id='word_1_95' title='bbox 763 2116 934 2195; x_wconf 86' lang='lat' dir='ltr'><strong>Salmasius,</strong></span> <span class='ocrx_word' id='word_1_96' title='bbox 959 2117 1143 2180; x_wconf 84' lang='lat' dir='ltr'><strong>confundere</strong></span> <span class='ocrx_word' id='word_1_97' title='bbox 1159 2125 1284 2180; x_wconf 87' lang='lat' dir='ltr'><strong>conatus</strong></span> <span class='ocrx_word' id='word_1_98' title='bbox 1307 2125 1364 2198; x_wconf 87' lang='lat' dir='ltr'><strong>est,</strong></span> <span class='ocrx_word' id='word_1_99' title='bbox 1389 2125 1421 2179; x_wconf 92' lang='lat' dir='ltr'><strong>ut</strong></span> <span class='ocrx_word' id='word_1_100' title='bbox 1442 2117 1562 2180; x_wconf 91' lang='lat' dir='ltr'><strong>scilicet</strong></span> <span class='ocrx_word' id='word_1_101' title='bbox 1582 2117 1691 2182; x_wconf 88' lang='lat' dir='ltr'><strong>herent</strong></span> 
     </span>
     <span class='ocr_line' id='line_1_13' title="bbox 325 2216 1689 2300; baseline 0.001 -22"><span class='ocrx_word' id='word_1_102' title='bbox 325 2217 402 2279; x_wconf 90' lang='lat' dir='ltr'><strong>dona</strong></span> <span class='ocrx_word' id='word_1_103' title='bbox 425 2219 583 2299; x_wconf 88' lang='lat' dir='ltr'><strong>proposita</strong></span> <span class='ocrx_word' id='word_1_104' title='bbox 607 2233 717 2298; x_wconf 90' lang='lat' dir='ltr'><strong>corpus</strong></span> <span class='ocrx_word' id='word_1_105' title='bbox 741 2225 771 2278; x_wconf 91' lang='lat' dir='ltr'><strong>et</strong></span> <span class='ocrx_word' id='word_1_106' title='bbox 794 2218 929 2300; x_wconf 81' lang='lat' dir='ltr'><strong>sanguis,</strong></span> <span class='ocrx_word' id='word_1_107' title='bbox 952 2219 1005 2280; x_wconf 90' lang='lat' dir='ltr'><strong>scd</strong></span> <span class='ocrx_word' id='word_1_108' title='bbox 1036 2217 1094 2280; x_wconf 87' lang='lat' dir='ltr'><strong>illis</strong></span> <span class='ocrx_word' id='word_1_109' title='bbox 1125 2217 1269 2279; x_wconf 84' lang='lat' dir='ltr'><strong>duntaxat</strong></span> <span class='ocrx_word' id='word_1_110' title='bbox 1299 2235 1375 2298; x_wconf 90' lang='lat' dir='ltr'><strong>quos</strong></span> <span class='ocrx_word' id='word_1_111' title='bbox 1408 2216 1536 2300; x_wconf 89' lang='lat' dir='ltr'><strong>Spiritus</strong></span> <span class='ocrx_word' id='word_1_112' title='bbox 1565 2226 1689 2280; x_wconf 91' lang='lat' dir='ltr'><strong>sanctus</strong></span> 
     </span>
     <span class='ocr_line' id='line_1_14' title="bbox 322 2315 1689 2398; baseline 0.001 -20"><span class='ocrx_word' id='word_1_113' title='bbox 322 2318 405 2398; x_wconf 93' lang='lat' dir='ltr'><strong>prius</strong></span> <span class='ocrx_word' id='word_1_114' title='bbox 428 2317 693 2391; x_wconf 84' lang='lat' dir='ltr'><strong>sanctificavissel3</strong></span> <span class='ocrx_word' id='word_1_115' title='bbox 717 2334 775 2396; x_wconf 91' lang='lat' dir='ltr'><strong>qua</strong></span> <span class='ocrx_word' id='word_1_116' title='bbox 798 2317 1047 2398; x_wconf 88' lang='lat' dir='ltr'><strong>interpretatione</strong></span> <span class='ocrx_word' id='word_1_117' title='bbox 1061 2316 1133 2394; x_wconf 89' lang='lat' dir='ltr'><strong>nihil</strong></span> <span class='ocrx_word' id='word_1_118' title='bbox 1152 2315 1322 2395; x_wconf 88' lang='lat' dir='ltr'><strong>absurdius,</strong></span> <span class='ocrx_word' id='word_1_119' title='bbox 1345 2324 1395 2378; x_wconf 92' lang='lat' dir='ltr'><strong>aut</strong></span> <span class='ocrx_word' id='word_1_120' title='bbox 1410 2318 1505 2398; x_wconf 89' lang='lat' dir='ltr'><strong>magis</strong></span> <span class='ocrx_word' id='word_1_121' title='bbox 1521 2316 1689 2380; x_wconf 86' lang='lat' dir='ltr'><strong>abhorrens</strong></span> 
     </span>
     <span class='ocr_line' id='line_1_15' title="bbox 325 2414 1688 2498; baseline 0.001 -22"><span class='ocrx_word' id='word_1_122' title='bbox 325 2414 361 2476; x_wconf 90' lang='lat' dir='ltr'><strong>ab</strong></span> <span class='ocrx_word' id='word_1_123' title='bbox 391 2415 587 2478; x_wconf 89' lang='lat' dir='ltr'><strong>Orientalium</strong></span> <span class='ocrx_word' id='word_1_124' title='bbox 616 2415 801 2498; x_wconf 85' lang='lat' dir='ltr'><strong>Theologia,</strong></span> <span class='ocrx_word' id='word_1_125' title='bbox 834 2423 866 2478; x_wconf 92' lang='lat' dir='ltr'><strong>ut</strong></span> <span class='ocrx_word' id='word_1_126' title='bbox 901 2417 937 2478; x_wconf 89' lang='lat' dir='ltr'><strong>ab</strong></span> <span class='ocrx_word' id='word_1_127' title='bbox 975 2418 1164 2497; x_wconf 87' lang='lat' dir='ltr'><strong>antiquorum</strong></span> <span class='ocrx_word' id='word_1_128' title='bbox 1190 2416 1309 2478; x_wconf 91' lang='lat' dir='ltr'><strong>Patrum</strong></span> <span class='ocrx_word' id='word_1_129' title='bbox 1339 2415 1484 2478; x_wconf 89' lang='lat' dir='ltr'><strong>doctrina.</strong></span> <span class='ocrx_word' id='word_1_130' title='bbox 1533 2415 1567 2478; x_wconf 93' lang='lat' dir='ltr'><strong>ln</strong></span> <span class='ocrx_word' id='word_1_131' title='bbox 1600 2415 1688 2497; x_wconf 92' lang='lat' dir='ltr'><strong>hujus</strong></span> 
     </span>
     <span class='ocr_line' id='line_1_16' title="bbox 326 2513 1688 2598; baseline 0.002 -23"><span class='ocrx_word' id='word_1_132' title='bbox 326 2521 423 2576; x_wconf 88' lang='lat' dir='ltr'><strong>autem</strong></span> <span class='ocrx_word' id='word_1_133' title='bbox 449 2514 602 2598; x_wconf 84' lang='lat' dir='ltr'><strong>liturgiae</strong></span> <span class='ocrx_word' id='word_1_134' title='bbox 626 2513 816 2576; x_wconf 82' lang='lat' dir='ltr'><strong>invocatione</strong></span> <span class='ocrx_word' id='word_1_135' title='bbox 840 2515 993 2598; x_wconf 90' lang='lat' dir='ltr'><strong>singulare</strong></span> <span class='ocrx_word' id='word_1_136' title='bbox 1015 2525 1079 2594; x_wconf 90' lang='lat' dir='ltr'><strong>est,</strong></span> <span class='ocrx_word' id='word_1_137' title='bbox 1108 2515 1188 2596; x_wconf 89' lang='lat' dir='ltr'><strong>quod</strong></span> <span class='ocrx_word' id='word_1_138' title='bbox 1211 2533 1277 2577; x_wconf 90' lang='lat' dir='ltr'><strong>cum</strong></span> <span class='ocrx_word' id='word_1_139' title='bbox 1299 2514 1476 2596; x_wconf 89' lang='lat' dir='ltr'><strong>pleraeque,</strong></span> <span class='ocrx_word' id='word_1_140' title='bbox 1500 2534 1540 2578; x_wconf 87' lang='lat' dir='ltr'><strong>ex</strong></span> <span class='ocrx_word' id='word_1_141' title='bbox 1561 2515 1688 2578; x_wconf 88' lang='lat' dir='ltr'><strong>vocibus</strong></span> 
     </span>
     <span class='ocr_line' id='line_1_17' title="bbox 328 2606 1690 2698; baseline 0.002 -24"><span class='ocrx_word' id='word_1_142' title='bbox 328 2631 405 2694; x_wconf 90' lang='lat' dir='ltr'><strong>quae</strong></span> <span class='ocrx_word' id='word_1_143' title='bbox 427 2612 588 2676; x_wconf 88' lang='lat' dir='ltr'><strong>adventum</strong></span> <span class='ocrx_word' id='word_1_144' title='bbox 610 2632 665 2676; x_wconf 89' lang='lat' dir='ltr'><strong>scu</strong></span> <span class='ocrx_word' id='word_1_145' title='bbox 688 2606 905 2698; x_wconf 78' lang='grc' dir='ltr'><em>ἑπιφοίτησιν,</em></span> <span class='ocrx_word' id='word_1_146' title='bbox 929 2623 959 2677; x_wconf 91' lang='lat' dir='ltr'><strong>et</strong></span> <span class='ocrx_word' id='word_1_147' title='bbox 982 2609 1169 2677; x_wconf 79' lang='grc' dir='ltr'><strong><em>ἐπισκίασιν</em></strong></span> <span class='ocrx_word' id='word_1_148' title='bbox 1188 2613 1316 2696; x_wconf 89' lang='lat' dir='ltr'><strong>Spiritus</strong></span> <span class='ocrx_word' id='word_1_149' title='bbox 1340 2617 1436 2677; x_wconf 89' lang='lat' dir='ltr'><strong>sancti</strong></span> <span class='ocrx_word' id='word_1_150' title='bbox 1458 2613 1635 2698; x_wconf 84' lang='lat' dir='ltr'><strong>significant,</strong></span> <span class='ocrx_word' id='word_1_151' title='bbox 1659 2623 1690 2678; x_wconf 88' lang='lat' dir='ltr'><strong>et</strong></span> 
     </span>
    </p>
   </div>
   <div class='ocr_carea' id='block_1_5' title="bbox 327 2713 1779 2798">
    <p class='ocr_par' dir='ltr' id='par_1_5' title="bbox 327 2713 1779 2798">
     <span class='ocr_line' id='line_1_18' title="bbox 327 2713 1779 2798; baseline 0.002 -24"><span class='ocrx_word' id='word_1_152' title='bbox 327 2731 429 2776; x_wconf 89' lang='lat' dir='ltr'><strong>omnes</strong></span> <span class='ocrx_word' id='word_1_153' title='bbox 453 2714 587 2776; x_wconf 86' lang='lat' dir='ltr'><strong>eamdem</strong></span> <span class='ocrx_word' id='word_1_154' title='bbox 610 2715 668 2776; x_wconf 87' lang='lat' dir='ltr'><strong>vim</strong></span> <span class='ocrx_word' id='word_1_155' title='bbox 692 2722 723 2776; x_wconf 86' lang='lat' dir='ltr'><strong>et</strong></span> <span class='ocrx_word' id='word_1_156' title='bbox 745 2715 991 2798; x_wconf 90' lang='lat' dir='ltr'><strong>significationem</strong></span> <span class='ocrx_word' id='word_1_157' title='bbox 1019 2713 1149 2789; x_wconf 91' lang='lat' dir='ltr'><strong>habent,</strong></span> <span class='ocrx_word' id='word_1_158' title='bbox 1177 2732 1263 2776; x_wconf 90' lang='lat' dir='ltr'><strong>unam</strong></span> <span class='ocrx_word' id='word_1_159' title='bbox 1291 2721 1342 2776; x_wconf 90' lang='lat' dir='ltr'><strong>aut</strong></span> <span class='ocrx_word' id='word_1_160' title='bbox 1371 2713 1445 2776; x_wconf 89' lang='lat' dir='ltr'><strong>duas</strong></span> <span class='ocrx_word' id='word_1_161' title='bbox 1467 2722 1688 2796; x_wconf 87' lang='lat' dir='ltr'><strong>repraesentet,</strong></span> <span class='ocrx_word' id='word_1_162' title='bbox 1777 2737 1779 2744; x_wconf 94' lang='lat'>·</span> 
     </span>
    </p>
   </div>
   <div class='ocr_carea' id='block_1_6' title="bbox 325 2813 1706 4067">
    <p class='ocr_par' dir='ltr' id='par_1_6' title="bbox 325 2813 1706 4067">
     <span class='ocr_line' id='line_1_19' title="bbox 325 2813 1690 2902; baseline 0.002 -28"><span class='ocrx_word' id='word_1_163' title='bbox 325 2813 380 2876; x_wconf 88' lang='lat' dir='ltr'><strong>ista</strong></span> <span class='ocrx_word' id='word_1_164' title='bbox 404 2831 507 2876; x_wconf 88' lang='lat' dir='ltr'><strong>omncs</strong></span> <span class='ocrx_word' id='word_1_165' title='bbox 531 2814 763 2894; x_wconf 88' lang='lat' dir='ltr'><strong>complectatur:</strong></span> <span class='ocrx_word' id='word_1_166' title='bbox 787 2833 894 2894; x_wconf 91' lang='lat' dir='ltr'><strong>nempe</strong></span> <span class='ocrx_word' id='word_1_167' title='bbox 917 2824 983 2902; x_wconf 65' lang='lat' dir='ltr'><strong>illel</strong></span> <span class='ocrx_word' id='word_1_168' title='bbox 1001 2815 1203 2893; x_wconf 81' lang='lat' dir='ltr'><strong>superveniat,</strong></span> <span class='ocrx_word' id='word_1_169' title='bbox 1220 2823 1311 2898; x_wconf 77' lang='lat' dir='ltr'><strong>5]th</strong></span> <span class='ocrx_word' id='word_1_170' title='bbox 1333 2813 1495 2890; x_wconf 81' lang='lat' dir='ltr'><strong>obumbret,</strong></span> <span class='ocrx_word' id='word_1_171' title='bbox 1524 2825 1614 2883; x_wconf 78' lang='lat' dir='ltr'><strong>num</strong></span> <span class='ocrx_word' id='word_1_172' title='bbox 1636 2835 1690 2877; x_wconf 83' lang='lat' dir='ltr'><strong>re-</strong></span> 
     </span>
     <span class='ocr_line' id='line_1_20' title="bbox 325 2903 1689 2996; baseline 0.001 -22"><span class='ocrx_word' id='word_1_173' title='bbox 325 2913 470 2992; x_wconf 79' lang='lat' dir='ltr'><strong>quiescat,</strong></span> <span class='ocrx_word' id='word_1_174' title='bbox 492 2912 600 2994; x_wconf 92' lang='lat' dir='ltr'><strong>quibus</strong></span> <span class='ocrx_word' id='word_1_175' title='bbox 622 2913 757 2993; x_wconf 84' lang='lat' dir='ltr'><strong>illapsus,</strong></span> <span class='ocrx_word' id='word_1_176' title='bbox 781 2903 980 2988; x_wconf 79' lang='lat' dir='ltr'><strong>obumbratio,</strong></span> <span class='ocrx_word' id='word_1_177' title='bbox 1003 2915 1205 2993; x_wconf 68' lang='lat' dir='ltr'><strong>addentesque</strong></span> <span class='ocrx_word' id='word_1_178' title='bbox 1232 2913 1329 2976; x_wconf 88' lang='lat' dir='ltr'><strong>sancti</strong></span> <span class='ocrx_word' id='word_1_179' title='bbox 1359 2910 1486 2996; x_wconf 89' lang='lat' dir='ltr'><strong>Spiritus</strong></span> <span class='ocrx_word' id='word_1_180' title='bbox 1515 2914 1545 2974; x_wconf 95' lang='lat' dir='ltr'><strong>in</strong></span> <span class='ocrx_word' id='word_1_181' title='bbox 1567 2912 1689 2976; x_wconf 89' lang='lat' dir='ltr'><strong>Beatam</strong></span> 
     </span>
     <span class='ocr_line' id='line_1_21' title="bbox 325 3010 1688 3094; baseline 0.003 -22"><span class='ocrx_word' id='word_1_182' title='bbox 325 3011 480 3092; x_wconf 89' lang='lat' dir='ltr'><strong>Virginem</strong></span> <span class='ocrx_word' id='word_1_183' title='bbox 502 3011 540 3073; x_wconf 90' lang='lat' dir='ltr'><strong>ad</strong></span> <span class='ocrx_word' id='word_1_184' title='bbox 563 3012 777 3075; x_wconf 88' lang='lat' dir='ltr'><strong>iucarnationis</strong></span> <span class='ocrx_word' id='word_1_185' title='bbox 801 3013 975 3094; x_wconf 83' lang='lat' dir='ltr'><strong>mysterium</strong></span> <span class='ocrx_word' id='word_1_186' title='bbox 998 3010 1203 3093; x_wconf 88' lang='lat' dir='ltr'><strong>significantur</strong></span> <span class='ocrx_word' id='word_1_187' title='bbox 1225 3030 1242 3072; x_wconf 85' lang='lat' dir='ltr'><strong>a</strong></span> <span class='ocrx_word' id='word_1_188' title='bbox 1266 3010 1441 3093; x_wconf 84' lang='lat' dir='ltr'><strong>Theolcgis,</strong></span> <span class='ocrx_word' id='word_1_189' title='bbox 1465 3013 1534 3074; x_wconf 93' lang='lat' dir='ltr'><strong>dum</strong></span> <span class='ocrx_word' id='word_1_190' title='bbox 1555 3015 1688 3076; x_wconf 89' lang='lat' dir='ltr'><strong>miracu-</strong></span> 
     </span>
     <span class='ocr_line' id='line_1_22' title="bbox 325 3108 1706 3194; baseline 0.004 -24"><span class='ocrx_word' id='word_1_191' title='bbox 325 3108 383 3171; x_wconf 93' lang='lat' dir='ltr'><strong>lum</strong></span> <span class='ocrx_word' id='word_1_192' title='bbox 406 3110 486 3191; x_wconf 92' lang='lat' dir='ltr'><strong>quod</strong></span> <span class='ocrx_word' id='word_1_193' title='bbox 509 3112 539 3172; x_wconf 94' lang='lat' dir='ltr'><strong>in</strong></span> <span class='ocrx_word' id='word_1_194' title='bbox 560 3111 748 3173; x_wconf 89' lang='lat' dir='ltr'><strong>Eucharistia</strong></span> <span class='ocrx_word' id='word_1_195' title='bbox 771 3110 813 3189; x_wconf 88' lang='lat' dir='ltr'><strong>ht,</strong></span> <span class='ocrx_word' id='word_1_196' title='bbox 838 3109 924 3172; x_wconf 89' lang='lat' dir='ltr'><strong>alteri</strong></span> <span class='ocrx_word' id='word_1_197' title='bbox 947 3111 1025 3191; x_wconf 91' lang='lat' dir='ltr'><strong>quod</strong></span> <span class='ocrx_word' id='word_1_198' title='bbox 1047 3110 1156 3172; x_wconf 87' lang='lat' dir='ltr'><strong>lactum</strong></span> <span class='ocrx_word' id='word_1_199' title='bbox 1180 3118 1226 3173; x_wconf 87' lang='lat' dir='ltr'><strong>est</strong></span> <span class='ocrx_word' id='word_1_200' title='bbox 1241 3111 1273 3171; x_wconf 92' lang='lat' dir='ltr'><strong>iu</strong></span> <span class='ocrx_word' id='word_1_201' title='bbox 1286 3110 1501 3174; x_wconf 88' lang='lat' dir='ltr'><strong>incarnationis</strong></span> <span class='ocrx_word' id='word_1_202' title='bbox 1524 3123 1706 3194; x_wconf 88' lang='lat' dir='ltr'><strong>momento,&#39;</strong></span> 
     </span>
     <span class='ocr_line' id='line_1_23' title="bbox 327 3207 1686 3291; baseline 0.004 -22"><span class='ocrx_word' id='word_1_203' title='bbox 327 3217 508 3289; x_wconf 88' lang='lat' dir='ltr'><strong>comparant.</strong></span> <span class='ocrx_word' id='word_1_204' title='bbox 561 3209 595 3271; x_wconf 90' lang='lat' dir='ltr'><strong>ln</strong></span> <span class='ocrx_word' id='word_1_205' title='bbox 622 3211 678 3272; x_wconf 92' lang='lat' dir='ltr'><strong>ista</strong></span> <span class='ocrx_word' id='word_1_206' title='bbox 706 3227 800 3291; x_wconf 92' lang='lat' dir='ltr'><strong>porro</strong></span> <span class='ocrx_word' id='word_1_207' title='bbox 834 3207 928 3270; x_wconf 85' lang='lat' dir='ltr'><strong>forma</strong></span> <span class='ocrx_word' id='word_1_208' title='bbox 955 3208 1153 3272; x_wconf 81' lang='lat' dir='ltr'><strong>{nvncalionis</strong></span> <span class='ocrx_word' id='word_1_209' title='bbox 1183 3208 1339 3291; x_wconf 87' lang='lat' dir='ltr'><strong>adjicitur,</strong></span> <span class='ocrx_word' id='word_1_210' title='bbox 1371 3218 1401 3272; x_wconf 88' lang='lat' dir='ltr'><strong>et</strong></span> <span class='ocrx_word' id='word_1_211' title='bbox 1430 3219 1606 3274; x_wconf 83' lang='lat' dir='ltr'><strong>transmutet</strong></span> <span class='ocrx_word' id='word_1_212' title='bbox 1635 3231 1686 3276; x_wconf 88' lang='lat' dir='ltr'><strong>cas</strong></span> 
     </span>
     <span class='ocr_line' id='line_1_24' title="bbox 327 3307 1688 3393; baseline 0.006 -25"><span class='ocrx_word' id='word_1_213' title='bbox 327 3307 509 3370; x_wconf 89' lang='lat' dir='ltr'><strong>oblationes:</strong></span> <span class='ocrx_word' id='word_1_214' title='bbox 533 3327 610 3390; x_wconf 91' lang='lat' dir='ltr'><strong>quae</strong></span> <span class='ocrx_word' id='word_1_215' title='bbox 632 3309 726 3371; x_wconf 88' lang='lat' dir='ltr'><strong>verba</strong></span> <span class='ocrx_word' id='word_1_216' title='bbox 749 3317 913 3371; x_wconf 89' lang='lat' dir='ltr'><strong>occurrunt</strong></span> <span class='ocrx_word' id='word_1_217' title='bbox 935 3311 965 3370; x_wconf 90' lang='lat' dir='ltr'><strong>in</strong></span> <span class='ocrx_word' id='word_1_218' title='bbox 983 3309 1099 3372; x_wconf 90' lang='lat' dir='ltr'><strong>Graeca</strong></span> <span class='ocrx_word' id='word_1_219' title='bbox 1112 3308 1247 3392; x_wconf 91' lang='lat' dir='ltr'><strong>Liturgia</strong></span> <span class='ocrx_word' id='word_1_220' title='bbox 1271 3308 1492 3390; x_wconf 79' lang='lat' dir='ltr'><strong>chrysostomi:</strong></span> <span class='ocrx_word' id='word_1_221' title='bbox 1520 3319 1551 3373; x_wconf 87' lang='lat' dir='ltr'><strong>et</strong></span> <span class='ocrx_word' id='word_1_222' title='bbox 1572 3311 1603 3372; x_wconf 91' lang='lat' dir='ltr'><strong>in</strong></span> <span class='ocrx_word' id='word_1_223' title='bbox 1626 3311 1688 3393; x_wconf 87' lang='lat' dir='ltr'><strong>Sy·</strong></span> 
     </span>
     <span class='ocr_line' id='line_1_25' title="bbox 325 3407 1688 3489; baseline 0.004 -21"><span class='ocrx_word' id='word_1_224' title='bbox 325 3408 407 3470; x_wconf 89' lang='lat' dir='ltr'><strong>riaca</strong></span> <span class='ocrx_word' id='word_1_225' title='bbox 429 3427 507 3489; x_wconf 91' lang='lat' dir='ltr'><strong>quae</strong></span> <span class='ocrx_word' id='word_1_226' title='bbox 529 3407 671 3471; x_wconf 89' lang='lat' dir='ltr'><strong>Nestorio</strong></span> <span class='ocrx_word' id='word_1_227' title='bbox 694 3407 847 3472; x_wconf 90' lang='lat' dir='ltr'><strong>tribuitur:</strong></span> <span class='ocrx_word' id='word_1_228' title='bbox 873 3415 933 3471; x_wconf 92' lang='lat' dir='ltr'><strong>tum</strong></span> <span class='ocrx_word' id='word_1_229' title='bbox 956 3409 984 3470; x_wconf 91' lang='lat' dir='ltr'><strong>in</strong></span> <span class='ocrx_word' id='word_1_230' title='bbox 1008 3408 1173 3471; x_wconf 90' lang='lat' dir='ltr'><strong>Jacohitica</strong></span> <span class='ocrx_word' id='word_1_231' title='bbox 1193 3407 1301 3471; x_wconf 89' lang='lat' dir='ltr'><strong>Jacobi</strong></span> <span class='ocrx_word' id='word_1_232' title='bbox 1315 3407 1473 3487; x_wconf 87' lang='lat' dir='ltr'><strong>Edesscni,</strong></span> <span class='ocrx_word' id='word_1_233' title='bbox 1497 3409 1632 3472; x_wconf 87' lang='lat' dir='ltr'><strong>Marutae</strong></span> <span class='ocrx_word' id='word_1_234' title='bbox 1656 3420 1688 3473; x_wconf 89' lang='lat' dir='ltr'><strong>et</strong></span> 
     </span>
     <span class='ocr_line' id='line_1_26' title="bbox 327 3507 1687 3592; baseline 0.004 -25"><span class='ocrx_word' id='word_1_235' title='bbox 327 3507 399 3570; x_wconf 92' lang='lat' dir='ltr'><strong>aliis.</strong></span> <span class='ocrx_word' id='word_1_236' title='bbox 446 3507 521 3570; x_wconf 90' lang='lat' dir='ltr'><strong>llinc</strong></span> <span class='ocrx_word' id='word_1_237' title='bbox 544 3509 716 3589; x_wconf 85' lang='lat' dir='ltr'><strong>agnoscitur</strong></span> <span class='ocrx_word' id='word_1_238' title='bbox 738 3527 844 3572; x_wconf 90' lang='lat' dir='ltr'><strong>vocem</strong></span> <span class='ocrx_word' id='word_1_239' title='bbox 866 3519 956 3592; x_wconf 64' lang='lat' dir='ltr'><strong>istm,</strong></span> <span class='ocrx_word' id='word_1_240' title='bbox 987 3526 1064 3589; x_wconf 90' lang='lat' dir='ltr'><strong>quae</strong></span> <span class='ocrx_word' id='word_1_241' title='bbox 1087 3509 1116 3570; x_wconf 94' lang='lat' dir='ltr'><strong>in</strong></span> <span class='ocrx_word' id='word_1_242' title='bbox 1139 3508 1279 3589; x_wconf 88' lang='lat' dir='ltr'><strong>sequenti</strong></span> <span class='ocrx_word' id='word_1_243' title='bbox 1305 3508 1432 3588; x_wconf 91' lang='lat' dir='ltr'><strong>periodo</strong></span> <span class='ocrx_word' id='word_1_244' title='bbox 1454 3509 1580 3592; x_wconf 89' lang='lat' dir='ltr'><strong>legitur,</strong></span> <span class='ocrx_word' id='word_1_245' title='bbox 1603 3517 1634 3571; x_wconf 93' lang='lat' dir='ltr'><strong>ut</strong></span> <span class='ocrx_word' id='word_1_246' title='bbox 1655 3512 1687 3572; x_wconf 92' lang='lat' dir='ltr'><strong>in</strong></span> 
     </span>
     <span class='ocr_line' id='line_1_27' title="bbox 327 3605 1687 3691; baseline 0.002 -23"><span class='ocrx_word' id='word_1_247' title='bbox 327 3605 450 3686; x_wconf 90' lang='lat' dir='ltr'><strong>Syriaca</strong></span> <span class='ocrx_word' id='word_1_248' title='bbox 473 3623 593 3689; x_wconf 90' lang='lat' dir='ltr'><strong>quoque</strong></span> <span class='ocrx_word' id='word_1_249' title='bbox 614 3606 882 3690; x_wconf 81' lang='lat' dir='ltr'><strong>Jocohihpostott‚</strong></span> <span class='ocrx_word' id='word_1_250' title='bbox 905 3626 964 3670; x_wconf 91' lang='lat' dir='ltr'><strong>non</strong></span> <span class='ocrx_word' id='word_1_251' title='bbox 987 3609 1075 3670; x_wconf 88' lang='lat' dir='ltr'><strong>aliter</strong></span> <span class='ocrx_word' id='word_1_252' title='bbox 1087 3606 1323 3690; x_wconf 88' lang='lat' dir='ltr'><strong>intelligendam,</strong></span> <span class='ocrx_word' id='word_1_253' title='bbox 1346 3626 1433 3688; x_wconf 93' lang='lat' dir='ltr'><strong>quam</strong></span> <span class='ocrx_word' id='word_1_254' title='bbox 1447 3615 1480 3670; x_wconf 93' lang='lat' dir='ltr'><strong>ut</strong></span> <span class='ocrx_word' id='word_1_255' title='bbox 1494 3608 1687 3691; x_wconf 88' lang='lat' dir='ltr'><strong>intelligenda</strong></span> 
     </span>
     <span class='ocr_line' id='line_1_28' title="bbox 327 3695 1686 3794; baseline 0.001 -26"><span class='ocrx_word' id='word_1_256' title='bbox 327 3714 374 3769; x_wconf 86' lang='lat' dir='ltr'><strong>est</strong></span> <span class='ocrx_word' id='word_1_257' title='bbox 395 3726 457 3770; x_wconf 87' lang='lat' dir='ltr'><strong>vox</strong></span> <span class='ocrx_word' id='word_1_258' title='bbox 480 3695 633 3790; x_wconf 70' lang='grc' dir='ltr'><strong>ἀναδείξῃ</strong></span> <span class='ocrx_word' id='word_1_259' title='bbox 655 3725 733 3787; x_wconf 89' lang='lat' dir='ltr'><strong>quae</strong></span> <span class='ocrx_word' id='word_1_260' title='bbox 756 3707 864 3770; x_wconf 89' lang='lat' dir='ltr'><strong>eodem</strong></span> <span class='ocrx_word' id='word_1_261' title='bbox 887 3707 955 3770; x_wconf 91' lang='lat' dir='ltr'><strong>loco</strong></span> <span class='ocrx_word' id='word_1_262' title='bbox 984 3716 1146 3788; x_wconf 90' lang='lat' dir='ltr'><strong>usurpatur</strong></span> <span class='ocrx_word' id='word_1_263' title='bbox 1173 3707 1202 3794; x_wconf 84' lang='lat' dir='ltr'><strong>in</strong></span> <span class='ocrx_word' id='word_1_264' title='bbox 1226 3705 1351 3769; x_wconf 90' lang='lat' dir='ltr'><strong>Graecis</strong></span> <span class='ocrx_word' id='word_1_265' title='bbox 1380 3706 1550 3771; x_wconf 90' lang='lat' dir='ltr'><strong>codicibus:</strong></span> <span class='ocrx_word' id='word_1_266' title='bbox 1579 3727 1686 3791; x_wconf 89' lang='lat' dir='ltr'><strong>nempe</strong></span> 
     </span>
     <span class='ocr_line' id='line_1_29' title="bbox 327 3803 1687 3890; baseline 0.001 -22"><span class='ocrx_word' id='word_1_267' title='bbox 327 3814 493 3884; x_wconf 85' lang='lat' dir='ltr'><strong>consecret,</strong></span> <span class='ocrx_word' id='word_1_268' title='bbox 516 3813 546 3867; x_wconf 88' lang='lat' dir='ltr'><strong>et</strong></span> <span class='ocrx_word' id='word_1_269' title='bbox 569 3803 691 3886; x_wconf 74' lang='lat' dir='ltr'><strong>efficiat,</strong></span> <span class='ocrx_word' id='word_1_270' title='bbox 714 3813 746 3867; x_wconf 92' lang='lat' dir='ltr'><strong>ut</strong></span> <span class='ocrx_word' id='word_1_271' title='bbox 768 3809 889 3888; x_wconf 89' lang='lat' dir='ltr'><strong>saepius</strong></span> <span class='ocrx_word' id='word_1_272' title='bbox 912 3808 1090 3888; x_wconf 88' lang='lat' dir='ltr'><strong>exprimitur</strong></span> <span class='ocrx_word' id='word_1_273' title='bbox 1113 3809 1141 3870; x_wconf 92' lang='lat' dir='ltr'><strong>in</strong></span> <span class='ocrx_word' id='word_1_274' title='bbox 1159 3807 1287 3869; x_wconf 88' lang='lat' dir='ltr'><strong>diversis</strong></span> <span class='ocrx_word' id='word_1_275' title='bbox 1310 3808 1374 3870; x_wconf 90' lang='lat' dir='ltr'><strong>aliis</strong></span> <span class='ocrx_word' id='word_1_276' title='bbox 1387 3807 1528 3890; x_wconf 89' lang='lat' dir='ltr'><strong>Liturgiis</strong></span> <span class='ocrx_word' id='word_1_277' title='bbox 1546 3805 1687 3888; x_wconf 91' lang='lat' dir='ltr'><strong>Syriacis.</strong></span> 
     </span>
     <span class='ocr_line' id='line_1_30' title="bbox 326 3903 1688 3996; baseline 0.004 -32"><span class='ocrx_word' id='word_1_278' title='bbox 326 3903 371 3966; x_wconf 88' lang='lat' dir='ltr'><strong>De</strong></span> <span class='ocrx_word' id='word_1_279' title='bbox 395 3904 452 3967; x_wconf 92' lang='lat' dir='ltr'><strong>illis</strong></span> <span class='ocrx_word' id='word_1_280' title='bbox 476 3921 551 3966; x_wconf 89' lang='lat' dir='ltr'><strong>vern</strong></span> <span class='ocrx_word' id='word_1_281' title='bbox 574 3904 785 3986; x_wconf 89' lang='lat' dir='ltr'><strong>locutionibus,</strong></span> <span class='ocrx_word' id='word_1_282' title='bbox 809 3914 839 3968; x_wconf 91' lang='lat' dir='ltr'><strong>et</strong></span> <span class='ocrx_word' id='word_1_283' title='bbox 853 3907 1047 3969; x_wconf 91' lang='lat' dir='ltr'><strong>Orientalium</strong></span> <span class='ocrx_word' id='word_1_284' title='bbox 1069 3907 1124 3969; x_wconf 92' lang='lat' dir='ltr'><strong>hac</strong></span> <span class='ocrx_word' id='word_1_285' title='bbox 1147 3908 1176 3968; x_wconf 93' lang='lat' dir='ltr'><strong>in</strong></span> <span class='ocrx_word' id='word_1_286' title='bbox 1198 3914 1286 3987; x_wconf 90' lang='lat' dir='ltr'><strong>partc</strong></span> <span class='ocrx_word' id='word_1_287' title='bbox 1309 3906 1485 3990; x_wconf 85' lang='lat' dir='ltr'><strong>Theologia,</strong></span> <span class='ocrx_word' id='word_1_288' title='bbox 1508 3906 1688 3996; x_wconf 84' lang='lat' dir='ltr'><strong>sufficienter</strong></span> 
     </span>
     <span class='ocr_line' id='line_1_31' title="bbox 326 4002 604 4067; baseline 0.007 -2"><span class='ocrx_word' id='word_1_289' title='bbox 326 4003 435 4066; x_wconf 92' lang='lat' dir='ltr'><strong>dictum</strong></span> <span class='ocrx_word' id='word_1_290' title='bbox 458 4011 504 4066; x_wconf 88' lang='lat' dir='ltr'><strong>est</strong></span> <span class='ocrx_word' id='word_1_291' title='bbox 526 4002 604 4067; x_wconf 88' lang='lat' dir='ltr'><strong>alibi.</strong></span> 
     </span>
    </p>
   </div>
   <div class='ocr_carea' id='block_1_7' title="bbox 326 4262 1685 4479">
    <p class='ocr_par' dir='ltr' id='par_1_7' title="bbox 326 4262 1685 4479">
     <span class='ocr_line' id='line_1_32' title="bbox 326 4262 1685 4362; baseline 0.003 -28"><span class='ocrx_word' id='word_1_292' title='bbox 326 4262 361 4334; x_wconf 90' lang='grc'><strong>3.</strong></span> <span class='ocrx_word' id='word_1_293' title='bbox 402 4263 449 4334; x_wconf 85' lang='lat' dir='ltr'><strong>El</strong></span> <span class='ocrx_word' id='word_1_294' title='bbox 471 4268 586 4357; x_wconf 82' lang='lat' dir='ltr'><strong>sucini</strong></span> <span class='ocrx_word' id='word_1_295' title='bbox 612 4272 786 4361; x_wconf 84' lang='lat' dir='ltr'><strong>utrumque</strong></span> <span class='ocrx_word' id='word_1_296' title='bbox 812 4292 911 4338; x_wconf 86' lang='lat' dir='ltr'><strong>unum</strong></span> <span class='ocrx_word' id='word_1_297' title='bbox 939 4269 1069 4360; x_wconf 79' lang='lat' dir='ltr'><strong>Corpus</strong></span> <span class='ocrx_word' id='word_1_298' title='bbox 1096 4273 1131 4338; x_wconf 86' lang='lat' dir='ltr'><strong>et</strong></span> <span class='ocrx_word' id='word_1_299' title='bbox 1155 4266 1361 4362; x_wconf 84' lang='lat' dir='ltr'><strong>Suupuiuem</strong></span> <span class='ocrx_word' id='word_1_300' title='bbox 1386 4291 1499 4357; x_wconf 85' lang='lat' dir='ltr'><strong>uuum,</strong></span> <span class='ocrx_word' id='word_1_301' title='bbox 1525 4275 1685 4356; x_wconf 84' lang='lat' dir='ltr'><strong>sunctum,</strong></span> 
     </span>
     <span class='ocr_line' id='line_1_33' title="bbox 805 4384 1220 4479; baseline -0.005 -25"><span class='ocrx_word' id='word_1_302' title='bbox 805 4384 949 4479; x_wconf 85' lang='lat' dir='ltr'><strong>aequale</strong></span> <span class='ocrx_word' id='word_1_303' title='bbox 975 4389 1010 4455; x_wconf 89' lang='lat' dir='ltr'><strong>et</strong></span> <span class='ocrx_word' id='word_1_304' title='bbox 1034 4386 1220 4476; x_wconf 75' lang='lat' dir='ltr'><strong>mysticum:</strong></span> 
     </span>
    </p>
   </div>
   <div class='ocr_carea' id='block_1_8' title="bbox 324 4571 1687 5276">
    <p class='ocr_par' dir='ltr' id='par_1_8' title="bbox 324 4571 1687 5276">
     <span class='ocr_line' id='line_1_34' title="bbox 423 4571 1686 4671; baseline 0.002 -21"><span class='ocrx_word' id='word_1_305' title='bbox 423 4571 600 4650; x_wconf 76' lang='lat' dir='ltr'><strong>Sarranum</strong></span> <span class='ocrx_word' id='word_1_306' title='bbox 629 4585 716 4666; x_wconf 87' lang='lat' dir='ltr'><strong>hujus</strong></span> <span class='ocrx_word' id='word_1_307' title='bbox 751 4584 810 4648; x_wconf 89' lang='lat' dir='ltr'><strong>loci</strong></span> <span class='ocrx_word' id='word_1_308' title='bbox 841 4585 979 4667; x_wconf 91' lang='lat' dir='ltr'><strong>quiddam</strong></span> <span class='ocrx_word' id='word_1_309' title='bbox 1008 4587 1167 4650; x_wconf 89' lang='lat' dir='ltr'><strong>obscurum</strong></span> <span class='ocrx_word' id='word_1_310' title='bbox 1198 4587 1310 4652; x_wconf 89' lang='lat' dir='ltr'><strong>habere</strong></span> <span class='ocrx_word' id='word_1_311' title='bbox 1340 4588 1506 4667; x_wconf 87' lang='lat' dir='ltr'><strong>videbitur,</strong></span> <span class='ocrx_word' id='word_1_312' title='bbox 1543 4589 1601 4652; x_wconf 91' lang='lat' dir='ltr'><strong>illis</strong></span> <span class='ocrx_word' id='word_1_313' title='bbox 1635 4592 1686 4671; x_wconf 91' lang='lat' dir='ltr'><strong>qui</strong></span> 
     </span>
     <span class='ocr_line' id='line_1_35' title="bbox 326 4686 1687 4770; baseline 0.006 -22"><span class='ocrx_word' id='word_1_314' title='bbox 326 4686 500 4770; x_wconf 83' lang='lat' dir='ltr'><strong>Theologos</strong></span> <span class='ocrx_word' id='word_1_315' title='bbox 524 4687 693 4750; x_wconf 89' lang='lat' dir='ltr'><strong>Orientales</strong></span> <span class='ocrx_word' id='word_1_316' title='bbox 716 4689 812 4752; x_wconf 91' lang='lat' dir='ltr'><strong>minus</strong></span> <span class='ocrx_word' id='word_1_317' title='bbox 837 4689 996 4752; x_wconf 77' lang='lat' dir='ltr'><strong>familiares</strong></span> <span class='ocrx_word' id='word_1_318' title='bbox 1018 4690 1137 4755; x_wconf 90' lang='lat' dir='ltr'><strong>habent.</strong></span> <span class='ocrx_word' id='word_1_319' title='bbox 1167 4690 1284 4755; x_wconf 89' lang='lat' dir='ltr'><strong>Docent</strong></span> <span class='ocrx_word' id='word_1_320' title='bbox 1305 4711 1366 4756; x_wconf 91' lang='lat' dir='ltr'><strong>non</strong></span> <span class='ocrx_word' id='word_1_321' title='bbox 1388 4693 1476 4757; x_wconf 90' lang='lat' dir='ltr'><strong>modo</strong></span> <span class='ocrx_word' id='word_1_322' title='bbox 1498 4695 1529 4755; x_wconf 92' lang='lat' dir='ltr'><strong>in</strong></span> <span class='ocrx_word' id='word_1_323' title='bbox 1552 4693 1687 4756; x_wconf 86' lang='lat' dir='ltr'><strong>Tracta-</strong></span> 
     </span>
     <span class='ocr_line' id='line_1_36' title="bbox 324 4785 1684 4875; baseline 0.008 -29"><span class='ocrx_word' id='word_1_324' title='bbox 324 4785 403 4849; x_wconf 89' lang='lat' dir='ltr'><strong>tibus</strong></span> <span class='ocrx_word' id='word_1_325' title='bbox 426 4786 631 4871; x_wconf 86' lang='lat' dir='ltr'><strong>Theologicis,</strong></span> <span class='ocrx_word' id='word_1_326' title='bbox 654 4788 707 4851; x_wconf 86' lang='lat' dir='ltr'><strong>sad</strong></span> <span class='ocrx_word' id='word_1_327' title='bbox 730 4788 968 4852; x_wconf 87' lang='lat' dir='ltr'><strong>morationibus</strong></span> <span class='ocrx_word' id='word_1_328' title='bbox 991 4808 1069 4870; x_wconf 88' lang='lat' dir='ltr'><strong>quae</strong></span> <span class='ocrx_word' id='word_1_329' title='bbox 1091 4791 1129 4853; x_wconf 92' lang='lat' dir='ltr'><strong>ad</strong></span> <span class='ocrx_word' id='word_1_330' title='bbox 1150 4792 1293 4874; x_wconf 94' lang='lat' dir='ltr'><strong>populum</strong></span> <span class='ocrx_word' id='word_1_331' title='bbox 1307 4792 1472 4873; x_wconf 90' lang='lat' dir='ltr'><strong>dicuntur,</strong></span> <span class='ocrx_word' id='word_1_332' title='bbox 1496 4800 1585 4875; x_wconf 88' lang='lat' dir='ltr'><strong>atque</strong></span> <span class='ocrx_word' id='word_1_333' title='bbox 1607 4795 1684 4857; x_wconf 90' lang='lat' dir='ltr'><strong>adeo</strong></span> 
     </span>
     <span class='ocr_line' id='line_1_37' title="bbox 325 4885 1685 4973; baseline 0.003 -25"><span class='ocrx_word' id='word_1_334' title='bbox 325 4885 557 4966; x_wconf 89' lang='lat' dir='ltr'><strong>simphoissimae</strong></span> <span class='ocrx_word' id='word_1_335' title='bbox 590 4895 675 4966; x_wconf 89' lang='lat' dir='ltr'><strong>sunt,</strong></span> <span class='ocrx_word' id='word_1_336' title='bbox 713 4897 743 4951; x_wconf 89' lang='lat' dir='ltr'><strong>et</strong></span> <span class='ocrx_word' id='word_1_337' title='bbox 770 4889 808 4951; x_wconf 90' lang='lat' dir='ltr'><strong>ad</strong></span> <span class='ocrx_word' id='word_1_338' title='bbox 835 4888 932 4970; x_wconf 90' lang='lat' dir='ltr'><strong>plebis</strong></span> <span class='ocrx_word' id='word_1_339' title='bbox 962 4897 1079 4971; x_wconf 86' lang='lat' dir='ltr'><strong>captum</strong></span> <span class='ocrx_word' id='word_1_340' title='bbox 1110 4890 1368 4973; x_wconf 90' lang='lat' dir='ltr'><strong>accommodatae,</strong></span> <span class='ocrx_word' id='word_1_341' title='bbox 1403 4895 1480 4957; x_wconf 91' lang='lat' dir='ltr'><strong>dona</strong></span> <span class='ocrx_word' id='word_1_342' title='bbox 1507 4899 1685 4958; x_wconf 88' lang='lat' dir='ltr'><strong>consecrata</strong></span> 
     </span>
     <span class='ocr_line' id='line_1_38' title="bbox 324 4987 1684 5075; baseline 0.004 -29"><span class='ocrx_word' id='word_1_343' title='bbox 324 5001 413 5046; x_wconf 87' lang='lat' dir='ltr'><strong>anum</strong></span> <span class='ocrx_word' id='word_1_344' title='bbox 437 5003 507 5048; x_wconf 92' lang='lat' dir='ltr'><strong>esse</strong></span> <span class='ocrx_word' id='word_1_345' title='bbox 513 5007 522 5062; x_wconf 91' lang='lat'>;</span> <span class='ocrx_word' id='word_1_346' title='bbox 545 4987 623 5050; x_wconf 90' lang='lat' dir='ltr'><strong>sicut</strong></span> <span class='ocrx_word' id='word_1_347' title='bbox 646 4987 782 5052; x_wconf 86' lang='lat' dir='ltr'><strong>Christus</strong></span> <span class='ocrx_word' id='word_1_348' title='bbox 804 4989 870 5071; x_wconf 89' lang='lat' dir='ltr'><strong>ipsc</strong></span> <span class='ocrx_word' id='word_1_349' title='bbox 899 5007 977 5052; x_wconf 94' lang='lat' dir='ltr'><strong>unus</strong></span> <span class='ocrx_word' id='word_1_350' title='bbox 999 4997 1056 5066; x_wconf 87' lang='lat' dir='ltr'><strong>est,</strong></span> <span class='ocrx_word' id='word_1_351' title='bbox 1078 5009 1178 5072; x_wconf 87' lang='lat' dir='ltr'><strong>nequo</strong></span> <span class='ocrx_word' id='word_1_352' title='bbox 1200 5009 1309 5073; x_wconf 90' lang='lat' dir='ltr'><strong>panem</strong></span> <span class='ocrx_word' id='word_1_353' title='bbox 1337 5000 1368 5056; x_wconf 91' lang='lat' dir='ltr'><strong>et</strong></span> <span class='ocrx_word' id='word_1_354' title='bbox 1397 4993 1521 5057; x_wconf 91' lang='lat' dir='ltr'><strong>calicem</strong></span> <span class='ocrx_word' id='word_1_355' title='bbox 1550 4990 1684 5075; x_wconf 91' lang='lat' dir='ltr'><strong>quamvis</strong></span> 
     </span>
     <span class='ocr_line' id='line_1_39' title="bbox 324 5085 1684 5172; baseline 0.004 -26"><span class='ocrx_word' id='word_1_356' title='bbox 324 5085 452 5146; x_wconf 89' lang='lat' dir='ltr'><strong>seorsim</strong></span> <span class='ocrx_word' id='word_1_357' title='bbox 474 5094 693 5150; x_wconf 89' lang='lat' dir='ltr'><strong>consecrentur</strong></span> <span class='ocrx_word' id='word_1_358' title='bbox 715 5095 746 5150; x_wconf 88' lang='lat' dir='ltr'><strong>et</strong></span> <span class='ocrx_word' id='word_1_359' title='bbox 768 5095 932 5167; x_wconf 89' lang='lat' dir='ltr'><strong>sumantur,</strong></span> <span class='ocrx_word' id='word_1_360' title='bbox 955 5088 1014 5151; x_wconf 92' lang='lat' dir='ltr'><strong>duo</strong></span> <span class='ocrx_word' id='word_1_361' title='bbox 1044 5108 1113 5154; x_wconf 90' lang='lat' dir='ltr'><strong>esse</strong></span> <span class='ocrx_word' id='word_1_362' title='bbox 1136 5091 1278 5172; x_wconf 90' lang='lat' dir='ltr'><strong>mysteria</strong></span> <span class='ocrx_word' id='word_1_363' title='bbox 1301 5092 1372 5156; x_wconf 87' lang='lat' dir='ltr'><strong>sive</strong></span> <span class='ocrx_word' id='word_1_364' title='bbox 1399 5101 1606 5170; x_wconf 77' lang='lat' dir='ltr'><strong>sacramenta,</strong></span> <span class='ocrx_word' id='word_1_365' title='bbox 1630 5091 1684 5153; x_wconf 91' lang='lat' dir='ltr'><strong>sed</strong></span> 
     </span>
     <span class='ocr_line' id='line_1_40' title="bbox 326 5182 1686 5276; baseline 0.006 -32"><span class='ocrx_word' id='word_1_366' title='bbox 326 5199 427 5248; x_wconf 90' lang='lat' dir='ltr'><strong>unum.</strong></span> <span class='ocrx_word' id='word_1_367' title='bbox 467 5182 532 5249; x_wconf 90' lang='lat' dir='ltr'><strong>Hoc</strong></span> <span class='ocrx_word' id='word_1_368' title='bbox 554 5186 736 5268; x_wconf 89' lang='lat' dir='ltr'><strong>simplicibus</strong></span> <span class='ocrx_word' id='word_1_369' title='bbox 758 5187 860 5251; x_wconf 89' lang='lat' dir='ltr'><strong>verbis</strong></span> <span class='ocrx_word' id='word_1_370' title='bbox 882 5187 924 5250; x_wconf 88' lang='lat' dir='ltr'><strong>ita</strong></span> <span class='ocrx_word' id='word_1_371' title='bbox 946 5189 1115 5270; x_wconf 83' lang='lat' dir='ltr'><strong>exprimunt</strong></span> <span class='ocrx_word' id='word_1_372' title='bbox 1136 5191 1167 5253; x_wconf 92' lang='lat' dir='ltr'><strong>in</strong></span> <span class='ocrx_word' id='word_1_373' title='bbox 1189 5193 1337 5272; x_wconf 85' lang='lat' dir='ltr'><strong>oratione,</strong></span> <span class='ocrx_word' id='word_1_374' title='bbox 1360 5211 1446 5275; x_wconf 91' lang='lat' dir='ltr'><strong>quam</strong></span> <span class='ocrx_word' id='word_1_375' title='bbox 1468 5193 1605 5276; x_wconf 89' lang='lat' dir='ltr'><strong>plerique</strong></span> <span class='ocrx_word' id='word_1_376' title='bbox 1628 5208 1686 5252; x_wconf 88' lang='lat' dir='ltr'><strong>co-</strong></span> 
     </span>
    </p>
   </div>
   <div class='ocr_carea' id='block_1_9' title="bbox 0 0 2396 6037">
    <p class='ocr_par' dir='ltr' id='par_1_9' title="bbox 0 0 2396 6037">
     <span class='ocr_line' id='line_1_41' title="bbox 0 0 2396 6037; baseline 0 0"><span class='ocrx_word' id='word_1_377' title='bbox 0 0 2396 6037; x_wconf 95' lang='lat' dir='ltr'><strong> </strong></span> 
     </span>
    </p>
   </div>
  </div>
 </body>
</html>
