4730 6038
669 685 710 762 IN
734 681 939 760 inmeriti
966 680 1097 758 SEVERI
1121 676 1362 756 introeunti.
1615 677 1686 754 331

329 869 483 933 evanescit
509 869 636 930 maxima
664 866 779 930 illarum
806 866 1027 948 ambiguitatum
1057 882 1144 945 pars,
1174 863 1281 945 quibus
1309 862 1387 927 illam
1415 864 1581 927 obscurare
1606 862 1692 926 multi

329 967 429 1030 conati
457 975 543 1046 sunt,
572 986 638 1030 cum
664 976 762 1030 tamen
792 966 872 1028 nulla
900 967 994 1047 magis
1021 965 1183 1047 perspicuo
1212 970 1242 1025 et
1263 963 1359 1025 minus
1382 963 1512 1027 obscuro
1534 963 1690 1026 veritatem

329 1066 397 1130 lidei
420 1065 458 1130 de
479 1085 555 1130 vera
577 1067 792 1130 elementorum
820 1065 1066 1127 transmutatione
1095 1063 1233 1126 stabiliat.
1277 1063 1311 1125 ln
1340 1064 1404 1126 aliis
1427 1063 1571 1144 Liturgiis
1593 1064 1691 1126 inter-

328 1165 431 1248 jicitur
452 1167 626 1230 acclamatio
647 1165 751 1230 Amen.
796 1164 849 1228 lila
873 1172 970 1227 tamen
993 1163 1123 1226 lortasse
1144 1163 1328 1245 subintelligi
1351 1163 1452 1251 debet,
1475 1165 1543 1244 quia
1566 1164 1597 1225 in
1616 1161 1690 1228 Cod.

328 1264 405 1330 llsl.
429 1264 614 1330 omniafere
637 1282 715 1346 quae
737 1263 866 1346 populus
889 1264 970 1343 dicit,
994 1265 1102 1328 omissa
1115 1271 1201 1342 stunt,
1223 1281 1301 1344 quae
1323 1263 1466 1345 supplere
1490 1282 1529 1326 ex
1552 1262 1615 1325 aliis
1637 1263 1691 1324 Li-

329 1365 437 1447 turgiis
459 1364 547 1427 facile
570 1371 625 1427 est.

331 1661 365 1730 d.
407 1659 527 1730 Omnes
552 1659 598 1730 od
623 1657 745 1730 bonam
770 1658 975 1731 volunlatem
1008 1664 1099 1729 tuom
1133 1664 1293 1730 converte
1320 1664 1354 1730 el
1380 1660 1521 1752 dispone
1548 1662 1630 1753 quia
1656 1663 1693 1728 tu

435 1797 472 1846 es
498 1778 555 1868 qui
578 1778 680 1868 faeie,
708 1778 879 1847 concertis
905 1781 939 1846 el
965 1775 1106 1846 ordinas
1132 1776 1360 1870 quodcumqae
1386 1774 1433 1850 cd
1458 1773 1587 1878 bocum.

433 1966 574 2046 Srrrrurrx
602 1978 678 2042 baec
705 1987 753 2042 est
782 1988 812 2042 ct
834 1977 1000 2042 orthodoxa
1023 1981 1173 2062 expositio
1197 1979 1350 2043 doctrinae
1373 1978 1411 2040 de
1433 1980 1551 2061 gratiae
1574 1979 1692 2042 divinae

332 2082 369 2145 ad
398 2083 478 2146 bona
509 2099 602 2164 opera
630 2082 760 2162 auxilio,
788 2082 877 2145 nullis
908 2082 1080 2167 ambagibus
1109 2084 1257 2148 obnoxia:
1294 2082 1463 2146 Orientales
1492 2081 1530 2144 de
1560 2080 1694 2164 Pelagio,

331 2182 423 2246 multo
445 2183 541 2244 minus
564 2181 602 2244 de
623 2182 852 2264 Pelagianorunr
874 2182 1007 2263 reliquiis
1029 2184 1081 2245 vix
1104 2183 1262 2265 quidquam
1285 2182 1460 2260 audierunt,
1491 2180 1608 2244 tametsi
1635 2181 1694 2242 ha-

332 2281 422 2345 beant
442 2282 474 2343 in
502 2281 564 2343 suis
601 2279 836 2344 collectionibus
872 2280 1011 2344 Canones
1039 2282 1249 2345 Africanorum
1278 2279 1495 2359 Consiliorum,
1525 2281 1557 2343 in
1586 2279 1693 2362 quibus
1761 2297 1765 2316 ¹

332 2381 492 2463 Pelagiaua
513 2379 649 2442 haeresis
672 2379 809 2443 damnata
832 2389 889 2459 est,
912 2389 1002 2463 atque
1024 2382 1100 2445 adeo
1123 2381 1161 2446 de
1184 2390 1310 2463 peccato
1330 2381 1479 2462 originali,
1502 2380 1540 2442 de
1553 2377 1694 2462 Baptismi

331 2480 524 2558 necessitate,
547 2487 578 2543 et
599 2480 770 2560 praecipuis
792 2478 1148 2545 doctriuanrtbodoxae
1171 2483 1316 2562 articulis,
1338 2482 1394 2544 bae
1418 2483 1448 2544 in
1469 2489 1555 2563 parte
1578 2496 1694 2542 conve-

331 2579 415 2640 niunt
428 2596 494 2640 cum
506 2578 644 2642 Ecclesia
659 2577 823 2645 Catholica.
853 2579 936 2644 llaec
956 2599 1031 2645 vero
1047 2585 1143 2644 oratio
1164 2584 1252 2645 etiam
1267 2582 1296 2644 id
1310 2581 1467 2664 significat,
1492 2579 1573 2661 quod
1591 2580 1690 2643 omnia

333 2677 416 2741 Deus
440 2686 594 2760 operatur,
617 2681 764 2742 convertit
786 2687 817 2742 et
838 2679 939 2763 dirigit
961 2681 999 2744 ad
1021 2681 1141 2760 bouum,
1165 2699 1241 2762 (prae
1263 2683 1412 2744 sententia
1434 2680 1521 2743 alteri
1544 2680 1695 2743 contraria
1742 2697 1744 2700 ·

333 2785 473 2856 nonest,
496 2778 551 2842 sed
573 2796 640 2841 eam
662 2777 826 2855 confirmat,
850 2787 880 2842 et
906 2780 1048 2860 explicat.
1250 2765 1253 2774 ’

447 3093 483 3162 5.
519 3089 626 3183 Digni
649 3093 740 3182 faeti
765 3113 875 3162 semro
898 3093 1114 3184 perfectione
1140 3089 1324 3164 oblotiorrir
1350 3095 1487 3165 divinoe
1513 3101 1577 3166 eie.

443 3282 478 3360 ln
500 3293 547 3355 bis
569 3295 670 3357 verbis
694 3311 754 3356 non
776 3292 847 3355 nibil
869 3292 1060 3356 obscuritatis
1090 3301 1153 3372 est,
1182 3313 1269 3376 quam
1300 3294 1469 3376 discutere,
1497 3297 1538 3360 ita
1560 3307 1592 3362 ut
1621 3302 1696 3363 sim-

334 3399 404 3481 plici
425 3397 568 3460 versione
589 3398 751 3461 verborum
774 3397 965 3478 syriacorum
987 3398 1033 3460 vis
1056 3397 1259 3478 exprimatur,
1282 3415 1342 3460 non
1364 3405 1412 3461 est
1433 3399 1533 3465 facile.
1577 3403 1696 3468 Dictum

335 3506 382 3561 est
403 3497 473 3561 alibi
495 3504 526 3559 et
547 3515 670 3578 semper
691 3497 721 3558 in
744 3498 841 3559 animo
869 3497 1054 3578 habendum,
1086 3497 1192 3561 multas
1226 3516 1304 3578 quae
1331 3499 1362 3560 in
1391 3497 1522 3580 Syriacis
1553 3501 1696 3586 Liturgiis

335 3605 518 3679 usurpantur
538 3612 632 3660 voces
656 3615 694 3660 ex
717 3594 835 3659 Graeca
855 3597 956 3678 potius
979 3600 1107 3682 origine,
1130 3614 1218 3680 quam
1241 3617 1279 3660 err
1296 3600 1394 3661 nativa
1409 3617 1463 3662 sua
1478 3601 1696 3687 intelligendas.

335 3697 487 3777 Persectio
517 3697 610 3780 igitur
631 3695 704 3758 nibil
725 3697 820 3760 minus
843 3697 890 3760 bie
912 3698 1077 3782 significat,
1107 3717 1195 3780 quarn
1222 3699 1369 3762 actionem
1392 3718 1451 3781 qua
1473 3701 1622 3766 Sacerdos
1644 3723 1697 3766 sa-

337 3803 520 3859 cramentum
543 3795 660 3878 perlicit
682 3815 738 3859 seu
762 3805 935 3860 consecrat:
966 3798 1021 3862 sed
1049 3798 1213 3880 respondet
1235 3816 1366 3883 graecae
1387 3802 1456 3862 uoci
1477 3789 1599 3886 τελετή.
1644 3803 1697 3880 llla

337 3904 518 3959 autemnon
541 3895 630 3958 ruodo
653 3895 732 3976 apud
754 3897 918 3975 scriptores
942 3897 1143 3977 Christianos,
1165 3917 1270 3962 verum
1293 3899 1372 3980 apud
1394 3899 1487 3979 alios,
1510 3901 1697 3981 sacrificium,

336 3995 520 4076 mysterium,
544 4002 574 4058 et
596 4013 683 4056 sacra
706 3994 862 4077 significat.
907 3996 952 4060 Eo
975 4015 1077 4074 seusu,
1101 3997 1181 4078 nulla
1204 4006 1251 4061 est
1273 3998 1437 4062 dilticultas.
1482 4000 1601 4064 Gratiae
1622 4018 1697 4063 uero

337 4103 467 4174 aguntur
487 4094 556 4156 Deo
578 4110 639 4155 non
661 4093 699 4156 de
721 4097 956 4158 consecrationis
986 4097 1113 4176 ellectu,
1140 4096 1195 4160 sed
1225 4098 1263 4160 de
1292 4097 1392 4161 divino
1422 4099 1587 4177 beneficio,
1617 4101 1698 4182 quod

337 4212 394 4274 per
415 4194 588 4275 mysterium
611 4195 784 4274 suscipitur.

717 4485 752 4556 6.
798 4485 927 4581 Regum
955 4486 1230 4559 Ortbodosorum
1255 4495 1317 4560 etc.

431 4675 483 4754 De
506 4688 555 4750 illa
578 4686 703 4752 formula
725 4690 845 4772 saepius
868 4689 1056 4766 dictumest,
1079 4691 1373 4775 demonstratumque
1395 4693 1506 4758 nullum
1520 4715 1609 4760 exea
1632 4699 1698 4778 capi

340 4809 434 4873 posse
455 4793 614 4854 vetustatis
637 4792 791 4856 indicium:
821 4796 954 4874 quamvis
985 4796 1062 4857 eninr
1091 4813 1108 4858 a
1135 4798 1238 4879 primis
1267 4797 1423 4860 Ecclesiae
1452 4800 1579 4863 saeculis
1606 4819 1701 4881 repc-

341 4890 430 4954 tenda
452 4889 532 4954 illius
554 4891 642 4975 origo
665 4893 713 4970 sit,
736 4910 803 4955 curn
824 4893 1056 4975 imperatoribus
1077 4895 1252 4959 Christianis
1275 4898 1446 4962 conveniat:
1470 4919 1510 4961 ex
1531 4901 1627 4963 veteri
1649 4903 1700 4962 in-

340 4988 441 5050 stituto
464 4991 614 5054 tumultis
639 4991 782 5074 Liturgiis
805 5000 925 5054 servata
947 5001 1004 5073 est,
1027 4995 1115 5058 eliam
1137 5014 1177 5058 ex
1199 5013 1258 5077 quo
1280 4995 1416 5061 infideles
1428 4997 1558 5062 Orientis
1574 5001 1698 5081 irnperio

340 5088 516 5168 potitisunt.
553 5089 630 5153 Obnr
643 5091 761 5172 quidem
772 5092 1000 5156 nominabantur
1020 5094 1061 5175 pii
1084 5101 1114 5156 et
1136 5093 1271 5178 religiosi
1292 5095 1508 5180 Imperatores:
1532 5097 1699 5162 Orthodoxi

340 5185 398 5248 dici
421 5198 588 5271 coeperunt
611 5207 629 5253 a
649 5190 793 5255 iacebitis
818 5191 862 5254 illi
888 5190 1021 5270 demum,
1050 5195 1102 5275 qui
1128 5203 1162 5258 ut
1190 5195 1272 5259 Zeno
1299 5204 1330 5259 et
1358 5189 1552 5280 Anastasius,
1582 5199 1699 5265 illorum

363 5311 486 5356 renarra
1443 5301 1492 5377 45
