4784 6040
617 711 835 789 tinnnsll
873 710 1082 790 DlOllYSll
1119 712 1375 791 BARSALIBI.
1602 709 1679 788 449

309 898 460 990 lebrant,
501 899 635 992 dignun
669 908 722 976 est
755 910 791 972 ut
824 909 859 971 te
893 898 1026 974 elevata
1059 920 1149 973 voce
1180 899 1375 990 laudemus,
1408 899 1609 989 clamantes,
1646 908 1681 972 et

310 1016 469 1090 dicentes.

412 1133 575 1227 Populus.
628 1131 780 1205 Sanctus.

411 1249 587 1322 Sacerdos
612 1249 805 1320 inclinatas.
870 1245 1014 1320 Sanctus
1046 1249 1148 1320 Pater
1180 1251 1331 1340 genitor,
1366 1260 1401 1322 et
1431 1271 1500 1322 non
1534 1252 1679 1342 genitus,

310 1377 444 1442 sauctus
471 1365 575 1438 Filius
601 1368 744 1457 genitus,
767 1373 805 1436 et
831 1385 898 1436 non
929 1366 1081 1456 genitor3
1114 1373 1249 1438 sanctus
1276 1363 1420 1460 Spiritus
1447 1367 1503 1460 qui
1528 1364 1680 1461 procedit

310 1507 330 1556 a
356 1484 470 1574 Patre,
497 1490 531 1554 et
557 1503 577 1553 a
603 1481 689 1553 Filio
718 1482 853 1576 accipit:
886 1503 970 1553 unus
996 1481 1090 1553 Deus
1116 1501 1219 1554 verus
1247 1483 1302 1576 qui
1328 1480 1475 1554 salvavit
1501 1503 1563 1555 nos
1591 1503 1679 1574 gra-

310 1602 367 1692 tia,
394 1609 428 1671 et
453 1597 680 1672 misericordia
707 1619 779 1670 sua.

412 1715 563 1786 Eleocoa
587 1735 713 1786 coeam.
767 1713 933 1800 Quicum
960 1711 1003 1785 ad
1028 1716 1220 1810 passionem
1247 1712 1425 1787 salutarem
1452 1726 1589 1809 paratus
1616 1735 1679 1786 es-

309 1842 371 1920 set,
397 1853 519 1928 panem
545 1831 644 1901 etiam
680 1851 777 1924 quem
810 1831 941 1925 accepit
965 1830 994 1917 †
1019 1828 1191 1903 benedixit
1216 1831 1245 1918 †
1271 1829 1491 1904 sanctificavit
1515 1832 1544 1919 †
1568 1829 1678 1922 lregit,

310 1956 344 2018 et
370 1967 492 2042 corpus
519 1967 615 2019 suurn
641 1955 792 2020 sanctum
818 1948 956 2017 vocavit
990 1968 1085 2037 eum,
1119 1949 1153 2017 in
1188 1948 1292 2019 vitam
1324 1956 1494 2020 aeternam
1524 1945 1588 2019 illis
1623 1949 1679 2040 qui

309 2062 387 2136 illud
415 2065 613 2159 acciperent.

411 2179 572 2273 Populus.
624 2177 745 2254 Amen.

411 2295 595 2367 Sacerdos.
634 2293 679 2366 Et
705 2292 845 2366 calicem
871 2315 969 2388 quem
995 2294 1174 2365 miscuerat
1191 2297 1283 2382 vino,
1310 2303 1345 2365 ot
1370 2317 1470 2388 aqua,
1496 2291 1680 2384 benedixit,

309 2421 343 2483 et
370 2413 565 2503 sanguinem
592 2431 686 2482 suum
711 2412 896 2504 pretiosum
916 2407 1069 2504 perfecit,
1096 2407 1239 2505 illisqui
1264 2409 1352 2481 illud-
1370 2413 1537 2505 accipiunt
1562 2412 1595 2481 in
1621 2412 1681 2482 vi-

309 2537 375 2600 tam
403 2537 582 2600 aeternam.

412 2642 573 2738 Populea.
626 2644 745 2715 Amen.

412 2758 596 2830 Sacerdos.
648 2755 794 2828 Etcum
820 2753 989 2851 discipulis
1016 2757 1141 2829 sanctis
1166 2754 1222 2829 illa
1249 2754 1395 2844 tradidit,
1430 2761 1601 2855 praecepit
1627 2761 1678 2832 eis

310 2873 442 2948 dicens:
468 2879 515 2947 ita
541 2873 670 2947 facietis
696 2875 730 2943 in
755 2875 821 2944 mei
847 2875 1054 2963 memoriam,
1090 2871 1198 2944 donec
1223 2874 1366 2944 veniam.

412 2989 574 3085 Populos.
627 2990 745 3062 Mortis
770 2999 858 3060 tuae.

409 3107 594 3179 Sacerdos.
647 3105 843 3178 Memoriam
871 3123 1005 3198 quoque
1042 3105 1112 3196 agit
1136 3102 1292 3178 Ecclesia
1317 3115 1373 3176 tua
1399 3106 1560 3190 Domine,
1596 3111 1677 3180 uni-

307 3244 431 3296 versae
457 3222 713 3318 dispensationis
739 3231 818 3293 tuoe
844 3217 1018 3310 salutaris,
1054 3219 1257 3316 secundique
1284 3218 1447 3294 adrentus
1472 3227 1519 3295 tui
1545 3234 1677 3298 terrore

308 3338 409 3435 pleni,
435 3341 468 3409 in
495 3361 561 3434 quo
588 3337 788 3412 retribuetur
813 3339 988 3432 unicuique
1011 3339 1108 3429 juxta
1128 3336 1162 3408 id
1189 3336 1278 3432 quod
1304 3335 1395 3426 lecit,
1421 3347 1560 3434 proptor
1588 3342 1676 3435 quod

308 3456 481 3550 poenitens
508 3478 597 3548 grex
622 3465 697 3527 tuus
724 3453 923 3550 deprecatur
947 3464 993 3546 te,
1021 3461 1055 3525 et
1079 3474 1141 3549 per
1167 3463 1211 3548 te,
1239 3463 1272 3526 et
1291 3449 1408 3526 'tecum
1425 3454 1559 3529 Patrem
1585 3468 1674 3529 tuum

309 3571 432 3644 dicens.

410 3684 571 3778 Populus.
622 3681 796 3756 Miserere.

411 3800 596 3872 Sacerdos.
648 3798 721 3872 Nos
748 3821 891 3895 quoque.

411 3916 574 4009 Populos.
626 3915 677 3987 Te
703 3914 885 3988 laudamus.

411 4031 594 4104 Sacerdos.
647 4032 843 4128 Praecipue.

410 4147 597 4220 Diocomrc.
649 4148 828 4222 Memento.
880 4149 937 4220 Et.
964 4147 1072 4234 Quam
1098 4145 1241 4220 timenda
1268 4157 1320 4224 cst
1345 4147 1428 4222 haec
1453 4149 1545 4225 hora.

517 4421 691 4495 Sacerdos
717 4423 908 4494 inclinatos.
961 4423 1140 4494 lococotio
1168 4422 1320 4517 Spiritus
1345 4429 1466 4498 coacti.

410 4611 575 4684 Miserere
601 4615 678 4701 mei,
697 4613 849 4702 Domine,
879 4622 912 4684 st
938 4614 1028 4686 mitte
1055 4635 1164 4711 super*
1182 4613 1242 4688 lias
1271 4613 1458 4689 oblationes
1485 4619 1675 4713 propositas

308 4725 465 4822 Spiritum
492 4737 656 4816 sanctum,
689 4730 745 4823 qui
779 4731 889 4802 omnia
914 4727 1091 4830 Ecclesiae
1124 4740 1334 4805 sacramenta
1368 4732 1498 4828 perficit
1531 4733 1676 4807 adventu

310 4865 381 4917 suo.

413 4960 575 5054 Populea.
628 4959 733 5056 liprie
760 4958 897 5034 eleison.

412 5075 598 5148 Sacerdos.
650 5075 694 5148 Et
718 5098 840 5172 panem
866 5081 975 5170 istum,
1001 5078 1151 5175 perficiat
1177 5101 1299 5176 corpus
1325 5081 1391 5153 Dei
1416 5085 1532 5154 nostri.

412 5191 573 5286 Populos.
625 5194 745 5266 Amen.
