4784 6040
653 613 1494 702 tottttttsnnsottrtsts.
1684 611 1761 687 427

393 815 553 886 materiae
583 831 726 907 expers,
760 818 794 882 et
832 811 922 882 omni
956 808 1137 882 substantia
1169 805 1341 900 superior,
1375 800 1542 898 quomodo
1570 802 1711 875 obtineri
1739 824 1758 874 a

394 926 492 1001 nobis
518 935 647 1023 posset,
677 947 739 1023 per
766 935 914 998 aromata
941 921 1152 997 materialia?
1177 921 1303 993 Verum
1336 916 1438 991 induti
1463 915 1563 990 lilium
1590 924 1679 988 tuum
1707 915 1763 986 di-

394 1044 533 1133 lectum,
560 1040 735 1138 aequalem
761 1039 820 1112 tibi
851 1049 1036 1137 potestate,
1070 1039 1198 1132 gloria,
1229 1037 1399 1109 creatione
1435 1044 1468 1106 et
1501 1034 1760 1106 conservatione

397 1180 512 1230 eorum
540 1181 624 1253 quae
650 1165 744 1245 sunt,
770 1178 833 1252 per
857 1154 1094 1248 benignitatem
1128 1157 1201 1246 ejus
1235 1172 1350 1224 amora
1382 1171 1465 1242 erga
1498 1149 1647 1223 homines
1681 1146 1761 1242 ple-

396 1277 578 1362 nissimam,
605 1272 758 1346 eumdem
788 1265 802 1307 ⁸
827 1274 861 1342 in
887 1271 1084 1344 sacrificium
1111 1279 1145 1342 et
1170 1268 1371 1342 oblationem
1403 1264 1531 1358 absque
1558 1263 1705 1351 macula,
1731 1271 1765 1335 et

397 1412 513 1488 puram
541 1387 708 1462 offerimus
735 1387 806 1477 tibi,
833 1409 930 1482 quem
955 1391 1062 1484 ipsum
1090 1386 1342 1481 deprecatorem
1368 1379 1539 1453 nobiscum
1571 1401 1649 1452 esse
1674 1377 1765 1450 iaci-

397 1527 481 1578 mus.
532 1506 762 1602 Deprecamur
788 1514 822 1575 te
848 1502 1105 1576 solumbonum
1132 1510 1166 1574 et
1191 1497 1400 1591 magnificum
1426 1499 1459 1566 in
1480 1493 1671 1568 muneribus
1686 1494 1766 1568 Do-

396 1624 498 1711 mine,
525 1645 546 1694 a
572 1644 638 1717 quo
665 1633 764 1694 omne
790 1619 899 1692 datum
925 1618 1067 1708 bonum,
1094 1629 1129 1690 'et
1153 1617 1264 1690 onmia
1290 1612 1378 1686 dona
1403 1610 1555 1707 perfecta
1582 1620 1674 1700 sunt,
1710 1611 1767 1704 qui

397 1735 506 1810 iecisti
531 1757 666 1828 magna,
693 1757 756 1806 nec
782 1733 1039 1828 investigabilia,
1065 1733 1241 1831 pmeclara
1267 1731 1365 1802 etiam
1383 1736 1481 1824 atque
1509 1728 1659 1817 excelsa,
1686 1729 1766 1821 qui-

397 1852 461 1926 bus
486 1873 555 1923 non
582 1861 634 1925 est
659 1873 832 1940 numerus,
857 1861 893 1923 ut
919 1850 1115 1924 sacrificium
1140 1849 1206 1923 boc
1231 1843 1428 1922 rationabile
1456 1847 1498 1918 sit
1529 1840 1767 1940 accipientibus

399 1968 442 2044 ad
475 1968 614 2042 salutem
647 1966 848 2062 perfectam,
884 1967 927 2040 ad
959 1966 1189 2038 liberationem
1222 1989 1242 2037 a
1275 1962 1404 2036 delictis
1431 1983 1572 2056 quorum
1605 1963 1656 2031 rei
1682 1957 1780 2046 sunt,

398 2095 433 2158 et
464 2081 508 2156 ad
539 2085 762 2158 salvationem
793 2107 813 2154 a
850 2082 1018 2178 suppliciis
1054 2081 1293 2166 acerbissimis,
1333 2087 1367 2150 et
1398 2073 1660 2148 intolerabilibus
1696 2095 1766 2166 gc-

397 2199 538 2288 hennae,
566 2208 664 2295 atque
690 2198 734 2270 ad
759 2196 961 2294 voluptatem
989 2209 1202 2271 aeternorum
1227 2195 1390 2269 bonorum
1418 2191 1697 2286 consequendam.

504 2315 667 2409 Populus.
718 2315 838 2388 Arnen.
1623 2305 1625 2308 ’

502 2431 677 2503 Sacerdos
708 2431 900 2501 inclinatus.
952 2431 1120 2503 Memento
1154 2429 1298 2503 Domine
1330 2428 1506 2499 Pastomm
1543 2422 1766 2498 Orthodoxo-

399 2569 483 2636 rum,
510 2548 565 2642 qui
592 2547 725 2619 suntin
752 2567 959 2640 quocumque
983 2544 1075 2638 loco,
1101 2547 1299 2643 praesertim
1333 2564 1417 2614 vero
1449 2543 1492 2615 l).
1518 2539 1560 2614 N.
1592 2548 1626 2609 et
1652 2536 1693 2608 D.
1724 2536 1766 2610 N.

398 2666 502 2736 vitam
528 2660 587 2735 tibi
612 2660 798 2756 placentem
824 2662 906 2756 ipsis
922 2659 1123 2753 concedens,
1149 2660 1421 2757 prudentiamque
1448 2679 1522 2730 cum
1547 2656 1767 2729 fiduciacon-

396 2781 562 2874 junctam,
609 2785 815 2852 senectutem
855 2775 1036 2872 placidam,
1074 2776 1317 2871 virtutibusque
1358 2774 1564 2847 cumulatam.
1616 2772 1670 2844 Da
1705 2771 1769 2846 illis

400 2899 575 2972 sanitatem
599 2896 766 2990 eorporis,
793 2892 837 2966 ad
862 2892 1086 2966 sufficiendum
1103 2894 1286 2966 ministerio
1302 2889 1511 2978 sacerdotali,
1539 2899 1573 2961 et
1599 2890 1767 2986 spirituali.

400 3009 550 3084 Verbum
575 3010 674 3082 etiam
699 3010 852 3080 veritatis
878 3006 931 3080 fue
958 3011 991 3081 in
1018 3030 1078 3081 ore
1103 3007 1258 3098 babeant,
1284 3017 1320 3079 ut
1343 3015 1497 3103 quantum
1523 3009 1663 3100 possint,
1681 3027 1769 3098 gre-

400 3147 465 3219 ges
491 3123 686 3198 confirment
710 3126 744 3196 in
770 3145 854 3198 vera
867 3122 1042 3217 religione,
1069 3145 1171 3220 super
1189 3124 1434 3197 budamentum
1461 3117 1555 3193 lidei:
1583 3142 1643 3195 eos
1657 3131 1770 3194 autem

403 3243 459 3337 qui
492 3262 538 3312 ex
568 3239 715 3314 adverso
747 3243 915 3314 constituti
946 3251 1039 3328 sunt,
1082 3263 1156 3313 cum
1190 3239 1265 3312 nelo
1296 3237 1508 3330 redarguant
1561 3234 1771 3310 Sacerdotali

403 3356 510 3429 ordini
536 3351 692 3429 concede'
711 3378 786 3427 cum
813 3355 985 3431 doctrinae
1011 3359 1161 3444 sanitate,
1187 3356 1323 3448 longam
1339 3375 1403 3425 nec
1422 3355 1564 3445 egestati
1587 3350 1769 3426 obnoxiam

403 3481 627 3559 senectutem,
659 3481 693 3543 et
728 3493 887 3545 coronam
919 3471 1050 3566 gloriae
1082 3470 1195 3569 populi
1226 3474 1282 3544 tri.
1334 3471 1495 3543 Diaconis
1527 3466 1631 3542 robur
1667 3473 1770 3541 mini-

404 3591 508 3664 sterio
536 3590 742 3661 conveniens
769 3589 931 3679 concede,
958 3587 1055 3664 simul
1081 3613 1154 3662 cum
1181 3586 1329 3662 moribus
1344 3587 1458 3673 castis,
1484 3596 1518 3657 et
1539 3607 1600 3682 spe
1614 3587 1770 3679 jucunda.

404 3705 575 3778 Memento
600 3704 745 3776 Domine
769 3726 830 3801 per
856 3703 1093 3798 benignitatem
1121 3704 1368 3778 misericordiae
1394 3712 1481 3789 tuae,
1509 3711 1544 3774 et
1569 3705 1635 3774 mci
1659 3703 1771 3792 infimi,

404 3843 511 3916 usque
537 3818 580 3892 ad
605 3829 728 3892 terram
754 3818 886 3913 abjecti,
914 3822 957 3896 ob
984 3845 1060 3896 mea
1086 3824 1235 3909 crimina,
1261 3828 1295 3892 et
1320 3821 1502 3916 propitiare
1527 3829 1668 3914 peccato
1682 3839 1772 3910 meo,

405 3936 540 4010 muttum
568 3944 621 4010 est
646 3938 742 4008 enim.
775 3939 830 4011 Da
856 3937 933 4010 mibi
959 3949 995 4012 ut
1020 3961 1103 4036 pure
1129 3940 1290 4034 aspiciam
1314 3937 1425 4009 lumen
1442 3932 1592 4007 mirabile
1611 3937 1771 4010 scientiae

406 4065 502 4142 tuae,
535 4061 569 4125 et
600 4075 641 4124 ea
678 4075 764 4148 quac
791 4075 922 4128 sursum
948 4063 1024 4128 sunt
1049 4076 1227 4151 quaeram,
1261 4074 1348 4148 quae
1374 4073 1505 4125 sursum
1531 4060 1607 4125 sunt
1633 4052 1772 4146 sapiam,

407 4181 442 4243 et
466 4189 535 4242 non
561 4171 705 4260 cogitem
732 4167 940 4244 deterreris
966 4168 1080 4261 rebus,
1108 4193 1194 4268 quae
1219 4169 1306 4242 infra
1332 4179 1366 4240 et
1391 4166 1510 4263 procul
1532 4190 1553 4239 a
1579 4178 1611 4238 te
1630 4169 1772 4239 animam

408 4285 583 4372 inclinant,
618 4286 652 4355 in
678 4306 819 4379 eamque
846 4285 1001 4360 tenebras
1026 4288 1199 4377 inducunt,
1230 4297 1359 4359 utnon
1385 4284 1449 4356 illis
1476 4305 1562 4378 quae
1588 4294 1771 4379 praestan-

408 4407 495 4476 tiora
521 4409 597 4474 sunt
622 4409 737 4473 careat
763 4404 870 4474 anima
897 4425 991 4496 mea,
1020 4426 1130 4500 neque
1156 4408 1220 4478 sim
1245 4415 1401 4498 tanquam
1432 4400 1593 4474 aberrans
1630 4424 1650 4473 a
1683 4422 1773 4472 coe-

407 4519 485 4592 lesti
500 4519 691 4607 vocatione,
719 4527 818 4612 atque
835 4517 975 4611 gloriae,
1002 4530 1037 4592 et
1052 4521 1261 4595 beatitrdinis
1280 4542 1366 4616 quae
1383 4518 1449 4591 illic
1469 4525 1532 4606 est,
1549 4519 1772 4612 privationem

409 4637 597 4710 sustineam.
649 4632 827 4706 Moderare
859 4639 958 4708 etiam
990 4640 1186 4710 tentationes
1212 4639 1258 4710 ita
1283 4646 1318 4710 ut
1343 4633 1417 4708 illas
1445 4635 1608 4708 sustinere
1632 4634 1773 4727 possim,

411 4761 446 4824 et
477 4748 624 4841 effugere
657 4747 774 4823 fluctus
809 4760 843 4823 et
877 4755 1075 4844 agitationes
1108 4754 1325 4847 nequitiarum
1358 4748 1491 4825 saeculi.
1551 4747 1773 4821 Subdiaccuis

410 4868 696 4961 perseverantiam
712 4869 744 4937 in
765 4865 951 4960 honestate,
981 4879 1015 4941 et
1032 4869 1205 4965 praeclara
1226 4869 1502 4942 conversatione:
1525 4863 1646 4938 Psaltis
1669 4867 1772 4936 mini-

411 4983 547 5054 sterium
573 4981 759 5075 spirituale,
787 4993 821 5054 et
847 4984 1038 5077 dignitatem
1064 5007 1192 5058 morum
1220 4986 1483 5057 convenientem.
1535 4981 1772 5076 Interpretibus

411 5095 559 5169 concede
586 5101 817 5196 perspicacem
840 5101 1089 5195 intelligentiam
1115 5103 1278 5192 locorum,
1305 5111 1338 5174 et
1354 5102 1581 5174 tractationem
1602 5096 1773 5170 sublimem

468 5233 591 5280 romualt
1525 5217 1573 5290 57
