4804 6026
711 512 778 634 ¹aa
1100 514 1717 594 observacionns

726 697 924 778 Boderianus,
947 699 992 762 his
1015 709 1113 763 tamen
1129 698 1331 764 Orientalibus
1354 700 1449 762 literis
1466 701 1724 783 instructissimus,
1748 709 1787 765 ut
1803 701 1851 764 alii
1874 703 1925 784 qui
1948 721 1989 767 ex
2012 705 2098 768 simi-

727 793 805 860 libus
828 799 955 861 vocibus
978 800 1148 862 continuam
1171 799 1337 862 orationem
1360 799 1480 861 edicere
1495 807 1703 865 tentavemnt.

421 901 559 958 tnlttssalt
575 901 714 957 chaldaico
814 897 1027 979 Quaecumque
1048 917 1143 980 porro
1165 897 1310 961 translata
1333 907 1402 961 sunt
1425 919 1464 961 ex
1487 899 1643 962 Ministerii
1667 899 1744 962 libro
1766 900 1880 963 Romae
1904 900 1996 980 edito,
2021 922 2100 967 oon-

403 988 501 1042 nonne
535 990 605 1042 ⁰le
640 990 714 1059 blm
726 998 859 1062 sentiunt
882 1017 950 1060 cum
971 999 1044 1062 blss.
1068 998 1310 1079 exemplaribus:
1337 1001 1396 1060 imo
1419 998 1561 1060 nonnulla
1583 999 1614 1060 in
1635 998 1749 1061 llissali
1772 1006 1883 1062 mutata
1907 1006 1993 1079 sunt,
2022 1022 2100 1082 quae

403 1076 565 1145 interpolata.

440 4361 471 4417 P.
489 4365 514 4418 1.

725 1097 757 1158 in
780 1098 876 1160 altero
900 1099 1019 1182 integra
1041 1099 1251 1178 reperiuntur,
1282 1097 1416 1178 quamvis
1437 1099 1494 1160 iste
1517 1097 1639 1161 biennio
1669 1106 1699 1160 et
1722 1095 1847 1180 amplius
1870 1106 1978 1182 postea
2002 1102 2100 1166 editus

724 1195 823 1260 fuerit.
867 1195 974 1278 Neque
997 1198 1076 1260 enim
1098 1197 1176 1259 liber
1195 1196 1257 1276 ille,
1275 1199 1467 1260 necessarius
1479 1197 1560 1274 licet,
1582 1197 1799 1279 ltlaronitisque
1813 1216 1906 1279 saepe
1922 1201 2101 1281 promissuS,

725 1296 824 1357 statim
848 1304 937 1376 atque
960 1296 1050 1359 editio
1075 1295 1212 1359 absoluta
1235 1303 1292 1375 est,
1315 1296 1483 1376 publicatus
1506 1296 1572 1375 luit,
1595 1315 1662 1360 cum
1686 1306 1788 1359 essent
1810 1296 1946 1360 homines
1968 1301 2099 1363 meticu-

724 1394 796 1472 losi,
820 1395 927 1474 quibus
950 1396 1153 1478 periculosum
1172 1396 1369 1477 judicaretur,
1393 1395 1496 1458 Officia
1510 1397 1620 1459 Missae
1644 1396 1845 1459 celebrandae
1868 1398 2017 1478 publicari
2040 1400 2097 1462 sub

726 1492 821 1556 oeulis
837 1501 867 1556 et
882 1495 1212 1574 autoritatePontilicIs,
1237 1514 1314 1575 quae
1331 1502 1361 1558 et
1379 1494 1492 1576 lingua,
1515 1504 1548 1557 ut
1570 1495 1723 1580 putabant,
1747 1496 1921 1576 vernacula,
1950 1505 1979 1560 et
2003 1499 2098 1563 lorma

725 1612 803 1674 quae
824 1583 975 1657 Romanae
998 1613 1059 1658 non
1081 1595 1170 1677 plane
1192 1595 1403 1675 responderet,
1428 1577 1665 1658 celebrarentur.
1711 1594 1753 1656 lta
1777 1593 1887 1657 lactum
1909 1603 1942 1658 ut
1958 1614 2026 1659 oum
2041 1597 2100 1659 ab·

612 1779 614 1782 ,
724 1691 823 1754 soluta
845 1691 952 1756 fuisset
976 1694 1067 1757 editio
1091 1713 1169 1756 anno
1193 1691 1340 1756 moxctt.
1370 1711 1534 1774 suppressa
1562 1694 1684 1756 blennio
1715 1695 1836 1757 circiter
1858 1693 1963 1773 luerit,
1995 1703 2029 1759 ut
2059 1717 2100 1760 ex

724 1791 830 1872 primis
852 1791 931 1856 foliis
954 1793 1143 1856 manifestum
1166 1801 1223 1858 est.
1253 1793 1328 1855 Nam
1341 1791 1487 1871 Latinum,
1511 1811 1571 1874 quo
1595 1793 1697 1856 titulus
1715 1793 1783 1856 libri
1806 1796 1977 1857 continetur
1991 1815 2100 1859 annum

724 1889 887 1958 moxctv.
910 1892 1058 1972 praefert:
1083 1891 1239 1974 Syriacum
1262 1910 1370 1954 annum
1388 1891 1536 1957 lllDXCll.
1559 1893 1680 1956 Memini
1703 1894 1792 1955 etiam
1815 1893 1967 1956 audivisse
1991 1915 2009 1957 a
2032 1915 2100 1958 ma-

720 1991 839 2072 joribus
854 2001 934 2071 natu,
947 2000 978 2054 et
991 2011 1009 2054 a
1023 1995 1088 2055 viro
1104 1992 1288 2072 Clarissimo,
1302 1991 1545 2075 Linguarumque
1559 1990 1754 2056 Orientalium
1774 1993 1958 2074 peritissimo
1973 1993 2099 2058 Claudio

725 2089 842 2173 Hardy,
875 2110 912 2154 eo
943 2110 1007 2153 rem
1038 2090 1215 2171 devenisse,
1249 2099 1281 2154 ut
1310 2099 1402 2153 totam
1430 2091 1590 2154 editionem
1613 2093 1804 2173 supprimere
1827 2099 1969 2154 statutum
1991 2093 2098 2169 luerit;

727 2188 918 2256 Cardinalem
939 2210 1015 2253 vero
1038 2191 1214 2254 l’erronium
1236 2190 1348 2254 Romae
1372 2209 1439 2254 cum
1463 2200 1562 2270 esset,
1586 2193 1719 2254 suasisse
1746 2201 1779 2254 ut
1801 2191 1878 2254 liber
1895 2191 2016 2273 publice
2040 2213 2099 2255 cx-

725 2298 902 2370 poneretur,
927 2290 1008 2372 quod
1030 2291 1172 2354 nonnisi
1194 2299 1265 2372 post
1289 2291 1402 2372 aliquot
1425 2309 1519 2354 annos
1543 2290 1579 2354 ab
1603 2290 1736 2354 editione
1759 2289 1899 2354 ellectum
1922 2299 1978 2354 est.
2025 2290 2099 2353 Sunt

631 2419 632 2422 ¹
725 2390 805 2451 enim
820 2391 1093 2472 exemplariaquae
1110 2408 1219 2452 annum
1242 2409 1331 2472 quem
1354 2388 1481 2453 diximus
1504 2392 1535 2452 in
1558 2389 1657 2453 fronte
1681 2407 1741 2451 nou
1763 2387 1949 2471 praeferant:
1974 2397 2007 2452 ut
2029 2397 2100 2453 sunt

724 2490 868 2552 nonnulla
892 2493 920 2553 in
944 2491 1051 2572 quibus
1075 2490 1222 2554 Praelatio
1238 2491 1451 2554 Maronitarum
1464 2491 1584 2554 nomine
1599 2490 1808 2570 praemittitur,
1833 2491 1863 2550 in
1887 2507 1944 2569 qua
1966 2491 2098 2572 majores

724 2607 798 2650 suos
820 2589 942 2652 laudant
964 2606 1161 2672 magnopere,
1185 2593 1271 2672 quasi
1287 2589 1480 2652 Orthodoxae
1503 2589 1572 2652 bdei
1587 2596 1753 2670 perpetuos
1770 2589 1800 2649 in
1809 2585 1934 2651 Oriente
1951 2589 2097 2653 vindices.

642 2757 643 2760 Ἴ
722 2688 765 2750 m
793 2687 844 2750 illa
873 2688 1035 2776 Praelatio*
1052 2690 1083 2750 in
1111 2689 1265 2772 plerisque
1296 2689 1517 2769 exemplaribus
1547 2705 1608 2764 non
1637 2688 1801 2769 reperitur.
1847 2686 1994 2749 Consulto
2024 2705 2099 2752 sane

723 2785 872 2867 lecerunt,
896 2790 946 2870 qui
968 2791 1071 2851 inanes
1095 2787 1161 2851 illas
1185 2788 1300 2867 laudes,
1325 2786 1431 2868 quibus
1455 2787 1580 2849 historia
1596 2785 1810 2849 Ecclesiastico
1834 2784 2041 2866 conturbatur,
2067 2797 2099 2851 et

724 2889 911 2970 gravissimis
936 2888 1088 2950 autoribus
1117 2887 1194 2951 fides
1226 2886 1405 2970 abrogatur,
1436 2886 1647 2968 improbandas
1677 2893 1868 2950 censuerunt.
1913 2886 1973 2950 Sed
2004 2886 2096 2950 multo

724 2987 820 3068 magis
843 3003 951 3048 curare
974 2986 1159 3067 debuerant,
1182 3007 1221 3050 ne
1243 2989 1273 3049 in
1294 2985 1450 3068 Diptyehis
1474 2987 1553 3048 inter
1569 2993 1707 3062 sanctos,
1731 2985 1906 3060 Barsomas,
1931 2993 1962 3047 et
1985 2986 2098 3068 aliquot

726 3087 776 3148 alii
798 3086 943 3148 haeretici
966 3088 1201 3168 nominarentur,
1226 3086 1307 3168 quod
1329 3088 1431 3148 vitium
1455 3086 1560 3148 oculos
1583 3102 1742 3148 censorum
1765 3085 1881 3168 ellugit,
1905 3104 1971 3146 cum
1985 3085 2016 3146 in
2031 3086 2097 3147 aliis

725 3185 846 3248 nimium
874 3185 985 3249 oculati
1014 3185 1108 3250 luisse
1139 3187 1312 3263 videantur,
1343 3187 1411 3248 dum
1441 3182 1580 3248 mutanda
1605 3185 1818 3267 judicaverunt
1847 3183 1989 3265 plurima,
2019 3203 2097 3266 quae

726 3287 873 3349 communi
896 3288 1025 3348 omnium
1036 3287 1240 3350 Ecclesiarum
1262 3287 1423 3350 traditione
1446 3285 1667 3363 confirmantur,
1691 3291 1724 3346 ut
1746 3283 1841 3345 forma
1863 3284 2027 3347 verborum
2043 3303 2097 3347 sa-

727 3386 960 3462 cramentalium,
983 3393 1013 3448 et
1028 3386 1174 3467 quaedam
1190 3387 1256 3449 alia.
1279 3386 1326 3449 Ex
1349 3386 1400 3448 illo
1423 3386 1490 3448 solo
1514 3385 1653 3466 exemplo
1677 3383 1750 3446 satis
1774 3383 1961 3465 intelligitur,
1985 3392 2096 3464 quanto

726 3485 862 3566 periculo
893 3485 1033 3567 neglecta
1062 3484 1173 3548 fuerint
1202 3486 1395 3549 Orientalium
1423 3485 1591 3568 linguarum
1619 3483 1734 3561 studia,
1764 3483 1876 3546 Romae
1905 3485 2096 3565 praesertim,

724 3584 778 3648 ubi
807 3583 984 3648 Christianis
1015 3585 1216 3648 Orientalibus
1248 3589 1298 3667 qui
1328 3585 1364 3646 ad
1380 3586 1534 3647 unitatem
1560 3577 1743 3647 catholicam
1765 3580 1894 3644 redeunt
1913 3583 1963 3664 jus
1986 3583 2097 3645 dictum

727 3693 784 3762 est,
808 3685 972 3747 secundum
993 3684 1110 3747 illorum
1133 3686 1283 3748 bominum
1307 3687 1500 3762 sententium,
1525 3683 1575 3764 qui
1598 3701 1697 3764 neque
1720 3682 1900 3762 linguarum,
1924 3700 2023 3762 neque
2047 3679 2096 3743 di-

727 3785 872 3867 sciplinae
895 3782 1129 3846 Ecclesiasticae
1157 3785 1229 3848 satis
1252 3785 1356 3866 periti,
1379 3783 1504 3847 culicem
1528 3783 1678 3859 colantes,
1703 3789 1732 3843 et
1756 3781 1901 3844 camelum
1920 3771 2097 3861 'glutientes

728 3903 805 3965 quae
829 3884 994 3946 damnanda
1015 3892 1085 3945 sunt
1106 3882 1287 3965 probavere,
1310 3885 1429 3945 innoxia
1455 3882 1704 3959 condemnavere,
1728 3899 1788 3942 non
1811 3881 1877 3944 sine
1899 3881 2015 3942 veteris
2033 3879 2098 3940 Ec-

728 3984 840 4046 clesiae
864 3983 1052 4061 contumelia,
1076 3989 1106 4044 et
1129 3981 1365 4058 Christianorum
1389 3981 1584 4044 Orientalium
1606 3979 1760 4042 scandalo.
1788 3978 1903 4041 lamed
1918 3978 2096 4059 explicanda

729 4102 806 4164 quae
830 4082 932 4146 Obicio
956 4080 1092 4166 generali
1114 4084 1320 4160 continentur,
1343 4080 1523 4143 veniendum
1547 4088 1601 4143 est.

1006 4345 1181 4417 Sacerdos
1207 4345 1408 4438 quotidiano
1433 4350 1526 4414 ceste
1553 4344 1721 4436 deposito,
1748 4347 1812 4412 etc.
1847 4312 1853 4328 Ι

422 4581 564 4642 Diversitas
582 4605 716 4642 eaeremo-
821 4559 963 4652 Quemvis
986 4587 1046 4631 non
1069 4568 1178 4650 exigua
1202 4570 1240 4631 sit
1261 4568 1340 4630 inter
1361 4566 1437 4629 ritus
1451 4565 1620 4627 Orientales
1643 4563 1812 4640 diversitas,
1835 4560 1886 4623 illa
1908 4567 2017 4638 tamen,
2041 4577 2097 4622 ac-

405 4673 715 4742 uiarumtneodemrnu,
729 4682 833 4737 curate
855 4673 1017 4755 loquendo,
1040 4689 1100 4734 non
1123 4679 1203 4734 tanta
1226 4677 1273 4734 est
1295 4688 1383 4751 quam
1403 4688 1480 4750 quae
1495 4668 1675 4732 observatur
1688 4665 1936 4729 interllomanum
1951 4663 2112 4740 Officium,'

728 4773 947 4857 Gregorianum
964 4780 995 4835 et
1006 4771 1249 4849 Ambrosianum,
1274 4769 1440 4848 Gothicum,
1466 4768 1659 4843 Gallicanum,
1682 4765 1912 4842 Mosarabicum,
1935 4771 1966 4827 et
1987 4764 2096 4848 singu-

729 4874 810 4938 lares
834 4872 978 4954 quosdam
1003 4871 1097 4950 ulios,
1122 4873 1171 4953 qui
1194 4871 1224 4931 in
1246 4869 1391 4932 Ecclesiis
1414 4869 1512 4933 multis
1534 4869 1720 4953 insignibus,
1751 4873 1782 4929 et
1809 4866 1838 4927 in
1860 4863 2021 4946 Religiosis
2044 4861 2095 4925 sa-

730 4975 816 5038 miliis
838 4972 897 5036 huc
920 4989 1016 5052 usque
1039 4977 1208 5034 servantur.
1253 4967 1358 5032 Omnia
1381 4970 1492 5052 quippe
1520 4970 1552 5030 in
1573 4968 1706 5032 Romano
1729 4965 1833 5030 Officio
1864 4962 1985 5027 lundata
2014 4969 2095 5044 sunt,
