4814 6060
636 601 712 676 500
1142 603 1503 681 birunain

634 800 732 863 naurs
759 799 812 862 εει
837 811 883 861 ex
909 792 982 862 sinu
1008 797 1082 879 tua,
1109 799 1143 862 ει
1169 811 1309 882 germen
1335 789 1542 864 substantiae
1569 800 1665 884 tuae,
1692 795 1749 888 qui
1781 799 1934 891 apparuit
1965 798 2008 870 ad

633 918 781 979 nostram
817 905 1057 980 similitudinem
1090 927 1192 1002 super
1233 918 1357 980 terram
1391 905 1519 1003 absque
1553 919 1714 1005 peccato,
1747 919 1781 982 et
1813 909 1925 986 lactus
1955 925 2009 986 cst

633 1021 733 1102 homo
761 1046 808 1094 cx
832 1023 949 1111 nobis,
976 1024 1206 1118 pergratiam
1234 1045 1339 1096 suam.
1391 1022 1436 1095 Et
1462 1023 1587 1098 idcirco
1616 1024 1657 1096 a'd
1671 1025 1894 1120 placationem
1917 1039 2007 1102 tuam

633 1138 802 1213 offerimus
834 1137 979 1210 Domine
1006 1140 1183 1234 passiones
1209 1139 1430 1230 voluntarias,
1456 1142 1656 1230 immeritas,
1683 1148 1717 1212 et
1743 1140 1908 1216 salutares
1927 1147 2007 1236 agni

632 1259 705 1356 vivi
731 1257 786 1350 qui
812 1253 997 1327 immolatus
1024 1264 1077 1328 est
1101 1279 1163 1351 pro
1191 1255 1298 1330 salute
1316 1266 1445 1344 nostra,
1473 1259 1632 1349 unigeniti
1649 1255 1725 1328 Filii
1743 1259 1804 1345 ιεί,
1830 1281 1892 1354 per
1908 1281 2005 1356 prem

632 1393 695 1444 nos
723 1393 856 1467 quoquc
882 1370 1146 1444 miscricordiam
1171 1394 1364 1466 speramus,
1391 1380 1454 1444 cto.

736 1489 898 1582 Popadac.
952 1488 1105 1576 Quietem
1132 1498 1277 1581 praesta.

736 1605 921 1678 Sacerdos.
975 1603 1130 1691 Quietem
1156 1614 1291 1698 praesta
1327 1612 1362 1675 ει
1392 1625 1496 1699 parco
1531 1603 1696 1695 Domino,
1729 1603 1825 1678 aulor
1862 1616 1897 1679 et
1928 1606 2004 1680 dele

633 1722 752 1794 delicta
779 1730 813 1792 ει
839 1723 1042 1817 insipientias
1070 1721 1186 1812 gregis
1213 1721 1269 1806 tui,
1296 1727 1330 1791 et
1356 1719 1481 1792 dimitte
1504 1719 1654 1792 delectos
1681 1743 1809 1814 conum,
1836 1727 1891 1820 qui
1918 1745 2004 1820 spe-

632 1849 707 1910 rant
733 1841 767 1909 in
793 1849 837 1925 tc,
864 1838 1071 1910 voluntarios
1098 1837 1173 1908 sive
1199 1833 1454 1924 involuntariae,
1482 1845 1580 1909 natos
1608 1846 1642 1908 ει
1666 1839 1819 1930 ignotos,
1853 1840 2004 1912 occultos

632 1965 666 2026 ει
699 1952 913 2042 manifestae,
957 1953 1128 2049 praeteriti
1168 1961 1201 2022 ct
1240 1953 1444 2046 insequentis
1476 1955 1646 2048 temporis.
1698 1953 1754 2027 Ad
1792 1967 1825 2029 tc
1859 1955 2005 2028 Domine

632 2071 753 2144 clamat
778 2093 867 2163 grex
894 2080 979 2159 tuns,
1006 2079 1040 2140 ει
1067 2067 1109 2140 ad
1136 2077 1169 2138 te
1195 2067 1341 2163 postrdat
1353 2071 1486 2140 veniam
1507 2071 1830 2164 praevaricationum
1857 2094 2004 2163 suarum,

632 2209 719 2283 quae
751 2197 829 2283 post
859 2184 1057 2282 baptismum
1093 2193 1127 2256 ει
1159 2183 1403 2256 mundationem
1430 2189 1646 2274 commissae,
1674 2187 1846 2260 animabus
1878 2193 2003 2262 nostris

630 2303 793 2376 maculam
820 2313 877 2376 eut
903 2303 1012 2375 labem
1040 2303 1288 2397 impresserunt.
1330 2300 1384 2372 Da
1410 2300 1508 2374 nobis
1534 2303 1678 2374 Domine
1703 2312 1739 2375 ει
1764 2327 1849 2400 pure
1874 2326 2003 2376 occur-

630 2442 744 2492 ramus
777 2419 883 2490 vultui
909 2417 1049 2513 pacifico
1077 2425 1153 2505 tuo,
1187 2425 1220 2487 et
1253 2426 1388 2511 praesta
1420 2416 1518 2490 nobis
1544 2415 1697 2490 fiduciam
1723 2420 1851 2516 absque
1877 2419 2002 2494 confu-

631 2539 747 2625 sione,
783 2557 896 2608 coram
924 2531 1008 2606 solio
1041 2541 1098 2604 tuo
1132 2531 1303 2603 tremendo
1331 2543 1365 2604 et
1390 2533 1584 2607 metuendo:
1615 2544 1716 2630 utque
1747 2541 2002 2611 excusationem

628 2650 811 2724 habeamus
838 2654 871 2722 in
898 2649 951 2720 die
978 2660 1044 2736 tuo,
1071 2651 1104 2719 in
1132 2671 1197 2743 quo
1224 2648 1433 2720 laetabuntur
1458 2652 1503 2746 pii
1526 2659 1561 2722 ει
1582 2653 1676 2744 justi,
1704 2651 2001 2728 exultabnntPro-

628 2766 749 2864 phetae
777 2779 811 2841 ει
842 2766 999 2862 Apostoli
1034 2767 1099 2855 tui3
1135 2763 1341 2861 gloriamque
1375 2777 1622 2862 consequentur
1657 2771 1712 2866 qui
1744 2767 1895 2844 lecerunt
1928 2795 2002 2844 vo-

628 2884 787 2957 luntatem
813 2893 920 2956 mam:
948 2885 1077 2955 tristitia
1091 2903 1175 2954 vero
1194 2880 1376 2955 obruentur
1401 2885 1513 2979 iniqui,
1541 2893 1575 2956 et
1594 2885 1882 2960 immisericordes
1909 2911 2002 2984 poe-

629 3003 764 3074 nitentia
790 3007 978 3093 tangcntur.
1031 2999 1171 3071 Praesta
1198 2994 1297 3072 nabis
1323 2999 1468 3071 Domine
1499 3000 1597 3072 linem
1625 2998 1867 3094 Christianum,
1893 3006 2001 3075 misc-

628 3116 793 3189 ricordiae
824 3138 843 3187 a
875 3126 909 3188 te
941 3113 1196 3208 exhibitionem,
1230 3124 1264 3185 ει
1294 3125 1330 3187 nt
1362 3114 1452 3207 digni
1485 3115 1661 3189 efficiamur
1700 3129 1791 3190 sorte
1826 3118 2002 3192 beatorum

628 3233 760 3305 illorum
787 3235 842 3327 qui
868 3231 929 3328 tibi¹
953 3234 1153 3319 servienmt,
1179 3251 1288 3324 neque
1314 3230 1515 3326 repellamur
1541 3230 1584 3305 ab
1612 3235 1699 3306 ostio
1726 3237 1824 3328 regni
1849 3239 1905 3308 tui.
1956 3234 2002 3308 Et

629 3353 713 3424 siout
738 3352 772 3422 in
799 3346 950 3421 amnibus
979 3347 1135 3440 adjuvisti
1162 3345 1340 3420 adorantes
1366 3359 1410 3436 tc,
1438 3369 1506 3421 non
1522 3351 1692 3444 privemur
1717 3353 1916 3426 remissione
1941 3355 2000 3422 in-

628 3469 854 3561 sipientiarnm
881 3475 1087 3552 nostraram3
1119 3471 1155 3534 ει
1189 3464 1334 3536 omnium
1361 3485 1463 3538 causa
1497 3475 1530 3536 ει
1555 3476 1695 3562 proptor
1726 3469 1835 3540 amnia
1867 3468 2002 3561 glor-ili—

628 3592 723 3654 cetur
754 3584 789 3653 in
820 3579 919 3654 nobis
950 3601 1070 3652 nomen
1103 3588 1191 3650 tuum
1225 3589 1393 3670 sanctum,
1427 3581 1589 3678 simulque
1614 3583 1748 3655 Domini
1779 3582 1844 3655 Dci
1869 3583 2000 3658 Salva-

628 3701 723 3788 toris‚
750 3708 785 3770 at
811 3695 1027 3770 vivificatoris
1053 3695 1159 3768 nostri
1182 3693 1267 3770 lesu
1289 3695 1425 3787 Christi,
1452 3706 1485 3770 ει
1511 3697 1654 3795 Spiritus
1680 3701 1726 3772 tui
1753 3699 1884 3772 sancti

732 3813 894 3908 Populus.
947 3811 1002 3900 Ut,
1029 3823 1093 3886 etc.

731 3929 917 4001 Sacerdos.
969 3929 1053 4001 Pax.

731 4029 892 4141 Papulae.
945 4043 989 4120 ln
1016 4069 1088 4118 oum
1117 4049 1234 4142 spiritu
1260 4051 1327 4117 tino.

638 4199 642 4206 ·
731 4163 916 4234 Sacerdos.
969 4162 1221 4236 Misericordiae
1246 4163 1312 4234 Dei
1338 4163 1411 4235 sint

731 4278 892 4372 Populus.
944 4277 989 4351 Iit
1014 4301 1087 4352 oum
1114 4282 1230 4375 spiritu
1257 4286 1323 4352 tuo.

732 4395 911 4468 Diaconos
938 4397 1022 4467 dicit
1049 4395 1269 4468 Catholicae.
1321 4393 1497 4467 Sacerdos
1518 4396 1654 4488 frangit
1679 4399 1713 4465 ει
1738 4395 1859 4488 aaut.

731 4513 920 4585 Diaconos.
974 4510 1139 4605 Angelus,
1165 4520 1227 4585 cto.

870 4787 1045 4860 Sacerdos
1071 4786 1157 4859 dicit
1183 4786 1382 4860 Orationem
1407 4792 1488 4878 apte
1513 4785 1614 4858 Pater
1640 4793 1766 4859 noster.

731 4978 824 5049 Deus
850 4976 964 5067 Pater,
990 4931 1133 5050 Domine
1160 4980 1323 5069 ammona,
1355 5001 1376 5052 a
1408 4977 1503 5070 cujus
1534 4984 1615 5048 nutu
1645 4975 1791 5072 pendent
1819 4983 1999 5048 crastinae

628 5103 663 5166 et
689 5095 799 5167 omnia
827 5113 914 5188 quae
947 5093 1058 5166 ineis
1094 5105 1186 5168 sunt:
1219 5097 1274 5191 qui
1306 5105 1436 5168 mantas
1463 5113 1643 5190 supernas,
1669 5091 1785 5188 plenas
1812 5086 1995 5188 splendore
