4804 6026
418 727 467 803 DE
490 725 659 804 stitttots
679 725 949 802 llELCHlTARUll
971 727 1018 802 ΕΤ
1037 723 1303 802 Jtoottttntttttt
1324 725 1517 800 blTUllGllS.
1583 721 1667 794 XIX

290 934 455 1008 expressa
490 915 540 983 sit
604 910 792 983 Secundum
833 921 886 982 est
921 915 1052 1002 insigne
1089 909 1252 983 adversus
1289 909 1517 982 Protestantes
1558 911 1666 980 nostri

289 1029 415 1100 saeculi
443 1037 690 1119 argumentum,
717 1029 772 1119 qui
798 1025 896 1097 iidem
923 1025 964 1097 de
991 1025 1073 1097 reali
1108 1026 1347 1097 elementorum
1379 1027 1667 1109 transmutatione,

290 1147 461 1214 ctomnia
490 1164 576 1236 quae
609 1140 698 1212 illam
733 1139 938 1232 significant,
967 1141 1153 1213 Orientalcs
1181 1166 1202 1213 a
1234 1141 1361 1212 Latinis
1397 1144 1572 1234 accepisse
1606 1149 1665 1208 te-

288 1279 380 1329 mero
408 1257 577 1330 affirmant.
630 1256 712 1328 lllae
740 1261 826 1327 enim
853 1258 1039 1349 Liturgiae,
1068 1262 1096 1328 si
1123 1261 1320 1352 praecipuas
1335 1265 1447 1351 partes
1465 1258 1666 1349 excipimuS,

289 1371 466 1467 inquibus
494 1377 577 1442 mira
604 1394 736 1467 semper
763 1371 822 1444 luit
848 1371 1074 1444 Ecclesiarum
1103 1377 1247 1444 omnium
1274 1375 1465 1460 consensio,
1492 1369 1570 1441 nibil
1595 1370 1665 1441 ba-

288 1486 368 1559 bent
395 1492 484 1559 circa
511 1488 674 1581 reliquas,
702 1487 790 1582 qnod
817 1485 859 1558 ab
888 1485 1157 1560 Occidentalibus
1184 1497 1355 1582 acceptum
1384 1486 1466 1574 dici,
1494 1510 1569 1558 cum
1597 1487 1665 1557 ali-

290 1627 352 1698 qua
380 1601 665 1675 verisimilitudine
693 1612 800 1696 queat.
855 1605 1006 1676 Omnium
1033 1626 1137 1699 porro
1166 1625 1248 1697 quas
1283 1606 1316 1674 in
1352 1601 1533 1676 Codicibus
1566 1625 1666 1674 manu

286 1721 423 1814 scriptis
449 1723 635 1814 reperimus
662 1716 788 1808 forma,
822 1720 940 1790 eadem
973 1727 1033 1790 ost.
1089 1719 1250 1806 Quamvis
1284 1723 1483 1818 praecipuas
1517 1741 1665 1814 reprae-

290 1845 475 1922 sentemus,
504 1855 581 1906 esse
610 1832 769 1928 quasdam
796 1835 942 1906 nondum
969 1844 1138 1928 repertas,
1166 1834 1349 1905 verisimile
1377 1845 1444 1906 est:
1471 1844 1507 1907 ut
1525 1835 1664 1929 aliquae,

290 1973 426 2044 quarum
453 1954 670 2020 meminerunt
695 1947 922 2036 Echellcnsis,
950 1961 984 2020 et
1010 1948 1066 2020 alii
1092 1949 1295 2038 blaronitae,
1322 1949 1401 2022 licet
1416 1974 1462 2022 ex
1475 1948 1547 2022 sola
1564 1947 1665 2036 lama,

291 2075 345 2136 out
371 2063 553 2150 indicibus,
582 2086 640 2137 cas
667 2069 806 2135 novisse
832 2065 1016 2135 videantur.

391 2179 516 2251 XXXI.
569 2179 623 2249 De
650 2201 691 2250 ea
719 2201 815 2272 quam
842 2180 957 2251 Basilii
982 2184 1116 2252 nomine
1144 2180 1244 2251 edidit
1270 2180 1390 2251 Latine
1416 2184 1664 2275 interpretatam
1713 2190 1752 2242 oe
1770 2189 1882 2258 liturgia
1902 2189 1988 2242 ausint

289 2299 341 2368 vir
379 2293 589 2366 doctissimus
631 2293 787 2366 Andreas
820 2294 964 2382 Masius,
1005 2318 1111 2390 pauca
1157 2295 1296 2367 dicenda
1337 2305 1420 2370 sunt.
1482 2275 1990 2366 oenutnan“delimaver-

288 2410 376 2483 illam
403 2431 498 2496 esse,
527 2417 561 2479 et
587 2412 772 2498 sinceram,
805 2433 873 2482 non
905 2419 957 2482 est
992 2433 1050 2481 cur
1084 2409 1266 2500 dubitetur,
1303 2436 1376 2482 cum
1412 2415 1445 2482 in
1482 2413 1666 2486 orationum

287 2531 472 2620 rituumque
499 2523 719 2619 dispositione
746 2548 820 2596 cum
847 2526 984 2619 reliquis
1013 2529 1202 2597 conveniat.
1254 2526 1359 2598 blulta
1387 2531 1485 2599 etiam
1509 2536 1541 2597 et
1567 2524 1666 2621 plus-

288 2664 385 2736 quam
415 2661 531 2712 omnes
557 2637 707 2735 reliquae
733 2639 833 2712 babet
861 2663 906 2710 cx
934 2639 1064 2712 Graeca
1091 2640 1224 2731 Basilii,
1261 2643 1347 2715 adeo
1374 2653 1409 2714 ut
1434 2665 1557 2713 nomen
1589 2641 1666 2713 inde

288 2759 431 2828 traxerit
457 2778 526 2827 non
558 2759 732 2827 immerito.
785 2755 870 2827 Eam
897 2767 1008 2828 tamen
1042 2757 1206 2828 lllelclritis
1233 2762 1342 2854 potius
1378 2781 1476 2852 quam
1501 2755 1664 2830 Jacobitis

287 2872 392 2945 insse
418 2875 589 2967 propriam
615 2893 682 2942 non
709 2883 835 2943 temere
863 2881 975 2966 potest
998 2872 1149 2965 judicari.
1203 2873 1252 2944 llli
1281 2877 1367 2944 enim
1402 2897 1476 2944 cum
1514 2870 1665 2944 Graecae

286 2987 464 3060 Ecclesiae
492 2986 747 3077 subjicerentur,
776 2991 808 3057 in
836 3012 900 3081 qua
927 2988 1041 3060 Basilii
1070 2999 1103 3060 et
1123 2985 1355 3084 chrysostomi
1369 2989 1542 3080 Liturgiae
1570 2986 1664 3060 solae

289 3103 443 3174 amultis
472 3101 616 3174 sacculis
643 3114 841 3197 usurpantur
869 3103 911 3174 ad
944 3103 1076 3192 altaria,
1116 3107 1256 3198 primam
1289 3105 1422 3196 vulgari
1456 3128 1514 3176 sua
1551 3104 1665 3196 lingua

288 3221 498 3312 interpretari
525 3215 623 3287 facile
650 3215 846 3313 potuerunt,
873 3229 909 3290 nt
936 3242 1021 3314 quac
1049 3219 1162 3291 Officia
1189 3217 1387 3291 Antiochiae
1406 3219 1538 3291 Graece
1566 3219 1664 3291 cele-

288 3331 486 3417 brabantur,
515 3330 633 3404 eadem
659 3336 693 3403 in
719 3337 848 3406 vicanis
874 3333 1039 3406 Ecclesiis
1056 3333 1197 3430 Sq'riace
1224 3326 1365 3430 possent
1389 3335 1562 3408 celebrari.
1615 3337 1664 3406 lta

290 3452 374 3519 enirn
403 3447 490 3541 apud
515 3448 727 3544 Aegq'ptioS,
756 3472 841 3544 quae
867 3448 1098 3521 Alexandriae
1123 3447 1255 3520 Graece
1292 3448 1523 3522 celebrabatur
1544 3448 1663 3519 Litur-

289 3568 363 3655 gia,
393 3566 469 3657 quia
497 3585 613 3637 omnes
641 3563 707 3635 illic
735 3565 867 3637 Graece
894 3575 1077 3654 noverant,
1103 3567 1261 3660 inpagis
1289 3574 1323 3635 et
1344 3567 1377 3636 in
1395 3562 1579 3652 Thebaide,
1605 3562 1662 3635 ubi

290 3679 422 3750 Graeca
449 3677 563 3770 lingua
596 3677 830 3771 ignorabatur,
864 3681 933 3772 legi
965 3681 1098 3773 vulgari
1128 3680 1344 3776 Aegyptiace
1374 3678 1489 3771 lingua
1521 3677 1663 3752 solebat.

288 3795 335 3866 At
361 3796 457 3867 citius
492 3793 614 3867 Graeci
642 3799 805 3868 sermonis
833 3819 927 3866 usum
955 3799 1135 3867 amiserunt
1155 3794 1355 3866 Antiocbeui
1373 3795 1559 3882 Jacobitae,
1587 3799 1663 3889 quia

288 3909 466 3984 Antiochia
494 3913 628 4005 saepius
655 3916 689 3982 in
716 3911 921 3982 Graecorum
943 3911 1182 4006 imperatorum
1207 3919 1374 4006 potestate
1401 3909 1474 3981 brit:
1502 3921 1535 3981 et
1551 3911 1661 3981 Jaco-

288 4026 429 4098 bitarum
455 4024 647 4098 Patriarcba
674 4030 736 4098 vix
762 4049 925 4121 unrpram,
954 4030 1053 4098 etiam
1079 4025 1339 4114 subArabibuS,
1366 4025 1565 4102 Antiochiae
1583 4049 1662 4098 ma-

290 4140 389 4213 nendi
421 4139 605 4212 libertatem
617 4139 738 4213 babuit.
765 4143 929 4213 Joannem
941 4146 996 4237 qui
1024 4165 1110 4215 anno
1125 4143 1154 4214 J.
1170 4139 1207 4213 C.
1223 4140 1513 4215 Doocctxvtt.
1530 4145 1663 4237 scripsit

291 4257 333 4328 ad
368 4257 512 4345 lilinum,
555 4280 615 4330 scu
650 4257 808 4329 biennem
846 4257 1111 4330 Alexandrinum
1156 4257 1381 4340 Patriarcham
1423 4255 1662 4345 Jacobitarum,

289 4370 425 4464 longam
452 4371 628 4469 epistolam
656 4372 697 4444 de
726 4373 914 4446 Collatione
942 4371 1230 4468 Constantinopoli
1263 4395 1337 4443 cum
1366 4371 1569 4444 Orthodoxis
1596 4371 1663 4444 ba-

289 4487 377 4574 bita,
405 4510 479 4559 curn
506 4491 580 4582 ipse
605 4487 820 4584 Imperatoris
844 4491 941 4579 jussu
977 4511 1051 4560 eam
1083 4493 1117 4560 in
1149 4486 1265 4560 urbem
1298 4486 1414 4560 ductus
1449 4499 1553 4578 esset,
1578 4491 1664 4560 inter

290 4602 375 4690 alia,
408 4606 594 4698 imperitum
627 4625 665 4674 se
701 4605 836 4696 linguae
870 4604 1023 4676 Graecae
1056 4627 1133 4678 esse
1169 4604 1260 4674 dixit.
1313 4603 1428 4696 ltaque
1462 4602 1561 4674 facile
1593 4602 1663 4690 brit,

289 4727 325 4789 ut
358 4717 531 4808 Litaugiaa
563 4717 650 4788 illius
684 4719 799 4790 Basilii
835 4720 999 4814 Syriacae
1032 4717 1207 4814 aliquando
1239 4739 1319 4789 usus
1361 4716 1539 4788 obtinuerit
1577 4716 1664 4812 apud
1730 4723 1792 4780 nar.
1817 4726 1886 4778 Patr·
1913 4727 1988 4780 Ates-

291 4831 526 4922 Orthodoxos,
553 4855 634 4904 mox
661 4837 694 4904 in
722 4834 969 4906 desuetudinem
988 4833 1121 4918 abierit,
1149 4830 1436 4930 quiaAntiocheni
1449 4831 1703 4905 Paruaretaet·
1721 4814 1784 4866 3⁵⁸·

291 4945 432 5035 Graeci,
461 4943 768 5044 Constantinopoli,
795 4949 1029 5045 utplurimum
1056 4953 1167 5040 missi,
1196 4970 1291 5021 sacra
1320 4947 1453 5020 Graece
1485 4946 1662 5038 iaciebant,

291 5061 380 5156 quod
408 5065 507 5134 etiam
532 5085 620 5134 nrmc
647 5062 856 5137 observatu.
909 5062 978 5136 Sed
1006 5087 1099 5138 suam
1126 5086 1257 5159 quoque
1289 5063 1460 5136 Jacobitas
1496 5062 1664 5152 babuisse,

289 5177 425 5290 tandem
452 5181 652 5270 agnovimus
680 5203 726 5252 ex
752 5183 833 5254 satis
860 5189 993 5253 vetusto
1022 5189 1055 5251 et
1080 5177 1191 5252 bonae
1216 5189 1318 5253 notae
1352 5175 1480 5252 Godice
1513 5175 1664 5251 Golber-

1409 5295 1458 5383 32*
