4804 6026
752 553 803 630 IN
836 551 1129 630 LITURGIAS
1164 549 1440 630 sislaots.
1732 549 1777 624 61

417 737 497 818 quod
519 737 714 818 praecipuum
736 744 767 799 et
788 737 988 798 sanctuarium
1017 753 1087 799 esse
1117 737 1323 800 demonstrant
1351 735 1463 798 calices
1494 743 1524 798 et
1553 735 1654 799 discus
1683 735 1714 798 in
1743 755 1781 800 eo

416 837 581 919 designati:
612 835 684 898 nihil
714 835 809 899 simile
833 835 862 897 in
886 836 959 913 alio,
987 835 1067 897 inter
1095 836 1175 918 quod
1205 844 1236 898 et
1266 835 1391 898 alterum
1419 835 1584 916 pinguntur
1613 834 1782 914 ordinandi,

415 936 500 1018 quasi
522 936 704 998 accedentes
728 935 766 997 ad
787 935 896 1009 altare;
920 953 1021 997 coram
1044 952 1105 1015 quo
1128 941 1186 996 stat
1208 935 1376 1016 Episcopus
1398 933 1568 996 Ordinator.
1612 934 1666 997 Est
1687 951 1781 1014 porro

413 1035 489 1098 ritus
511 1035 574 1114 ille,
597 1033 781 1098 Graecorum
803 1023 930 1117 μεγάλη
953 1021 1087 1112 sicodor,
1111 1052 1199 1113 quern
1223 1032 1377 1115 Coptitae,
1401 1032 1581 1115 Aethiopes,
1605 1040 1635 1095 ct
1656 1033 1706 1096 alii
1727 1052 1782 1096 re-

413 1135 519 1212 tinent,
543 1143 576 1197 ut
599 1135 709 1196 dicium
731 1142 778 1196 est
799 1133 830 1195 in
853 1131 1073 1196 Commentario
1097 1133 1134 1194 ad
1157 1133 1279 1213 primam
1294 1132 1474 1213 liturgiam.

500 1233 596 1317 Igitur
625 1251 703 1314 quae
732 1234 761 1294 in
792 1251 829 1294 ea
850 1239 936 1312 parte
958 1231 1101 1313 legimus,
1132 1233 1366 1312 quamprimum
1397 1229 1539 1293 Ordinem
1568 1246 1624 1290 seu
1647 1223 1782 1290 Olhcium
1877 1287 1880 1304 ,

414 1343 523 1397 vocant
545 1334 576 1394 in
599 1331 712 1396 Codice
736 1318 934 1409 Colbertiuo,
952 1339 984 1394 ut
1006 1332 1037 1392 in
1059 1329 1199 1414 eoquod
1224 1329 1315 1392 edidit
1337 1330 1540 1407 Bodcrianus,
1570 1329 1610 1390 ita
1640 1326 1782 1388 videntur

415 1433 605 1514 accipienda,
635 1439 668 1494 ut
697 1431 733 1494 ad
763 1430 919 1493 Prothesin
949 1448 1005 1492 scu
1027 1429 1131 1492 Altare
1162 1431 1275 1508 minus,
1305 1428 1451 1511 pleraque
1481 1430 1561 1492 fiant.
1607 1425 1639 1489 ld
1662 1426 1782 1507 quidem

414 1549 476 1594 non
498 1531 637 1594 distincte
659 1527 875 1611 praescribitur
896 1531 926 1591 iu
949 1529 1119 1592 Officiorum
1141 1530 1287 1606 rubricis,
1316 1527 1370 1590 sed
1393 1527 1462 1590 illae
1487 1545 1607 1608 quoque
1630 1525 1702 1587 nihil
1725 1524 1782 1587 ba-

415 1631 497 1709 bent,
520 1630 600 1711 quod
624 1631 770 1694 adversus
794 1630 872 1691 hanc
892 1627 1073 1709 hypothesin
1103 1629 1177 1690 trahi
1209 1633 1318 1710 queat,
1349 1635 1380 1688 et
1406 1627 1457 1689 illa
1479 1626 1619 1689 fundatur
1640 1626 1672 1686 in
1695 1643 1782 1687 com-

415 1732 496 1792 muni
523 1729 695 1812 disciplina,
722 1746 783 1790 non
811 1748 846 1790 ea
876 1728 964 1790 modo
998 1747 1085 1808 quam
1108 1727 1215 1789 Graeci
1239 1728 1418 1804 observant,
1449 1725 1505 1788 sed
1532 1745 1569 1789 ea
1591 1725 1680 1787 etiam
1703 1741 1780 1804 quae

415 1829 499 1910 Syris
521 1827 673 1891 familiaris
696 1827 759 1907 luit,
781 1835 815 1891 ut
837 1829 921 1890 testis
945 1834 992 1889 est
1012 1827 1174 1909 Dionysius
1196 1825 1354 1888 Barsalibi.

501 1929 599 1991 Potuit
621 1947 742 2010 quoque
764 1927 873 2009 aliquid
889 1927 1062 1988 variationis
1086 1927 1226 2007 accipere
1249 1924 1413 1988 secundum
1427 1922 1781 1988 diversasEcclesiarurn

336 2049 338 2052 ·
415 2027 648 2090 consuetudines
670 2026 747 2090 haec
774 2025 982 2088 caeremonia:
1005 2033 1035 2087 et
1063 2025 1170 2088 alicubi
1199 2025 1297 2088 statim
1328 2023 1364 2086 ad
1393 2023 1487 2087 altare
1515 2024 1672 2104 proposita
1702 2021 1781 2085 dorsa
1876 1997 1887 2020 ’

415 2125 523 2190 luisse:
548 2126 618 2188 alibi
640 2135 819 2206 praeparata
842 2127 872 2188 in
895 2124 1040 2187 Prothcsi.
1086 2123 1212 2203 Gracci,
1243 2143 1283 2186 ex
1314 2142 1441 2204 quorum
1470 2121 1577 2184 ritibus
1608 2119 1779 2184 Orientales

415 2245 518 2288 omnes
540 2225 590 2288 alii
612 2227 831 2307 produxerunt,
855 2243 961 2307 panem
991 2224 1243 2302 consecrandum,
1269 2229 1299 2284 et
1326 2220 1470 2302 ampullas
1497 2227 1592 2283 tectas
1623 2219 1661 2282 ad
1684 2218 1779 2280 altare

415 2325 567 2404 deferunt,
598 2332 629 2388 et
657 2327 687 2387 in
710 2324 795 2386 altari
832 2325 864 2386 ht
892 2326 978 2404 panis
1007 2324 1040 2384 in
1068 2322 1230 2405 particulas
1259 2321 1354 2404 prima
1388 2320 1508 2382 divisio:
1537 2327 1598 2381 tum
1626 2321 1726 2381 vinum
1750 2324 1780 2379 et

415 2441 491 2509 aqua
514 2424 599 2487 calici
622 2423 832 2487 infunduntur:
857 2431 946 2505 atque
969 2424 1010 2485 ita
1033 2419 1120 2485 tacite
1142 2421 1269 2502 intelligi
1296 2428 1411 2503 potest,
1442 2418 1603 2481 illationem
1625 2418 1702 2480 hano
1725 2435 1780 2479 seu

414 2524 650 2606 propositionem
671 2524 736 2586 beri
759 2526 788 2586 in
812 2522 906 2598 altari,
927 2531 1085 2603 postquam
1108 2521 1315 2584 caeremoniae
1338 2518 1556 2602 praecedentes
1587 2517 1684 2582 iactae
1710 2523 1779 2578 sunt

414 2625 443 2685 in
465 2623 611 2702 Prothesi‚
635 2632 665 2686 et
686 2617 840 2710 περίοδος
862 2623 927 2686 sive
950 2623 1108 2704 processio
1131 2623 1241 2684 circum
1266 2620 1370 2682 altare.

498 2723 574 2784 Vela
597 2731 695 2785 autern
718 2723 836 2800 calicis,
858 2731 890 2785 ut
913 2721 1037 2798 Graeci,
1067 2723 1107 2783 ita
1137 2719 1306 2784 Orientales
1336 2719 1422 2800 plura
1452 2718 1571 2781 babent.
1615 2715 1780 2798 Amphora
1817 2716 2100 2774 Volucalicisetobla-

414 2820 477 2885 sive
501 2822 633 2886 Arabica
653 2833 736 2890 'trba
758 2823 896 2902 Noaphir
917 2839 1007 2884 unum
1038 2821 1221 2903 appellatur:
1253 2818 1332 2882 aliud
1356 2818 1491 2902 generali
1518 2819 1638 2880 nomine
1661 2813 1842 2886 popm-praa.

419 2919 536 2983 Votum:
557 2924 587 2985 io
608 2921 718 2985 Rituali
744 2921 905 2984 Boderiani
927 2931 1011 2994 &mitt
1029 2939 1106 3000 quae
1136 2939 1199 2982 vox
1228 2937 1295 2982 cum
1328 2918 1452 3000 proprie
1482 2919 1589 2981 nubem
1617 2918 1779 3001 significet,

351 3033 354 3042 '
413 3020 561 3084 hocloco
584 3022 684 3085 velum
706 3022 778 3085 illud
800 3021 894 3102 majus
917 3021 1075 3104 significat,
1099 3039 1158 3101 quo
1183 3020 1298 3098 discus,
1322 3019 1418 3094 calix,
1447 3018 1617 3099 etreliqua
1640 3017 1707 3081 vela
1730 3028 1780 3082 te-

413 3128 539 3202 guntur,
564 3121 645 3202 quod
668 3121 774 3185 eodem
801 3121 889 3183 modo
917 3120 1025 3183 Graeci
1048 3113 1199 3205 Νεφέλην
1220 3127 1345 3197 vocant,
1377 3125 1407 3180 et
1428 3105 1538 3204 ’Δέρας
1561 3136 1630 3180 nam
1651 3126 1779 3199 utraque

413 3239 474 3284 von
504 3220 622 3284 videtur
651 3241 719 3285 esse
750 3211 956 3298 ἰσοδὺναμος.
1000 3219 1123 3283 Alista
1153 3219 1270 3281 nomina
1306 3217 1429 3280 Graecis
1457 3235 1517 3279 non
1547 3225 1605 3278 tam
1639 3226 1781 3280 accurate

413 3320 607 3400 respondent,
641 3328 674 3382 ut
697 3321 747 3401 qui
769 3322 931 3404 singularis
955 3320 1072 3382 illorum
1097 3337 1169 3382 usus
1192 3318 1292 3395 luerit,
1316 3315 1404 3379 facile
1427 3317 1466 3379 sit
1489 3316 1659 3400 designare.
1704 3315 1780 3380 lllud

414 3421 500 3482 modo
524 3420 658 3500 sufficiet,
680 3422 776 3501 primo
799 3420 868 3482 velo
892 3419 1025 3496 calicem,
1048 3418 1182 3480 secundo
1206 3424 1299 3479 totum
1322 3414 1452 3492 discum,
1474 3416 1504 3478 in
1528 3435 1588 3497 quo
1611 3417 1690 3480 calix
1711 3435 1779 3479 cum

414 3538 490 3602 pane
514 3519 722 3584 consecrando
746 3520 901 3602 depositus
924 3526 988 3596 est,
1012 3518 1148 3598 contegi:
1178 3517 1279 3578 ultimo
1309 3514 1474 3578 secundum
1503 3516 1593 3596 illud,
1624 3523 1779 3594 totumque

414 3637 530 3682 sacmrn
552 3620 757 3684 ministerium.
802 3618 963 3698 Anapbara
987 3618 1091 3680 eadem
1113 3616 1333 3698 significatione
1355 3621 1499 3696 usurpata
1521 3616 1633 3697 legitur
1655 3615 1685 3676 in
1709 3613 1776 3675 Tri·
1829 3599 1838 3614 ¹

415 3717 482 3781 odio
506 3719 536 3782 2.
560 3719 648 3780 Faria
671 3717 692 3779 l.
716 3718 911 3781 hebdomadis
930 3718 1121 3800 jejuniorum,
1144 3717 1176 3778 in
1198 3715 1361 3797 Lyclmico,
1381 3723 1411 3778 et
1432 3717 1463 3778 in
1486 3717 1601 3797 'lypico
1625 3713 1656 3778 S.
1681 3712 1778 3777 Sabae

415 3835 441 3880 c.
464 3817 516 3882 30.
558 3811 656 3903 Αἷρεῖ
676 3811 712 3880 δὲ
735 3807 753 3880 ὃ
774 3807 882 3901 ἱερειις
903 3807 945 3880 τοι
968 3805 1168 3894 καλύμματα
1194 3801 1258 3876 τῶν
1280 3803 1394 3898 ἁγίων,
1423 3811 1478 3878 και
1507 3801 1663 3891 σκεπάζει
1693 3802 1780 3878 αὐτοὶ

413 3907 497 3996 μετὰ
518 3914 577 4002 τῆς
598 3905 765 4002 ἀναφορᾶς
794 3905 866 4002 ἦτοι
892 3913 952 3980 τοῦ
981 3905 1087 4000 ἀέρος.
1130 3915 1240 3994 Arrfcrt
1268 3915 1423 3978 Sacerdos
1452 3917 1605 3978 aclarniao
1634 3916 1780 3976 osccrc's

413 4019 563 4100 mysteriis
588 4025 618 4078 ct
643 4017 697 4078 illu
725 4009 797 4096 tcp'it
823 4016 989 4096 Arzophoro
1025 4018 1089 4078 sice
1115 4013 1204 4078 Aere.
1249 4013 1377 4078 Additur
1406 4017 1435 4077 in
1460 4015 1575 4097 Typico
1604 4001 1689 4075 οὕτω
1716 4000 1780 4098 yaip

413 4103 573 4179 εἰώθασιν
587 4102 697 4179 καλεῖν
709 4102 834 4177 arianida
847 4115 916 4188 τοῖς
930 4103 1163 4200 Ἱεροσολύμων
1177 4107 1319 4199 μέρεσιν.
1342 4114 1391 4176 Ito
1408 4117 1485 4177 caim
1501 4133 1540 4175 eo
1555 4131 1670 4175 cocere
1685 4113 1782 4174 solent

414 4215 598 4296 inpartibus
618 4215 913 4299 Hierosolymitanis:
936 4233 1044 4294 nempe
1066 4213 1263 4293 Anapboram
1285 4200 1448 4296 appellare,
1465 4211 1545 4295 quod
1559 4211 1666 4275 Graeci
1679 4211 1780 4275 dicunt

413 4315 539 4378 Acrem:
561 4335 629 4378 nam
651 4314 803 4396 Liturgiae
826 4315 968 4395 Syriacae
991 4331 1069 4394 quae
1098 4312 1135 4374 ad
1158 4312 1457 4394 Hierosolymitonem
1479 4311 1585 4375 Jacobi
1612 4330 1779 4392 expressae

415 4423 493 4494 sunt,
517 4433 552 4477 ea
575 4416 685 4496 passim
715 4433 791 4477 noce
813 4421 954 4491 utuntur,
984 4413 1009 4475 ι
1025 4413 1150 4475 Graecis
1178 4419 1319 4493 accepta:
1341 4411 1431 4474 Aeris
1461 4420 1511 4475 aut
1542 4411 1679 4474 alterius,
1700 4429 1777 4493 quae

314 4521 319 4530 '
414 4509 533 4600 νεφέλῃ
556 4513 725 4608 repondeat
747 4515 846 4576 rarior
868 4514 987 4576 omnino
1010 4530 1082 4574 usus
1106 4519 1162 4574 est.

500 4613 583 4676 Haec
604 4632 698 4695 porro
721 4613 759 4676 de
781 4615 876 4695 prima
899 4613 948 4675 illa
971 4629 1124 4674 munerum
1147 4609 1419 4675 Eucharisticorum
1442 4610 1606 4690 oblatione,
1630 4629 1684 4674 seu
1708 4611 1778 4674 illa·
1842 4610 1982 4666 [tiverone
2004 4615 2031 4665 in
2048 4615 2099 4666 ritu

414 4715 505 4786 tione,
529 4713 675 4776 sufficiunt
698 4713 734 4776 ad
758 4711 974 4775 conciliandam
996 4711 1165 4776 Officiorum
1188 4711 1305 4773 illorum
1335 4709 1373 4772 dc
1396 4709 1504 4790 quibus
1527 4712 1642 4794 agitur,
1674 4699 2098 4772 diver-³¹¹⁰l1011itl’2ssittlffl·

416 4813 542 4890 sitalem,
566 4831 643 4894 quae
665 4813 761 4894 major
782 4820 910 4894 apparet
931 4829 1019 4894 quam
1039 4828 1074 4874 re
1096 4827 1171 4873 vera
1193 4811 1239 4873 sit.
1275 4807 1348 4872 Cum
1378 4810 1456 4872 enirn
1483 4810 1515 4871 in
1542 4810 1600 4872 illis
1623 4812 1777 4873 orationes
1790 4783 1846 4838 Μ’
1863 4788 1955 4855 expuo
1974 4795 2020 4840 οἰ·

415 4913 526 4976 similes
548 4913 619 4988 sint,
642 4931 682 4975 ex
703 4912 761 4975 illis
785 4931 845 4994 quo
869 4913 928 4974 ritu
951 4911 1141 4988 dicerentur,
1164 4918 1194 4972 et
1217 4910 1245 4971 in
1270 4927 1328 4990 qua
1351 4910 1540 4972 caeremonia
1570 4910 1695 4992 intelligi
1717 4927 1777 4992 po-

414 5019 482 5075 test.
527 5009 681 5084 Quaedam
710 5013 741 5074 in
763 5029 823 5075 uno
847 5014 1035 5092 omittuntur,
1063 5029 1140 5093 quae
1162 5009 1303 5092 leguntur
1325 5011 1355 5070 in
1378 5009 1458 5074 aliis:
1488 5029 1595 5073 verum
1622 5011 1777 5075 orationes

1486 5126 1571 5200 11*
