4728 6028
650 599 701 674 70
1025 599 1643 677 oasunvhttut'ts

649 793 680 847 et
703 785 850 870 singulari
873 783 1019 866 Epistola,
1044 792 1074 846 et
1098 783 1147 845 alii
1171 783 1265 862 multi,
1289 803 1415 865 quorum
1438 785 1606 846 testimonia
1626 784 1795 868 collegerat
1816 788 1865 849 vir
1887 783 2027 848 clarissi-

647 903 713 946 mus
737 882 866 947 Carolus
888 885 1056 945 Fraxineus
1080 881 1231 964 Congius:
1262 883 1348 964 plura
1379 883 1491 946 addidit
1514 902 1581 946 cum
1603 885 1729 947 cruditis
1751 885 2023 948 observationibus

646 981 681 1044 tt.
711 983 743 1047 P.
773 982 900 1046 llichael
935 981 1071 1063 Lequien
1100 983 1131 1042 in
1159 991 1300 1044 accurata
1335 1002 1462 1064 operum
1498 981 1623 1044 loannis
1665 983 1844 1046 Damasceni
1878 984 2022 1048 editione.

645 1081 794 1145 Nonnulla
822 1099 943 1163 quoque
965 1100 1005 1143 ex
1027 1080 1232 1144 Orientalibus
1255 1081 1340 1162 Syris
1370 1099 1387 1142 a
1417 1081 1505 1145 nobis
1527 1081 1659 1164 allegata
1688 1091 1775 1162 sunt,
1805 1084 1836 1144 in
1859 1082 2023 1146 Commen-

645 1183 724 1245 tario
748 1181 785 1243 ad
807 1180 971 1264 liturgiam
993 1179 1095 1244 Basilii
1119 1180 1289 1261 Copticam,
1320 1199 1398 1261 quae
1428 1181 1477 1244 hic
1504 1181 1639 1242 indicare
1669 1183 1804 1246 sulliciet.
1851 1182 1961 1244 Graeci
1993 1189 2024 1243 et

646 1280 820 1343 Orientales
843 1299 905 1342 non
933 1281 1022 1342 modo
1052 1282 1081 1340 in
1112 1279 1240 1360 publicis
1271 1279 1395 1356 Ollleiis,
1425 1280 1481 1343 sed
1510 1281 1540 1341 in
1568 1282 1695 1361 privatis
1717 1281 1859 1360 precihus
1882 1281 2023 1362 hymnum

644 1379 727 1441 illum
740 1379 918 1460 frequenter
938 1381 1077 1456 recitant,
1099 1387 1132 1440 ut
1155 1387 1236 1459 patet
1259 1398 1299 1440 ex
1322 1379 1506 1460 llorologiis‚
1529 1396 1590 1441 non
1605 1379 1729 1440 Graecis
1752 1378 1853 1459 modo,
1868 1381 1925 1442 sed
1939 1381 2022 1442 Ara·

644 1479 721 1540 hicis
745 1477 782 1540 ad
805 1496 891 1540 usum
914 1476 1120 1540 lllelchitarum
1144 1478 1313 1554 conversis,
1345 1477 1452 1540 utillo
1475 1477 1548 1539 Fani
1575 1477 1655 1540 edito
1679 1495 1758 1540 anno
1780 1477 1917 1542 thXlV.
1941 1479 2023 1560 quod

646 1577 718 1640 lllss.
741 1576 837 1639 simile
861 1584 917 1639 est.

373 1677 503 1728 tacottrae
528 1675 632 1742 addunt,
732 1675 893 1739 hlelchitae
916 1694 1009 1756 porro
1022 1694 1079 1738 seu
1095 1675 1263 1738 Orthodoxi
1279 1675 1386 1738 Graeci
1409 1684 1440 1739 et
1456 1676 1564 1754 Latini,
1587 1675 1668 1736 illum
1691 1676 1866 1755 simpliciter
1880 1677 2022 1740 recitant:

340 1767 383 1831 ‘1¹⁸⁸'
399 1766 571 1830 crucifixum
584 1783 633 1835 W
647 1777 779 1839 Sanctus
801 1775 894 1851 Deru,
916 1775 1048 1837 Sanctus
1067 1774 1170 1854 fortis,
1193 1775 1325 1836 Sanctus
1346 1777 1527 1838 immortalis
1547 1777 1693 1836 mirerere
1713 1776 1810 1840 nobo.
1855 1776 2021 1856 Jacobitae,

340 1851 415 1902 '⁰⁶⁵¹'
647 1886 706 1938 tam
736 1875 875 1956 Coptitae
897 1893 986 1956 quarn
1014 1874 1084 1954 Syri
1112 1873 1241 1952 addunt,
1272 1875 1333 1950 Oui
1361 1877 1527 1954 erudfima
1554 1893 1588 1934 ea
1612 1893 1673 1953 pro
1701 1875 1805 1954 noha,
1836 1874 2021 1938 orthodoxis

645 1975 895 2052 reclamantibus,
926 1989 986 2034 non
1015 1973 1111 2035 minus
1141 1991 1229 2053 quarn
1253 1972 1439 2036 Nestor-lanis
1467 1974 1646 2054 inquorum
1671 1973 1754 2035 libris
1777 1975 1843 2036 sine
1867 1974 2022 2038 additione

646 2075 773 2158 legitur:
802 2082 836 2135 ut
858 2073 947 2134 etiarn
971 2080 1098 2134 testatur
1120 2071 1231 2133 Amrus
1254 2071 1382 2134 lllathaei
1406 2071 1499 2149 filius,
1521 2073 1608 2152 cujus
1631 2073 1834 2135 testimonium
1858 2073 1927 2136 loco
1950 2091 2023 2136 mox

645 2175 737 2235 citato
761 2171 926 2236 retulimus.
971 2169 1000 2234 ls
1023 2187 1115 2251 porro
1140 2189 1180 2232 ex
1202 2169 1327 2232 historia
1340 2169 1432 2234 hlaris
1456 2170 1507 2232 lilii
1525 2167 1786 2249 Salomonis,‘non
1802 2173 1921 2234 Petrum
1938 2172 2022 2234 Gna-

645 2273 766 2354 pheum,
790 2271 846 2335 sed
855 2271 1038 2351 Episcopum
1061 2269 1290 2352 llenhigensem
1312 2271 1377 2332 sive
1392 2269 1657 2351 Hierapolitanum‚
1681 2270 1800 2332 scilicet
1813 2272 2021 2348 Philoxenum,

646 2380 782 2434 autorem
806 2371 892 2433 istius
915 2369 1074 2432 additionis
1098 2369 1191 2431 luisse
1214 2371 1335 2448 scribit,
1359 2388 1399 2431 ex
1421 2385 1542 2432 suorum
1565 2368 1735 2431 traditione.
1778 2369 1839 2431 Alii
1862 2370 2022 2433 additionis

646 2478 781 2533 autorem
797 2471 917 2532 Petrum
932 2468 1108 2550 Gnapheum
1123 2467 1217 2530 luisse
1232 2469 1344 2546 dicunt,
1368 2468 1575 2530 Antiochenae
1590 2466 1673 2530 sedis
1684 2469 1869 2548 invasorem,
1893 2487 2022 2550 eamque

385 2639 390 2649 ,
647 2570 753 2632 edictis
777 2570 840 2630 suis
863 2567 1059 2631 confirmasse
1081 2567 1272 2629 Anastasium
1296 2567 1510 2647 imperatorem
1533 2567 1753 2648 hlonophysitis
1775 2567 2022 2648 addictissimum,

356 2637 418 2736 ttae.
433 2637 538 2706 Dim·
549 2659 575 2711 Ρ·
588 2639 633 2694 93.
647 2676 679 2731 ut
701 2668 813 2750 legitur
830 2667 910 2749 apud
924 2665 1164 2749 Ahullaragium‚
1180 2667 1234 2728 sed
1250 2666 1398 2729 seditione
1413 2667 1517 2747 populi
1530 2675 1709 2730 commotum
1724 2667 1886 2730 destitisse.
1909 2671 2022 2731 l'orum

357 2723 527 2878 5235&
559 2727 725 2850 Ah'qnae
748 2767 866 2829 illorum
891 2776 1056 2848 temporum
1080 2765 1233 2830 historiam
1256 2773 1405 2847 spectant,
1429 2786 1446 2828 a
1469 2765 1593 2829 Graecis
1616 2768 1727 2847 potius,
1750 2785 1838 2847 quarn
1861 2768 1898 2830 ab
1920 2768 2023 2831 Auto-

646 2869 730 2930 rlhus
754 2868 804 2949 qui
826 2865 957 2928 Arabico
981 2873 1030 2926 aut
1054 2864 1177 2946 Syriace
1204 2866 1391 2946 scripserunt
1418 2865 1549 2946 petenda
1579 2873 1664 2927 sunt:
1696 2885 1794 2946 neque
1823 2867 1921 2929 lraudi
1950 2887 2020 2932 esse

647 2967 759 3030 debent
777 2968 882 3028 inanes
898 2965 1094 3046 quorumdam
1116 2965 1260 3026 librorum
1284 2965 1322 3027 de
1342 2965 1557 3028 Ecclesiastica
1578 2965 1703 3026 historia
1726 2965 1812 3044 tituli,
1830 2968 1916 3047 quasi
1932 2967 2023 3048 quid-

647 3086 734 3148 quam
747 3066 871 3128 Graecis
894 3071 944 3128 aut
959 3063 1072 3127 Latinis
1095 3065 1281 3147 incognitum
1304 3064 1416 3127 docere
1438 3081 1496 3126 uos
1518 3064 1652 3146 possint:
1676 3083 1743 3126 cum
1766 3073 1832 3127 acta
1857 3075 1887 3130 et
1902 3068 2019 3130 iustru-

645 3174 744 3230 menta
760 3165 892 3228 Arabice
909 3172 958 3228 aut
970 3163 1108 3245 Syriaca,
1132 3173 1255 3246 praeter
1268 3165 1456 3246 paucissima,
1473 3166 1526 3225 vix
1539 3163 1599 3225 ulla
1611 3171 1724 3227 extent.
1748 3163 1852 3245 ltaque
1863 3165 2020 3230 Jacohitae

644 3265 804 3349 Aegyptii,
835 3282 895 3326 non
918 3266 1014 3326 minus
1037 3282 1124 3345 quam
1149 3264 1234 3344 Syri,
1258 3263 1425 3346 Trisagimn
1448 3262 1604 3345 hymnum,
1628 3271 1661 3324 ut
1686 3263 1765 3344 apud
1788 3281 1844 3325 eos
1866 3267 2021 3345 recitatur,

645 3363 826 3426 additionem
854 3363 933 3425 illius
961 3362 1142 3444 particulae,
1173 3364 1226 3443 qui
1247 3365 1412 3442 crucifixus
1434 3381 1467 3424 es
1486 3383 1543 3443 pro
1565 3363 1669 3438 nobis,
1702 3362 1739 3423 ab
1767 3363 1850 3424 initio
1879 3363 2021 3429 habuisse

645 3463 824 3528 existimant.

358 3565 535 3626 oneratione
562 3566 631 3618 ittam
731 3562 901 3624 Accusatus
925 3569 972 3624 est
995 3559 1109 3623 idcirco
1125 3560 1162 3622 ab
1178 3559 1363 3623 Orthodoxis
1374 3561 1480 3622 Petrus
1498 3559 1661 3642 Gnaphcus
1685 3570 1824 3644 tanquam
1848 3563 2021 3644 passionem

323 3651 478 3736 additionem
493 3653 630 3721 explicent.
645 3663 673 3722 in
698 3660 814 3724 divinas
844 3660 997 3723 Trinitatis
1020 3677 1168 3740 personas
1192 3659 1364 3739 induceret,
1396 3649 1426 3721 el
1449 3678 1514 3722 eam
1538 3663 1759 3724 accusationem
1779 3661 1849 3724 olim
1865 3663 2020 3726 aGraecis

645 3767 828 3842 susceptam,
854 3759 923 3840 Syri
945 3755 1125 3838 etcoplitae
1148 3777 1214 3821 cum
1238 3759 1276 3821 ad
1299 3777 1333 3821 se
1356 3761 1535 3840 pertineret,
1559 3760 1715 3842 depellere
1738 3778 1800 3824 non
1822 3763 1889 3824 unis
1912 3762 2021 3844 apolo-

645 3862 703 3943 giis
727 3861 828 3924 conati
849 3867 928 3922 sunt.
972 3859 1130 3938 Praecipui
1158 3859 1236 3920 inter
1265 3857 1360 3939 Syros
1391 3858 1450 3922 hoc
1480 3861 1621 3944 aggressi
1652 3868 1720 3922 sunt
1742 3860 1789 3923 lsa
1814 3861 1891 3924 lilius
1914 3863 2020 3944 Zaraa,

643 3957 713 4021 Abu
735 3957 821 4022 Raita
846 3958 1042 4035 Takritcnsis,
1069 3957 1159 4019 Yahia
1183 3957 1259 4020 filius
1281 3957 1351 4034 Adi,
1374 3966 1404 4021 et
1427 3959 1589 4038 Dionysius
1611 3958 1775 4038 Barsalibi,
1799 3972 1922 4042 praeter
1944 3963 2019 4026 alios

645 4060 694 4137 qui
719 4058 786 4120 data
811 4058 973 4121 occasione
997 4057 1034 4120 de
1059 4056 1166 4120 eodem
1190 4066 1367 4139 argumento
1390 4060 1589 4138 scripserunt.
1632 4058 1756 4122 illorum
1780 4062 1950 4124 testimonia
1967 4079 2021 4125 re-

644 4156 764 4220 tulimus
795 4159 824 4219 in
855 4156 1076 4220 Commentario
1107 4155 1145 4218 ad
1176 4155 1318 4238 Copticas
1345 4157 1507 4239 liturgias.
1552 4155 1690 4220 Omnium
1717 4178 1793 4223 vero
1814 4160 2019 4224 Jacohitarum

644 4259 792 4322 sententia
814 4274 874 4320 una
897 4265 959 4320 est:
983 4257 1077 4320 verba
1099 4256 1288 4341 Dcxologiae
1312 4258 1390 4320 illius
1405 4276 1465 4320 non
1489 4257 1526 4320 ad
1538 4258 1722 4338 Trinitatem,
1746 4260 1800 4323 sed
1814 4261 1851 4323 ad
1868 4261 2018 4326 Christum

645 4357 772 4436 referri,
803 4357 884 4437 quod
906 4358 1070 4438 perspicue
1093 4357 1262 4440 significant
1285 4358 1421 4439 ejusdem
1442 4359 1544 4439 hymni
1567 4359 1769 4440 paraphrases
1793 4362 1912 4440 variae,
1942 4377 2021 4440 quae

647 4460 676 4520 in
700 4455 784 4519 tibris
799 4456 1024 4519 Ecclesiasticis
1047 4457 1250 4538 reperiuntur,
1272 4465 1474 4539 praetereas,
1498 4477 1573 4538 quas
1589 4457 1724 4520 referunt
1735 4458 1804 4522 Abu
1817 4459 1913 4538 Raita,
1927 4459 2020 4521 Yahia

648 4565 679 4620 et
707 4555 756 4618 alii
780 4555 937 4640 Theologi.
981 4554 1065 4618 lllum
1094 4575 1130 4619 ea
1159 4559 1276 4620 ratione
1306 4557 1551 4636 determinatum,
1581 4576 1674 4638 posse
1705 4556 1847 4636 tolerari,
1873 4559 2021 4641 judicavit

647 4655 845 4737 Ephraemius
858 4653 1103 4718 Orthodoxorum
1117 4655 1519 4736 PatriarchaAntiochenus,
1543 4659 1628 4739 cujus
1652 4659 1754 4738 operis
1778 4667 1922 4741 excerpta
1933 4658 2020 4728 ¹Phc-

649 4757 706 4818 tius
730 4757 876 4834 servavit,
900 4774 957 4818 nec
980 4755 1038 4818 alia
1053 4756 1171 4819 ridetur
1183 4758 1330 4819 sententia
1343 4755 1437 4820 luisse
1455 4755 1577 4840 Eulogii
1600 4756 1810 4836 Alexandrini,
1835 4767 1865 4820 et
1894 4758 2020 4821 aliorum

647 4858 696 4938 qui
721 4856 758 4919 de
781 4857 841 4920 hoc
864 4864 1042 4942 argumento
1066 4859 1269 4938 scripserunt,
1293 4855 1374 4936 quod
1397 4856 1467 4918 alihi
1491 4863 1648 4919 tractatum
1672 4865 1727 4922 est.
1775 4858 1886 4922 Sollicit
1909 4856 2019 4919 obser-

644 4975 734 5019 vasse
757 4955 909 5020 Jacohitas
933 4955 1044 5038 Syros,
1067 4965 1100 5018 ut
1129 4955 1218 5019 etiam
1241 4955 1392 5037 Coptitas,
1415 4955 1617 5038 Doxologiam
1639 4957 1786 5042 integram
1810 4958 1846 5020 ad
1871 4955 2020 5020 Christum

643 5056 772 5122 relerrc.
