4784 6040
321 1095 399 1190 nu
445 1093 826 1188 nrrnacrln
869 1093 1137 1187 rnonnn
1181 1091 1698 1185 nnnncnnnnsrs

745 1307 1269 1430 castrinum.

423 1620 502 1714 Quis
525 1630 576 1694 ille
600 1629 728 1694 Thomas
752 1629 964 1694 Heracleensis
986 1629 1157 1711 Episcopus
1180 1629 1285 1708 suerit,
1316 1630 1394 1694 haud
1418 1629 1506 1694 facilc
1530 1637 1577 1692 cst
1599 1633 1698 1713 conji-

234 1769 238 1776 ·
324 1755 411 1800 cere:
440 1733 581 1798 Jacohita
603 1751 694 1810 sane,
725 1741 756 1794 et
777 1733 948 1815 Episcopus
969 1733 1034 1814 luit.
1080 1731 1140 1795 Sed
1163 1751 1221 1814 qua
1242 1735 1341 1796 aetate
1365 1734 1491 1811 vixerit,
1521 1732 1580 1794 hue
1601 1752 1699 1816 usque

305 1827 446 1916 'assequi
462 1849 523 1896 non
537 1833 699 1914 potuimus.
746 1832 874 1896 Citatum
897 1841 995 1896 tamen
1019 1831 1127 1896 alicuhi
1150 1831 1229 1894 hunc
1252 1840 1387 1896 autorem
1409 1833 1589 1914 reperimus,
1613 1835 1700 1916 quasi

326 1934 471 2016 quaedam
495 1933 532 1994 de
556 1931 724 1995 Christiana
747 1931 897 2013 religione
920 1931 1066 2012 opuscula
1088 1931 1259 2010 scripserit:
1289 1939 1349 1993 tum
1381 1933 1469 1994 etiam
1496 1931 1574 1992 hanc
1596 1931 1700 1994 Litur-

325 2035 420 2118 giam,
452 2049 530 2112 quae
561 2050 578 2092 a
607 2029 694 2092 nohis
723 2029 850 2110 primum
872 2037 995 2110 reperta
1018 2036 1064 2092 est
1087 2029 1118 2090 in
1141 2031 1267 2112 antiquo
1286 2029 1398 2093 Codice
1423 2029 1607 2094 Colhertino.
1652 2032 1701 2092 An

325 2131 431 2196 eadem
454 2131 493 2192 sit
515 2148 592 2210 quae
616 2135 789 2202 numeratur
811 2129 890 2192 inter
912 2128 984 2192 alias
1008 2129 1045 2191 ah
1062 2127 1234 2191 Abrahamo
1257 2129 1438 2202 Echellensi,
1461 2129 1600 2194 attributa
1616 2129 1701 2192 Tho-

326 2249 393 2294 mae
417 2227 646 2304 Giarmachitac,
669 2226 832 2290 ohscumm
853 2229 943 2309 plane
966 2225 1052 2291 nohis
1077 2235 1138 2290 cst:
1162 2245 1229 2290 nam
1253 2227 1325 2290 nihil
1344 2229 1464 2292 adducit
1487 2248 1528 2292 ex
1551 2247 1598 2308 ea,
1620 2230 1700 2292 unde

323 2329 373 2392 nel
396 2328 578 2392 levissimum
601 2325 740 2387 indicium
772 2325 840 2389 duci
869 2329 982 2408 possit,
1004 2325 1118 2404 istane,
1148 2343 1185 2386 an
1208 2325 1304 2388 altera
1326 2329 1374 2390 sit
1420 2327 1502 2388 Haec
1524 2334 1624 2389 autem
1646 2327 1701 2390 Li-

323 2429 422 2510 turgia
446 2425 591 2508 singulari
614 2425 694 2505 apud
707 2425 861 2488 iacobitas
877 2426 972 2507 Syros
996 2423 1121 2486 artificio
1146 2425 1380 2501 commendatur,
1403 2433 1434 2488 et
1456 2425 1537 2506 quod
1560 2419 1702 2488 diversae

325 2525 432 2608 quihus
463 2533 581 2588 constat
613 2524 766 2588 crationes
796 2525 960 2588 secundum
982 2523 1144 2606 Alphaheti
1166 2523 1303 2603 litteras,
1327 2524 1529 2604 threnorum,
1561 2531 1592 2586 et
1614 2525 1713 2588 Psal-

316 2642 441 2688 morum
455 2623 714 2687 Aheccdariorum
730 2641 814 2686 more
838 2625 970 2705 incipiet,
994 2631 1024 2687 et
1047 2624 1128 2704 quod
1151 2623 1270 2687 cultiori
1292 2623 1361 2686 stilo
1384 2625 1568 2706 scriptasit.
1600 2624 1702 2688 Altum

324 2731 371 2787 est
401 2740 476 2786 sane
504 2722 543 2786 de
572 2722 630 2785 hoc
664 2723 778 2786 Thomu
808 2723 888 2805 apud
918 2742 972 2788 eos
1004 2741 1079 2804 quos
1110 2723 1237 2786 vidimus
1266 2731 1389 2786 autores
1419 2724 1580 2788 silentium.
1627 2725 1701 2799 Quis

324 2831 423 2886 tamen
446 2822 498 2884 ille
522 2821 611 2885 suerit
634 2822 839 2884 existimamus
862 2822 967 2886 haberi
989 2841 1082 2905 posse
1105 2843 1146 2886 en
1160 2823 1273 2886 Codice
1288 2822 1349 2886 HS.
1362 2821 1568 2898 Bibliothecae
1584 2823 1701 2907 Regiae

286 2967 296 2989 .
325 2921 452 3003 Syriaco
469 2921 699 2984 membranaceo
716 2922 767 3002 qui
778 2921 944 3005 Evangelia
959 2928 1089 3003 quatuor
1102 2925 1236 2985 continet
1252 2922 1477 3003 elegantissime
1492 2925 1605 3004 scripta
1621 2941 1700 2986 anno

324 3003 493 3082 Alexandri
515 3017 623 3082 Malli.
653 3018 711 3082 hoa
734 3028 781 3083 cst
804 3019 914 3084 Christi
936 3019 1071 3086 HCXCl.
1117 3019 1166 3083 Ad
1188 3021 1290 3102 operis
1314 3019 1428 3083 calcem
1450 3020 1526 3083 haec
1548 3020 1700 3103 leguntur.

324 3117 382 3180 Hic
395 3125 441 3180 est
455 3117 531 3180 liber
545 3117 564 3179 l
566 3119 596 3182 V.
618 3118 852 3199 Evanpeliormm
874 3127 1048 3182 sanctarum
1070 3121 1122 3200 pai
1143 3121 1309 3182 translatas
1330 3128 1377 3181 est
1397 3141 1438 3180 ea
1460 3120 1581 3182 Graeca
1600 3123 1703 3202 linpaa

323 3218 356 3278 ia
378 3215 557 3298 Syriacam,
586 3218 687 3280 stadio
711 3219 909 3279 erectissima
931 3219 1123 3298 maaimepae
1145 3218 1268 3279 labere:
1292 3220 1395 3296 primo
1424 3220 1544 3298 perideo
1570 3221 1601 3280 in
1627 3221 1703 3282 arbe

325 3315 471 3395 Haborrp,
501 3318 566 3377 siae
592 3303 750 3396 Hierapoli
778 3334 859 3377 anne
880 3313 1065 3378 DCCCXIX.
1108 3315 1281 3378 Aleeamdri
1300 3315 1493 3391 Macedouis,
1515 3324 1648 3396 tempore
1669 3317 1701 3382 S.
1740 3367 1745 3372 .

325 3411 487 3475 Philoxeni
510 3412 704 3493 Confessoris
732 3423 763 3477 et
785 3413 932 3494 Episcopi
952 3417 1084 3494 modern
1107 3417 1249 3477 civitatis.
1295 3413 1413 3476 Deinde
1434 3434 1509 3476 aere
1531 3417 1703 3496 recep-nitas

257 3499 259 3512 '
325 3530 442 3574 samma
466 3531 533 3574 cam
563 3513 733 3592 diligentia,
764 3532 784 3574 a
813 3533 860 3574 me
883 3511 994 3574 lhoma
1013 3532 1166 3592 paupere,
1197 3515 1241 3574 ad
1269 3514 1329 3574 duc
1359 3514 1552 3593 eaeraplaria
1579 3516 1703 3577 Graeca

326 3613 440 3672 eximia
461 3618 492 3671 et
513 3613 742 3675 accuratissime
764 3614 879 3692 scripta
900 3611 1119 3690 Aleaeaadriae,
1143 3613 1267 3674 civitate
1288 3617 1400 3692 magia
1422 3613 1465 3673 ad
1486 3611 1517 3676 S.
1541 3612 1703 3676 Antoniam

326 3711 390 3770 sice
412 3709 627 3772 Hmeasteriam
649 3709 869 3790 Helipiaseram
883 3711 915 3774 S.
927 3710 1052 3773 Antonii
1065 3730 1145 3773 anno
1156 3710 1328 3773 Alecandri
1337 3707 1567 3775 HCCCXXVH.
1592 3711 1702 3774 Christi
1736 3738 1755 3748 ··

326 3807 417 3869 DXV.
462 3808 544 3870 Haec
573 3815 660 3870 erant
691 3809 844 3890 descripta
867 3829 906 3871 cx
930 3809 1042 3874 Codice
1065 3811 1207 3890 primario
1231 3808 1267 3870 ah
1291 3810 1360 3891 ipso
1382 3809 1452 3872 lihri
1475 3813 1624 3892 scriptore
1647 3809 1702 3872 Je-

327 3906 420 3968 schua
442 3907 475 3970 F.
501 3906 636 3970 lohanan
666 3907 847 3986 Sacerdote,
871 3909 922 3989 qui
945 3908 1041 3982 addit,
1062 3909 1150 3987 {inita
1172 3927 1239 3969 esse
1260 3908 1569 3988 paataorannpelia
1591 3927 1703 3970 secan-

329 4006 399 4067 dam
422 4005 583 4067 editionem
605 4005 852 4068 Heracleensem:
875 4005 933 4069 hoc
957 4013 1003 4069 est
1027 4005 1160 4068 Thomae
1183 4006 1273 4081 illius,
1297 4005 1334 4069 de
1358 4023 1418 4086 quo
1440 4022 1541 4085 supra.
1572 4005 1602 4067 ls
1625 4023 1701 4087 erga

329 4103 528 4166 videturesse
544 4104 673 4168 Thomas
688 4104 900 4168 Heracleensis
915 4105 1100 4186 Episcopus:
1124 4113 1155 4166 ut
1178 4104 1314 4185 proclive
1338 4112 1385 4166 est
1399 4105 1586 4167 existimare:
1611 4112 1701 4184 atque

328 4203 404 4266 adeo
427 4204 541 4266 vixisse
564 4202 646 4266 illum
668 4210 790 4284 oportet
812 4203 935 4266 ineunte
959 4205 1082 4268 saeculo
1103 4203 1165 4266 Vll.
1189 4221 1249 4283 quo
1273 4203 1460 4283 potissimum
1484 4210 1619 4282 tempore
1642 4203 1702 4264 llo-

327 4308 455 4364 ruernnt
479 4300 584 4364 Severi
606 4301 756 4384 discipuli,
780 4309 871 4383 atque
894 4303 1001 4384 reliqui
1024 4301 1159 4384 ejusdem
1182 4310 1285 4364 sectae
1307 4300 1484 4379 Antistites,
1516 4319 1593 4382 quos
1623 4302 1702 4365 inter

329 4401 415 4464 divos
438 4399 596 4463 Jacohitae
620 4409 786 4464 numerant.
832 4401 936 4463 Parem
959 4400 1147 4483 epigraphen
1171 4399 1313 4464 exhibent
1336 4399 1458 4462 codices
1482 4399 1531 4461 alii
1553 4402 1702 4464 vetustis-

328 4498 392 4559 simi
414 4497 650 4582 Evangeliorum
673 4501 825 4580 Vaticani,
854 4508 885 4563 et
906 4500 1071 4563 Florentini
1094 4516 1169 4580 quos
1193 4497 1304 4560 Romae
1328 4506 1359 4561 et
1380 4498 1552 4561 Florentiae
1574 4499 1700 4564 vidimus
1733 4531 1740 4536 ·

329 4614 395 4658 ann.
417 4595 573 4660 thCCl.
603 4606 634 4660 et
657 4592 879 4680 antiquissimis
902 4609 1009 4662 noster
1031 4599 1162 4679 scriptus
1186 4615 1264 4659 anno
1287 4596 1472 4660 Graecorum
1494 4595 1649 4660 HCDlV.
1672 4597 1700 4661 J.

329 4693 363 4758 C.
387 4693 492 4759 thCl.
526 4696 659 4760 Meminit
682 4717 803 4779 quoque
827 4698 966 4761 editionis
990 4697 1203 4760 Heracleensis
1226 4697 1390 4777 Dionysius
1408 4693 1566 4774 Barsalibi,
1592 4695 1699 4756 citatus

328 4794 365 4856 ah
388 4793 531 4857 Eduardo
554 4795 704 4858 Pocochio
732 4799 761 4858 in
784 4796 974 4861 Praefatione
1003 4796 1041 4859 ad
1063 4795 1215 4876 Epistolas
1245 4795 1358 4876 aliquot
1381 4791 1550 4858 Catholicas
1575 4791 1700 4873 Syriaca

328 4900 358 4954 et
369 4891 475 4956 Latine
497 4914 515 4957 a
538 4914 572 4957 se
595 4894 704 4958 editas:
728 4897 757 4957 in
781 4895 889 4977 quihus
911 4895 1012 4959 verhis
1036 4903 1172 4974 vocatur,
1196 4894 1323 4957 lhcmru
1339 4893 1510 4974 Episcopus
1522 4892 1699 4955 Heracleae.

334 4991 520 5071 Versieaera,
543 4993 673 5056 reddidit
695 4993 879 5057 Pocochius:
912 5003 942 5056 at
963 5013 1025 5057 vox
1048 4994 1172 5074 Syriaca
1196 5007 1332 5090 rippam,
1363 5009 1423 5056 non
1455 4991 1626 5054 versionem
1654 4989 1700 5049 si-

327 5091 462 5172 gnificat,
485 5091 540 5154 sed
564 5092 736 5171 editionem,
752 5111 808 5156 seu
819 5094 1039 5172 recensionem,
1056 5110 1144 5173 quam
1160 5090 1197 5154 ad
1211 5089 1327 5155 Graeca
1343 5090 1527 5171 exemplaria
1541 5107 1575 5152 se
1590 5086 1702 5150 fecisse

328 5195 457 5252 testatur
478 5191 545 5271 ipse
568 5191 713 5268 Thomas,
735 5209 797 5253 non
818 5192 943 5272 Syriaca
965 5193 1106 5256 vertisse.

1413 5290 1494 5365 52*
