4712 6032
705 527 780 600 178
1209 522 1570 602 LITURGIA

808 711 995 784 Sacerdos.
1050 709 1220 798 Similiter,
1247 719 1282 782 et
1308 709 1446 783 calicem
1472 710 1553 782 rino
1565 762 1577 798 ,
1604 717 1638 779 et
1665 729 1752 802 aqua
1778 709 1938 795 miscens,
1964 713 1985 790 †
2011 704 2081 778 be-

703 827 843 918 nedixit,
868 834 889 910 t
917 837 950 898 et
975 826 1213 913 sanctificavit,
1239 832 1261 908 †
1289 825 1443 919 deditque
1470 821 1641 919 discipulis
1677 825 1768 911 suis,
1802 832 1837 893 et
1870 822 1964 894 dixit.
2018 823 2081 894 llic

704 955 757 1018 est
784 946 922 1034 sanguis
948 963 1043 1014 meus
1069 941 1276 1016 Testamenti
1296 940 1395 1028 Novi,
1423 942 1576 1034 accipite,
1602 935 1705 1010 bibite
1731 961 1778 1010 ex
1804 961 1847 1010 eo
1863 959 1928 1012 vos
1951 959 2080 1026 omnes,

705 1056 749 1128 ad
774 1058 1006 1128 remissionem
1032 1064 1246 1150 peecatorum
1273 1064 1483 1142 vestrorum,
1515 1063 1549 1124 et
1574 1055 1718 1124 omnium
1751 1053 1896 1123 iidelium
1921 1074 2083 1124 verorum

706 1171 876 1244 advitam
905 1181 1085 1242 aeternam.

809 1286 971 1379 Papulas.
1023 1289 1145 1358 Amen.

809 1401 994 1472 Sacerdos.
1047 1399 1091 1472 Et
1124 1421 1198 1470 cum
1234 1397 1318 1470 baec
1350 1419 1425 1469 mea
1457 1407 1638 1492 praecepta
1671 1396 1902 1492 perfeceritis,
1942 1406 2084 1468 mortem

706 1528 741 1589 et
766 1519 1048 1591 resurrectionem
1075 1537 1185 1586 meam
1212 1510 1463 1599 annunciabitis,
1492 1512 1600 1585 donec
1625 1515 1770 1584 veniam.

778 1631 972 1726 Populus.
1024 1630 1144 1702 Mortis
1171 1641 1258 1701 tuae.

811 1746 996 1817 Sacerdos.
1049 1744 1247 1816 Memoriam
1274 1740 1497 1830 celebrantes,
1531 1741 1676 1813 Domine
1702 1741 1784 1814 Jesu
1812 1739 2084 1831 christanum

708 1860 965 1956 dispensationis
993 1870 1070 1931 tuae
1096 1859 1251 1930 salutaris
1277 1879 1339 1952 pro
1366 1855 1485 1946 nobis,
1519 1881 1538 1928 a
1567 1860 1805 1953 conceptione,
1831 1860 2024 1946 nativitate,
2052 1866 2086 1928 et

705 1975 872 2071 baptismo
899 1986 957 2046 tuo
993 1967 1129 2064 saneto,
1161 1976 1328 2068 passionis
1362 1981 1439 2044 tuae
1466 1972 1636 2057 salutaris,
1670 1977 1786 2045 mortis
1813 1983 1891 2044 tuae
1916 1971 2084 2060 vivificae,

706 2091 879 2163 triduanae
907 2089 1099 2184 sepulturae
1135 2098 1229 2175 tuae,
1263 2088 1435 2179 gloriosae
1461 2091 1715 2160 resurrectionis
1746 2098 1838 2176 tuae,
1875 2090 2085 2160 ascensionis

707 2216 786 2278 tuae
812 2209 847 2276 in
874 2204 1018 2291 coelum,
1045 2212 1078 2274 et
1105 2205 1268 2274 sessionis
1303 2214 1381 2274 tuae
1415 2204 1457 2275 ad
1494 2204 1668 2276 dexteram
1702 2205 1766 2275 Dei
1792 2205 1923 2288 Patris,
1957 2213 1991 2273 et
2018 2203 2085 2275 ad-

706 2328 828 2390 ventus
855 2320 902 2388 tui
928 2315 1100 2405 tremendi,
1128 2325 1162 2387 et
1188 2315 1334 2404 timendi,
1361 2320 1507 2413 supremi
1534 2329 1567 2389 et
1584 2317 1757 2408 dominici,
1786 2341 1851 2412 quo
1876 2316 2083 2408 judicaturus

708 2456 746 2506 es
773 2431 937 2521 homines,
965 2444 998 2505 et
1024 2431 1191 2504 retribues
1217 2433 1394 2525 unicuique
1420 2434 1601 2506 secundum
1627 2439 1733 2530 opera'
1760 2454 1837 2506 sua:
1865 2433 2086 2529 deprecamur

707 2559 741 2620 te
771 2549 916 2620 Domine
948 2549 982 2618 in
1013 2546 1077 2619 bac
1109 2545 1193 2618 bora
1223 2545 1386 2637 timenda,
1422 2559 1455 2619 et
1490 2551 1523 2619 in
1560 2548 1625 2621 boc
1660 2557 1813 2644 tempore
1844 2551 2018 2637 memoris,
2052 2560 2086 2621 et

707 2675 825 2736 metus.
852 2664 1021 2759 Propitius
1048 2672 1135 2751 esto,
1163 2672 1195 2732 et
1222 2664 1385 2734 miserere
1413 2667 1558 2736 omnium
1573 2676 1724 2738 nostrum
1749 2686 1812 2760 per
1838 2667 2087 2736 miserationem

707 2793 807 2868 tuam,
834 2789 869 2851 et
894 2782 1035 2871 ignosce
1062 2776 1191 2850 delictis
1217 2781 1342 2850 nostris
1368 2799 1429 2873 per
1455 2783 1598 2869 gratiam
1624 2789 1724 2851 tuam
1779 2781 1916 2852 Dimitte
1942 2789 2086 2877 peccata

708 2904 824 2967 nostra
851 2917 913 2991 per
938 2893 1201 2966 misericordiam
1228 2902 1327 2981 tuam,
1355 2903 1390 2964 et
1416 2892 1511 2966 aufer
1542 2898 1748 2991 insipientias
1781 2905 1935 2982 nostras,
1971 2900 2005 2968 in
2032 2896 2086 2967 die

705 3009 903 3082 abundantis
929 3007 1181 3081 misericordiae
1207 3015 1300 3096 tuae3
1328 3008 1447 3080 dealba
1474 3011 1622 3082 maculas
1656 3020 1790 3083 nostras
1826 3010 1982 3107 hyssopo
2016 3021 2084 3084 tuo.

707 3126 854 3221 Propter
879 3123 944 3196 boc
971 3127 1057 3196 enim
1083 3121 1240 3196 Ecclesia
1267 3133 1335 3212 tua,
1362 3135 1396 3195 et
1421 3146 1511 3216 grex
1537 3109 1611 3198 tuus
1639 3126 1838 3221 deprecatur
1864 3136 1918 3216 te,
1959 3135 1994 3198 et
2025 3147 2086 3222 per

708 3251 754 3333 te,
784 3265 825 3314 aa
852 3249 962 3313 tecum
987 3240 1121 3311 Patrem
1149 3249 1238 3312 tuum
1266 3239 1389 3310 dicens.

813 3355 976 3448 Papulas.
1029 3354 1203 3428 Miserere.

813 3471 998 3542 Sacerdos.
1051 3470 1124 3542 Nos
1152 3491 1293 3565 qnoque.

812 3586 976 3679 Papulas.
1028 3585 1080 3657 'le
1119 3584 1301 3658 laudamus

814 3701 999 3773 Sacerdos.
1051 3702 1248 3796 Praecipue.

816 3817 1005 3888 Diaeoaas.
1060 3815 1169 3900 Quam
1195 3814 1351 3888 terribibs
1379 3825 1432 3888 est
1457 3815 1542 3888 baec
1569 3817 1661 3889 bora.

816 3932 994 4004 Sacerdos
1020 3931 1204 4003 iacliaatas
1230 3933 1316 4002 dicit
1341 3931 1598 4003 Iacocatiaaeas
1623 3932 1775 4033 Spiritus
1799 3937 1922 4005 carecti.

727 4131 729 4134 ¹
815 4048 959 4119 Domine
986 4049 1289 4135 misererenostri,
1317 4057 1351 4118 et
1379 4047 1590 4120 exaudinos
1626 4047 1691 4121 boc
1726 4059 1893 4146 tempore:
1931 4057 1964 4120 st
1996 4053 2088 4121 mitte

712 4162 753 4234 ad
786 4185 850 4236 nos
884 4186 904 4234 e
936 4162 1034 4235 coelo
1070 4173 1127 4234 tuo
1163 4161 1322 4250 excelso,
1356 4174 1390 4234 et
1421 4162 1570 4253 sublimi,
1610 4163 1768 4260 Spiritum
1801 4175 1891 4236 tuum
1926 4175 2086 4254 sanctum,

711 4277 1025 4352 consubstantialem
1053 4275 1123 4367 tibi,
1150 4277 1337 4351 ethonore
1365 4281 1552 4374 aequalem,
1580 4283 1634 4374 qui
1665 4275 1767 4376 super
1793 4284 1999 4373 unigenitum
2024 4281 2086 4352 Fi-

711 4392 792 4464 lium
817 4405 907 4465 tuum
934 4397 1084 4490 apparuit
1110 4397 1144 4465 in
1170 4393 1319 4466 Jordane
1345 4393 1448 4466 lluvio
1482 4399 1515 4466 iu
1550 4393 1725 4468 columbae
1752 4399 1886 4491 specie,
1919 4406 1954 4467 et
1989 4418 2088 4490 super

711 4507 900 4602 Apostolos
928 4519 1003 4582 tuos
1030 4519 1179 4598 sanctos,
1207 4512 1240 4579 in
1265 4510 1388 4602 linguis
1414 4515 1524 4603 igneis
1551 4517 1584 4584 in
1612 4513 1796 4585 coenaculo
1832 4512 2022 4600 descendit,
2056 4522 2088 4584 et

711 4644 775 4696 nos
801 4623 952 4719 perlieiat
976 4647 1039 4722 per
1066 4623 1301 4698 abundantiam
1327 4631 1458 4719 gratias
1483 4638 1573 4718 tuae,
1599 4651 1687 4700 vasa
1714 4627 1841 4715 electa,
1878 4649 1965 4722 quae
1998 4627 2087 4698 utilia

612 4743 620 4760 ‘
712 4741 787 4827 sint,
816 4740 858 4811 ud
885 4744 1101 4814 ministerium
1128 4741 1264 4814 honoris
1292 4746 1348 4814 tui.

789 4854 992 4928 Sacerdos
1017 4859 1155 4929 eleaaas
1180 4880 1305 4928 rosera.
1358 4856 1491 4929 Exaudi
1518 4879 1572 4928 me
1598 4858 1752 4944 Domine,
1781 4856 1902 4928 exaudi
1929 4877 1982 4926 me
2009 4854 2086 4926 Do-

711 4991 810 5041 mme.
