4784 6040
654 614 1468 694 DIONYSIIBARSALIBI.
1678 619 1752 694 451

481 803 633 874 Eteoam
657 825 783 874 vocem.
824 801 869 874 Et
895 801 1156 875 misericorditer
1183 825 1244 876 eos
1271 805 1450 899 aspiciens,
1476 804 1636 878 Domino:
1650 829 1755 901 parce

378 919 508 992 delictis
541 940 675 1004 eorum,
711 927 745 988 et
777 915 927 989 deiectus
961 939 1078 989 eorum
1111 917 1247 1008 dimitte,-
1280 923 1356 1013 quio
1390 941 1514 1015 corpus
1548 931 1582 992 et
1617 925 1754 1014 sanguis

377 1036 537 1127 unigeniti
562 1032 638 1104 Filii
663 1036 709 1104 tui
735 1032 902 1104 conditum
929 1036 962 1102 in
989 1032 1146 1105 membris
1173 1056 1290 1107 eorum
1316 1044 1386 1108 est:
1418 1057 1604 1131 perquem
1630 1048 1665 1110 et
1690 1059 1754 1111 nos

378 1148 643 1224 misericordiam
670 1151 832 1244 consequi
859 1171 1053 1243 speramus,
1090 1158 1125 1220 et
1159 1153 1390 1222 remissionem
1424 1160 1639 1247 peccatorum
1668 1174 1754 1246 quoe

380 1276 432 1338 cst
456 1274 595 1361 propter
621 1285 708 1351 eum,
736 1263 871 1352 stillis,
899 1274 932 1335 et
958 1260 1066 1336 nobis.

482 1379 644 1472 Populus.
697 1377 852 1450 Remitte.

482 1492 667 1565 Sacerdos.
721 1493 765 1565 Εἰ
798 1515 878 1581 nos,
916 1502 950 1564 et
983 1491 1059 1564 illos
1094 1493 1214 1585 dignos
1250 1491 1305 1564 iac
1335 1491 1400 1565 tine
1434 1492 1632 1584 christiano,
1663 1497 1753 1567 insi-

378 1611 575 1705 pientisrnm
602 1619 802 1696 nostromm‚
829 1608 1026 1702 illorumque
1053 1631 1122 1682 non
1148 1608 1364 1699 recordatus,
1390 1612 1486 1680 utin
1520 1607 1583 1680 hoc
1610 1613 1695 1682 siout
1720 1613 1755 1682 in

316 1767 321 1781 ·
380 1722 531 1798 omnibus
557 1725 721 1814 laudetur,
749 1735 783 1796 et
808 1721 997 1795 celebretur
1022 1745 1145 1797 nomen
1171 1733 1262 1796 tuum
1287 1722 1519 1815 benedicum,
1552 1734 1586 1796 et
1619 1727 1754 1798 Domini

378 1843 485 1912 nostri
510 1841 593 1913 Jesu
619 1838 752 1927 Christi,
781 1851 816 1912 ct
840 1839 983 1935 Spiritus
1010 1843 1057 1912 tui
1082 1843 1166 1929 vivi,
1195 1850 1229 1912 ct
1255 1843 1373 1929 sancti,
1400 1851 1464 1913 etc.

482 1956 643 2048 Populus.
696 1955 750 2055 Ut.

482 2070 666 2144 Sacerdos.
719 2074 803 2145 Pon.
1052 2157 1056 2170 υ

482 2181 644 2280 Populus.
696 2186 741 2259 Et
767 2191 840 2257 oum
868 2188 984 2282 spiritu
1010 2197 1077 2260 tuo.

480 2301 666 2374 Sacerdos.
718 2302 792 2373 Sint
818 2305 1049 2375 miserationes
1075 2301 1141 2374 Dei
1165 2302 1285 2374 Patris.

481 2416 665 2492 Sacerdos.
720 2416 904 2489 Credimus.

482 2532 659 2604 Diaconos
686 2533 771 2604 dicit
794 2532 1015 2604 catholicam.

481 2647 657 2720 Sacerdos
679 2651 813 2741 fraaqr't
839 2654 875 2719 et
899 2653 1022 2744 sinuat.

810 2923 931 2993 Oratio
958 2929 1039 2994 cote
1065 2924 1167 2995 Pater
1192 2932 1318 2997 noster.

479 3110 574 3182 Deus
601 3113 785 3183 orationum
819 3118 1010 3205 susceptor,
1037 3113 1298 3207 petitionumque
1330 3118 1490 3205 acceptor
1521 3129 1683 3201 rogamus
1716 3121 1752 3182 et

378 3247 493 3298 coram
520 3235 552 3296 te
579 3229 835 3321 pronunciamus
862 3229 1047 3325 orationem
1074 3224 1158 3296 hanc
1186 3225 1383 3298 dominicam
1416 3247 1515 3322 quom
1548 3223 1661 3296 docuit
1687 3249 1751 3300 nos

376 3345 566 3434 unigenitus
592 3342 695 3414 Filius
722 3351 810 3431 tuus,
838 3351 872 3413 et
898 3340 1002 3414 corde
1029 3344 1170 3413 contrito
1198 3339 1378 3413 clamamus
1406 3350 1440 3412 et
1470 3339 1623 3414 dicimus:
1650 3339 1752 3412 Pater

377 3467 494 3530 noster
521 3460 574 3552 qui
602 3479 639 3530 es
666 3461 700 3528 in
727 3456 841 3531 coelis.

481 3572 643 3666 Populos.
696 3572 939 3660 Sanctificetur,
967 3581 1030 3644 etc.

481 3687 666 3760 Sacerdos.
718 3688 843 3762 Libera
869 3709 933 3760 nos
958 3687 1102 3759 Domine
1126 3687 1220 3760 Deus
1252 3685 1407 3776 amolo,
1434 3697 1468 3758 et
1495 3686 1537 3759 ab
1566 3687 1656 3759 omni
1682 3707 1751 3777 ge-

377 3825 460 3874 nere
493 3805 691 3898 iniquitatis;
722 3815 885 3899 peccato,
920 3813 954 3874 et
986 3805 1191 3899 insipientias
1230 3811 1364 3874 nostras
1400 3801 1525 3873 dimitte
1563 3799 1678 3890 nohis,
1719 3809 1754 3870 et

271 3907 277 3932 '
379 3916 531 3992 omnibus
559 3921 613 4012 qui
640 3921 673 3989 in
698 3940 762 3992 nos
791 3941 999 4014 quocumque
1020 3918 1121 3991 modo
1149 3916 1373 4012 deliquenmt:
1400 3920 1563 4015 propitius
1579 3928 1653 3990 esto
1679 3937 1749 3988 no-

376 4032 441 4122 his,
468 4043 502 4105 ct
527 4032 590 4106 illis
619 4033 774 4124 Domine,
801 4045 835 4106 et
860 4032 1045 4106 referemus
1072 4033 1131 4106 tibi
1157 4032 1313 4125 glorium,
1340 4042 1374 4105 et
1398 4032 1540 4106 laudem.

415 4201 419 4208 .
481 4149 643 4242 Popatas.
694 4150 815 4221 Amen.

482 4263 667 4336 Sacerdos.
718 4266 802 4368 Pan.

481 4379 642 4473 Populos.
696 4380 740 4453 Et
767 4404 842 4452 cum
868 4370 1079 4476 spiritunon.

481 4494 669 4566 Diaconos.
722 4496 880 4568 Inclinato
908 4499 1016 4590 capitu
1043 4503 1166 4568 vestro.

482 4609 643 4703 Populos.
699 4609 823 4684 Coram
849 4622 882 4683 te
907 4609 1061 4682 Domine.

482 4726 667 4797 Sacerdos.
720 4726 843 4799 Emitte
870 4727 1011 4798 Domine
1039 4725 1212 4798 dexteram
1238 4735 1345 4816 tuam,
1379 4733 1413 4796 et
1443 4722 1572 4796 effunde
1603 4725 1753 4794 misera-

378 4843 488 4914 tiones
514 4852 589 4915 tuos
616 4866 718 4938 super
743 4844 898 4940 populum
925 4855 1028 4932 tuum,
1055 4853 1088 4914 et
1115 4864 1217 4938 super
1244 4863 1330 4914 oves
1356 4842 1473 4934 gregis
1508 4841 1571 4927 tui.
1599 4841 1654 4934 qui
1682 4861 1752 4909 ex-

378 4965 500 5052 pectet,
526 4968 563 5029 ut
590 4963 730 5053 occipiat
757 4981 878 5053 corpus
906 4969 940 5030 et
966 4961 1161 5050 sanguinem
1188 4959 1351 5051 unigeniti
1377 4955 1452 5028 Filii
1484 4957 1548 5026 tui:
1583 4953 1751 5028 sanctifice

432 5094 519 5138 tomus
532 5072 564 5136 n.'
1489 5071 1540 5148 60
