4712 6032
526 673 531 684 .
622 576 742 656 nunu
766 577 1062 656 PRAEDICATORIS
1088 577 1136 654 ΕΤ
1161 577 1455 656 EVANGELISTAE.
1646 578 1719 652 179

460 764 623 858 Popolos.
675 764 782 862 Kyme
807 764 948 854 eleison,
973 764 1080 861 llyrie
1106 763 1247 852 eleison,
1271 764 1378 860 llyrie
1404 762 1540 836 eleison.

456 866 663 940 Sacerdos·
694 867 739 941 Ut
764 867 980 954 benedicens,
1008 877 1042 940 et
1067 865 1294 958 sanctificans,
1328 889 1450 962 corpus
1487 866 1608 940 Christi
1635 890 1721 964 pcr-

354 981 442 1055 liciat
468 1005 587 1079 panem
615 987 722 1058 istum.
931 983 1093 1076 Populus.
1138 984 1259 1057 Amen.

459 1099 642 1172 Sacerdos.
695 1099 740 1172 Et
766 1099 904 1173 calicem
930 1097 1027 1187 hunc,
1054 1102 1248 1190 sangumem
1276 1098 1398 1172 Christi
1424 1101 1488 1174 Dei
1515 1103 1629 1172 nostri.

415 1205 419 1216 ’
457 1214 619 1308 Populos.
673 1217 793 1288 Amen.

459 1329 610 1400 Eccum
634 1351 760 1401 coccea.
813 1329 858 1402 Ut
884 1332 948 1402 sint
972 1329 1070 1402 uobis
1097 1328 1181 1403 haec
1214 1333 1375 1425 mysteria
1409 1341 1524 1404 sancta
1559 1330 1602 1402 ad
1634 1351 1722 1427 pro-

354 1448 559 1542 pitiationem
586 1446 792 1535 delictorum,
820 1457 853 1518 ot
877 1448 1109 1518 remissionem
1134 1457 1368 1540 peccatorum3
1402 1447 1444 1520 ad
1475 1445 1627 1519 fiduciam
1654 1445 1721 1518 ha-

353 1557 497 1632 bendam
523 1583 636 1634 coram
662 1560 781 1634 throno
808 1569 864 1635 tuo
890 1561 1050 1647 terribili,
1077 1572 1110 1634 et
1136 1561 1178 1634 ad
1205 1566 1452 1636 consistentiam
1479 1560 1606 1656 absque
1632 1583 1722 1635 con-

354 1675 503 1749 fusione:
532 1676 573 1749 ad
599 1675 771 1766 honorem,
798 1687 832 1750 et
858 1677 1118 1750 aedificationem
1137 1677 1314 1751 Ecclesiae
1340 1689 1416 1750 tuae
1442 1688 1591 1764 sanotae,
1618 1688 1652 1749 et
1678 1677 1722 1750 ad

356 1795 647 1866 conservationem
673 1792 812 1867 liliorum
840 1797 912 1887 oJus
929 1797 1001 1868 sine
1027 1803 1183 1890 peccato:
1211 1804 1244 1865 et
1268 1794 1453 1868 referemus
1481 1791 1539 1866 tibi
1565 1791 1721 1885 gloriam,

356 1916 391 1979 et
415 1912 597 2002 gratiarum
623 1912 795 1982 actionem.
1227 1905 1230 1912 ’
1576 2003 1584 2014 ¹

458 2025 634 2096 Sacerdos
668 2025 859 2096 inclinatos.
912 2027 1054 2099 Domine
1090 2025 1205 2114 Deus,
1250 2045 1364 2097 coram
1404 2035 1437 2099 te
1477 2025 1617 2099 inclinor
1656 2024 1722 2098 hoc
1800 2049 1803 2056 ’

356 2147 524 2233 tempore,
552 2148 587 2210 et
613 2136 776 2233 deprecor
802 2140 1010 2213 clementiam
1037 2147 1135 2226 tuam,
1164 2140 1286 2232 adjuva
1318 2163 1397 2228 mc3
1428 2163 1532 2237 paroc
1559 2142 1654 2230 mihi,
1688 2153 1723 2212 et

359 2255 500 2345 ignosco
525 2251 603 2326 mibi
629 2265 768 2348 peccata
794 2277 887 2345 mea;
914 2257 1185 2351 insipientiaeque
1210 2277 1316 2343 meas,
1343 2267 1377 2327 et
1391 2259 1578 2352 iniquitates
1607 2277 1723 2328 omues

357 2393 443 2464 quae
471 2393 490 2442 a
517 2392 571 2442 me
598 2379 809 2466 perpetratae
835 2381 923 2460 sunt,
951 2381 1105 2466 tanquam
1130 2369 1262 2444 bomine
1288 2393 1389 2443 carne
1415 2376 1548 2446 vestito.
1580 2373 1723 2469 Suscipe

357 2489 454 2558 etiam
482 2486 524 2557 de
551 2485 703 2558 manibus
729 2489 813 2560 meis
840 2485 1036 2560 sacrificium
1061 2487 1125 2560 boc
1151 2487 1373 2583 praeclarum,
1399 2498 1433 2560 et
1444 2493 1662 2580 incruentum,
1689 2503 1724 2562 et

357 2601 483 2675 extolle
510 2625 612 2676 cornu
639 2601 814 2676 Ecclesiae
839 2615 916 2688 tuae
943 2614 1100 2691 sauctae,
1136 2612 1205 2676 toto
1238 2604 1321 2676 orbe
1347 2603 1504 2694 diffusae,
1536 2613 1570 2690 et
1596 2603 1724 2677 custodi

355 2727 511 2813 pastores
539 2723 611 2813 ejus
640 2717 866 2792 Drtbodoxos.
920 2719 1105 2817 Praecipue
1130 2720 1308 2792 Dominum
1335 2719 1376 2790 N.
1403 2720 1627 2793 Patriarcbam
1653 2740 1723 2791 no-

357 2845 473 2927 saum,
500 2846 535 2907 et
559 2835 736 2908 Dominum
763 2836 804 2907 N.
830 2834 1032 2933 Episcopum
1059 2845 1220 2924 nostrum,
1247 2845 1282 2908 et
1304 2835 1548 2932 Metropolitas,
1575 2847 1609 2909 et
1633 2836 1722 2932 Epi-

357 2971 482 3046 scopus
511 2949 726 3024 Drtbodoxos
752 2956 787 3022 in
819 2953 1071 3047 tranquillitate,
1106 2963 1139 3025 et
1172 2975 1258 3048 pace
1293 2951 1443 3026 omnibus
1477 2952 1594 3026 diebus
1632 2955 1723 3026 vitae

357 3086 457 3139 suae:
489 3066 693 3140 Sacerdotes
720 3091 852 3163 quoque
885 3068 1045 3158 decoros,
1072 3078 1107 3140 et
1131 3090 1251 3157 veroa,
1283 3078 1318 3140 et
1343 3069 1514 3143 Diaconos
1541 3069 1723 3155 modestos,

356 3194 389 3254 et
414 3204 528 3279 puros,
557 3194 590 3254 et
617 3205 747 3256 omnem
775 3184 933 3258 Ordinem
960 3187 1055 3258 altari
1081 3195 1138 3258 tuo
1166 3196 1283 3258 sancto
1310 3184 1554 3258 deservientem
1580 3184 1722 3274 honora,

357 3310 391 3371 et
417 3299 546 3374 custodi
571 3299 646 3372 illos
674 3299 716 3373 ob
744 3299 895 3373 omuibus
922 3300 1005 3374 dolis
1033 3305 1263 3396 pergratiam
1289 3311 1386 3372 tuam

462 3416 612 3488 Eleoom'
636 3439 762 3490 ccccm.
790 3417 956 3490 Conbrma
982 3418 1125 3490 Domine
1152 3438 1213 3513 per
1239 3415 1444 3488 clementiam
1462 3425 1569 3503 mam,
1595 3416 1724 3488 Eccle-

357 3535 440 3605 siam
467 3542 556 3604 tuam
583 3543 730 3606 sanctam
757 3535 790 3604 in
817 3533 992 3629 praeclaro
1025 3545 1112 3606 statu
1139 3555 1254 3606 eorum
1282 3536 1335 3626 qui
1367 3535 1400 3603 in
1433 3556 1475 3604 ea
1507 3532 1723 3604 Sacramenta

356 3647 603 3737 administrant,
630 3655 776 3745 piorum,
803 3661 837 3722 et
868 3657 1045 3723 rectorum.
1097 3649 1285 3746 Episcopos
1319 3651 1392 3740 ejus
1428 3651 1596 3744 sapientes
1630 3647 1723 3719 effice

354 3769 583 3860 pergratiam
611 3775 719 3855 tuam,
748 3774 782 3836 et
807 3766 1009 3839 Sacerdotes
1035 3769 1069 3837 in
1102 3767 1211 3859 gloria
1243 3763 1460 3860 perfectiouis
1486 3767 1723 3860 mysteriorum

352 3891 484 3953 tuorum
511 3891 717 3972 sanctorum,
745 3891 779 3953 et
803 3883 975 3956 Diaconos
1002 3884 1172 3954 ministerii
1199 3883 1244 3953 tui
1272 3878 1466 3975 spiritualis,
1502 3883 1535 3951 in
1568 3883 1724 3976 puritate,

356 4004 390 4067 et
417 4002 610 4086 sanctitate,
638 4008 672 4069 et
697 3997 852 4095 populun'r
881 4009 969 4070 tuum
995 3998 1126 4071 fidelem
1153 4007 1186 4070 ct
1216 4007 1384 4085 sanctum,
1411 3995 1495 4070 tales
1524 3994 1662 4081 exhibe,
1690 4003 1725 4066 ut

357 4123 578 4206 perseverent
604 4135 723 4186 secure
754 4117 787 4185 in
821 4135 948 4186 morum
982 4113 1244 4187 Christianorum
1276 4111 1530 4202 observatione,
1567 4122 1602 4185 ut
1634 4111 1722 4184 festo

222 4263 226 4272 ·
360 4229 520 4322 spirituali
547 4226 715 4318 exultent,
743 4237 776 4301 et
801 4229 949 4302 referant
974 4230 1032 4303 tibi
1059 4229 1211 4322 gloriam.

464 4343 640 4416 Sacerdos
665 4346 855 4418 inclinatos.
888 4345 932 4417 Et
963 4345 1115 4418 sacrificii
1146 4344 1243 4437 hujus
1270 4344 1391 4433 divini,
1425 4366 1538 4419 coram
1572 4354 1605 4416 te
1636 4367 1723 4440 pro-

357 4464 474 4555 positi,
501 4473 667 4533 memento
693 4460 853 4534 Domine:
881 4461 1049 4534 sanctifica
1075 4483 1135 4558 per
1162 4461 1368 4533 clementiam
1395 4469 1499 4548 uam,
1533 4473 1567 4534 et
1600 4461 1724 4556 perlice

357 4597 420 4648 nos
447 4575 533 4648 illius
564 4575 727 4650 beneficio
754 4578 1019 4674 adimplendam
1047 4576 1251 4650 voluntatem
1278 4586 1364 4648 nram
1391 4575 1533 4666 bonam,
1569 4588 1603 4648 et
1627 4580 1723 4649 vivi-

357 4693 468 4766 ficam:
501 4695 576 4768 illos
614 4718 700 4768 vero
734 4700 788 4791 qui
821 4695 872 4767 his
906 4695 1127 4769 oblationibus
1158 4693 1461 4783 communicabunt,
1492 4696 1650 4784 ignosce,
1691 4702 1724 4765 et

314 4801 321 4814 ⁸
359 4810 455 4914 salva
482 4835 543 4886 eos
571 4811 613 4885 ab
641 4811 792 4886 omnibus
819 4811 913 4885 malis
940 4835 1002 4908 per
1027 4816 1197 4883 caritatem
1225 4822 1322 4884 tuem.

463 4927 613 5000 Eleroas
638 4951 762 4999 ccccm.
789 4926 833 5000 Et
860 4927 956 5000 simul
986 4951 1059 5000 cum
1094 4926 1158 4999 illis
1185 4927 1344 5015 Domine,
1380 4934 1545 4999 memento
1579 4925 1724 4997 omnium

361 5047 415 5139 qui
442 5047 600 5117 mvocant
625 5065 747 5116 nomen
775 5055 863 5117 tuum
889 5056 1048 5117 sanctum.
1100 5045 1212 5140 Prope
1226 5043 1393 5116 adstantes
1411 5042 1567 5130 benedic,
1594 5040 1723 5117 absen-

401 5181 487 5226 romus
500 5181 524 5224 n
1487 5162 1538 5234 26
