4784 6040
630 540 848 619 hosts
908 543 1402 625 BhR-CEPHAE.
1630 549 1705 626 393

328 723 510 816 redemisti,
537 734 572 797 et
597 747 686 818 grex
711 737 786 799 tuus
814 727 1042 828 orthodoxus,
1075 752 1173 825 quem
1200 736 1407 828 acquisivisti
1434 745 1468 810 to
1494 735 1705 832 deprecatur,

328 849 361 911 et
385 862 448 936 per
473 849 507 912 te
533 849 643 913 tecum
670 841 804 914 Patrem
830 853 919 916 hrum
947 843 1071 918 diceus.

429 955 592 1049 Populos.
645 958 819 1030 Miserere.

429 1070 615 1145 Sacerdos.
669 1073 741 1146 Nos
769 1094 908 1169 quoque.

428 1187 617 1259 Diaconos.
673 1191 780 1276 Quam
808 1191 951 1262 timenda
979 1203 1030 1266 est
1057 1191 1141 1266 haec
1168 1193 1260 1266 hora.

564 1496 742 1570 Sacerdos
768 1499 853 1572 dtctt
879 1499 1135 1589 invocationem
1160 1500 1312 1594 Spiritus
1337 1503 1460 1572 sancti.

428 1685 596 1782 Propitius
633 1697 707 1759 esto
739 1687 836 1762 nohis
870 1688 1013 1763 Domine
1045 1689 1140 1762 Deus
1173 1669 1309 1762 creator
1347 1700 1479 1778 noster,
1519 1689 1700 1762 secundum

326 1804 582 1898 promissionem
608 1823 725 1873 veram
752 1805 911 1895 unigeniti
937 1803 1012 1876 Filii
1038 1807 1094 1892 tui,
1122 1815 1156 1876 et
1182 1809 1274 1878 mitte
1307 1803 1464 1898 Spiritum
1496 1815 1585 1876 hrum
1613 1827 1699 1878 san-

325 1927 412 1990 etum
439 1939 540 2012 super
567 1915 754 1990 oblationes
780 1930 930 1994 nostras:
958 1919 1048 1992 illum
1075 1923 1130 2016 qui
1153 1919 1210 1992 tihi
1237 1918 1387 2015 aequalis
1402 1929 1454 1993 est
1479 1931 1547 1993 tam
1574 1941 1700 1994 essen-

324 2037 381 2122 tia,
410 2055 506 2127 quam
534 2030 652 2104 throno
681 2042 715 2104 et
740 2033 865 2127 gloria,
892 2045 1001 2106 tecum
1029 2047 1062 2108 et
1097 2059 1171 2108 oum
1198 2038 1369 2127 unigenito
1405 2033 1491 2108 Filio
1524 2043 1599 2107 tuo:
1626 2038 1700 2130 ipse

323 2151 455 2236 veniat,
482 2156 516 2218 et
548 2145 703 2220 illabatur
737 2170 838 2244 super
873 2154 1035 2245 mysteria
1070 2149 1167 2242 haec,
1203 2150 1326 2245 illaque
1360 2150 1545 2224 sanctificet
1576 2147 1698 2245 illapsu

322 2286 393 2338 suo.

426 2378 586 2471 Populus.
640 2379 773 2452 Exaudi
799 2404 866 2470 me,
894 2391 956 2453 etc.

425 2494 601 2566 Sacerdos
628 2495 764 2567 etcoons
790 2519 915 2567 vocem.
970 2497 1067 2592 lpse,
1094 2500 1242 2593 inquam,
1277 2499 1350 2592 ipse
1382 2495 1525 2592 Spiritus
1558 2507 1696 2570 sanctus

322 2609 439 2706 illapsu
465 2631 539 2700 suo,
566 2609 716 2705 perficiat
741 2634 861 2706 panem
888 2611 986 2702 hunc,
1014 2634 1136 2708 corpus
1163 2616 1277 2685 vivum
1306 2620 1340 2683 et
1365 2612 1541 2686 vivificans
1569 2617 1696 2686 animas

322 2735 473 2797 nostras:
501 2747 625 2821 corpus
653 2737 803 2799 sanctum
830 2736 865 2798 et
889 2727 1066 2800 vivificans
1093 2749 1235 2824 corpora
1262 2736 1388 2800 nostra:
1422 2750 1546 2824 corpus
1573 2749 1693 2801 verum

324 2839 444 2912 Christi
469 2840 535 2912 Dei
561 2845 669 2914 nostri
696 2842 738 2913 ad
764 2845 990 2938 expiationem
1019 2842 1225 2933 delictorum,
1252 2854 1287 2915 et
1313 2847 1543 2918 remissionem
1564 2866 1695 2940 pecca-

321 2965 437 3042 torum,
465 2958 720 3052 suscipientibus
747 2956 835 3030 illud.

423 3071 584 3164 Populos.
638 3072 758 3145 Amen.

314 3203 320 3208 ·
422 3185 606 3262 Sacerdos.
648 3187 691 3260 Et
717 3191 847 3261 mistum
876 3188 964 3282 quod
991 3191 1096 3260 estin
1118 3188 1183 3262 hoc
1211 3190 1326 3278 calice,
1354 3189 1474 3262 eliciat
1500 3193 1694 3282 sauguinem

320 3314 469 3375 sanctum
497 3314 531 3375 et
556 3303 814 3376 sanctificantem
843 3307 970 3376 animas
996 3313 1147 3376 nostras:
1182 3309 1380 3397 sanguinem
1416 3328 1533 3401 purum
1566 3314 1600 3376 et
1625 3329 1695 3401 pu-

320 3417 501 3491 rificantem
528 3442 673 3515 corpora
699 3431 827 3492 nostra:
855 3423 1051 3512 sanguinem
1087 3421 1284 3493 dominicum
1317 3419 1439 3494 Christi
1471 3422 1535 3494 Dei
1568 3424 1694 3510 nostri3

239 3585 244 3590 -
321 3534 362 3605 ad
388 3537 613 3630 expiationem
642 3534 848 3625 delictorum,
875 3544 909 3607 et
935 3538 1167 3610 remissionem
1198 3545 1426 3631 peecatorum,
1454 3533 1693 3630 accipientibus

321 3649 418 3722 ntum.

424 3765 585 3859 Populos.
639 3767 757 3841 Amen.

420 3881 606 3954 Sacerdos.
660 3881 704 3952 Et
744 3881 809 3954 illis
850 3883 1135 3956 sacramentaliter
1184 3884 1466 3955 communicantes
1509 3903 1584 3954 cum
1628 3881 1693 3955 tide

317 4019 413 4086 vera,
440 3997 569 4070 custodi
595 4020 667 4086 nos,
698 4008 732 4069 et
759 3999 800 4071 ah
830 4003 919 4071 omni
950 3996 1083 4070 haeresi
1119 4019 1204 4092 quae
1240 4000 1381 4070 animam
1417 3996 1558 4084 inliciat,
1593 3996 1692 4070 salva

317 4135 397 4202 nos3
427 4137 446 4185 a
474 4123 569 4185 reatu
595 4122 809 4208 peccatorum
835 4125 1024 4187 nostrorum
1051 4112 1158 4186 libera
1185 4135 1260 4202 uos,
1288 4123 1322 4184 et
1349 4112 1391 4185 ah
1420 4113 1498 4202 igne
1517 4111 1693 4205 gehennae

316 4233 408 4326 eripe
435 4251 511 4316 nos,
538 4238 574 4300 ut
601 4227 788 4302 referamus
817 4231 874 4303 tihi
900 4231 1043 4322 gloriam
1069 4239 1104 4302 et
1129 4229 1269 4302 laudem.

427 4345 625 4416 inclinatos.
654 4343 828 4418 Otherimus
845 4345 903 4418 tibi
920 4345 1118 4418 sacrificium
1132 4342 1195 4418 hoc
1209 4343 1399 4434 timentium,
1422 4353 1455 4414 et
1471 4345 1690 4427 inonrentum,

315 4485 377 4558 pro
405 4460 559 4532 Ecclesia
586 4472 721 4549 saneta,
750 4472 784 4533 et
810 4467 881 4555 eJus
909 4459 1125 4550 Pastorihus‚
1160 4458 1352 4533 Patriarcha
1389 4479 1510 4554 nempe
1544 4457 1688 4529 Domino

313 4575 354 4650 Ν.
382 4588 416 4649 et
441 4576 613 4673 Episcopo
641 4589 756 4650 nostro
784 4577 825 4648 N.
859 4581 912 4672 qui
940 4601 1014 4648 eam
1040 4585 1134 4648 recte
1148 4585 1302 4671 pascunt:
1329 4596 1460 4671 proquo
1484 4574 1571 4644 omni
1587 4569 1688 4643 Claro

314 4697 429 4787 quiin
457 4692 512 4764 illa
540 4704 608 4784 est,
636 4704 670 4764 et
702 4716 765 4788 pro
801 4693 875 4766 tiliis
902 4695 992 4785 ejus,
1026 4695 1081 4787 qui
1107 4695 1141 4762 in
1167 4695 1327 4765 universo
1355 4689 1562 4777 arbacem,
1590 4690 1688 4761 etiarn

313 4830 376 4903 pro
411 4807 597 4880 infirmitate
630 4811 696 4879 mei
738 4813 944 4904 peccatoris:
980 4831 1042 4904 per
1079 4807 1340 4880 misericordiam
1379 4815 1489 4896 marn,
1532 4805 1688 4895 Domino,

314 4925 467 5014 ignosce,
494 4934 528 4995 et
554 4923 680 4996 dimitte
706 4936 848 5018 peccata
874 4947 950 4996 mea
978 4935 1011 4996 et
1038 4925 1190 4998 delectus
1217 4945 1322 5010 meos,
1350 4931 1385 4994 et
1412 4919 1562 4994 conceda
1589 4930 1688 4992 tran-
1729 4975 1737 4983 .

316 5037 565 5134 quillitatern'in
594 5039 789 5115 habitaculis
817 5043 889 5134 ejus
915 5061 1021 5138 usque
1048 5045 1082 5114 in
1109 5039 1289 5117 saeculum.
