4782 6068
726 501 804 576 600
1303 498 1534 576 NOTAE

632 676 634 682 ’
724 687 786 750 bita
807 703 869 748 non
892 692 949 763 est,
973 700 1040 747 eum
1070 691 1103 746 ut
1133 683 1239 767 aliquis
1270 684 1308 747 de
1337 682 1396 746 hoc
1419 692 1597 766 argumento
1626 683 1771 746 articulus
1801 682 1941 764 synodali
1968 682 2103 747 Decreta

724 787 922 863 insereretur,
946 784 1085 847 obtinere
1107 802 1167 847 non
1189 784 1331 866 potuerit.
1360 782 1401 845 ht
1423 800 1491 845 cum
1513 800 1576 848 non
1598 783 1685 847 aliter
1707 801 1742 846 se
1765 781 1896 844 habeant
1919 780 2048 844 Codices
2071 782 2104 843 in

724 885 941 966 Mesopotamia
963 885 1080 965 scripti,
1101 883 1201 946 nullus
1229 882 1299 945 huie
1327 882 1521 964 conjecturae
1550 883 1636 946 locus
1667 889 1723 944 est.
1774 880 2010 962 Nequetamen
2040 880 2104 943 ulla

723 983 794 1046 inde
817 984 951 1065 suspicio
974 983 1059 1045 nasci
1081 989 1193 1064 potest,
1218 982 1365 1045 adversus
1394 981 1469 1044 duas
1492 981 1603 1044 alteras
1625 980 1796 1061 Liturgias,
1827 998 1905 1062 quae
1937 999 2004 1042 cum
2035 979 2103 1042 aliis

726 1083 864 1145 omnihus
900 1083 1101 1146 consentiunt.
1154 1082 1261 1162 Neque
1297 1081 1469 1144 omisissent
1508 1079 1661 1144 Censores
1695 1080 1846 1160 Lusitani,
1879 1079 2104 1142 invocationem

728 1180 864 1244 Graecae
887 1182 1024 1260 similem,
1048 1183 1204 1244 teterrimo
1227 1180 1327 1261 aliqua
1348 1187 1419 1242 nota
1443 1178 1615 1262 conligere,
1644 1179 1725 1260 quod
1747 1186 1847 1242 tamen
1869 1197 1931 1242 non
1953 1177 2102 1241 lecerunt

727 1279 813 1342 Unde
837 1288 922 1344 certo
945 1280 1048 1362 colligi
1071 1298 1163 1362 posse
1186 1278 1325 1355 videtur,
1356 1277 1518 1341 lectionem
1541 1277 1685 1342 librorum
1712 1277 1870 1341 Ecclesiae
1899 1276 2103 1340 hlalabaricae

727 1379 862 1443 eamdem
885 1378 981 1442 luisse
1004 1397 1081 1461 quae
1105 1379 1134 1440 in
1157 1380 1270 1440 nostris
1293 1377 1485 1456 observatur,
1507 1376 1640 1460 nihilque
1662 1378 1781 1440 deesse.
1826 1378 1910 1440 Patet
1932 1378 2021 1441 etiam
2044 1377 2105 1438 ln·-

727 1479 916 1542 vocationem
939 1478 1067 1560 Spiritus
1090 1479 1187 1540 sancti
1216 1477 1347 1559 quaein
1375 1476 1501 1558 reliquis
1533 1478 1670 1540 omnihus
1696 1476 1841 1558 liturgiis
1869 1476 2003 1538 occurrit
2032 1480 2105 1555 post

727 1579 919 1660 pronuntiata
943 1576 1054 1641 Christi
1076 1577 1182 1653 verba,
1205 1595 1265 1641 non
1288 1578 1329 1640 ita
1359 1577 1561 1640 necessariam
1583 1578 1678 1640 visam
1702 1577 1795 1639 luisse
1824 1575 1862 1638 ad
1891 1573 2104 1637 consecratio-

725 1695 797 1740 nem
818 1675 1043 1758 perlreiendam,
1065 1685 1099 1739 nt
1120 1677 1235 1758 absque
1258 1676 1308 1739 illa
1332 1677 1523 1739 consecratio
1544 1676 1626 1739 nulla
1648 1684 1742 1754 esset,
1764 1682 1815 1737 aut
1837 1675 1868 1736 in
1891 1693 1928 1736 ea
1950 1675 2105 1736 consiste-

727 1784 786 1855 ret,
810 1775 892 1857 quod
914 1777 1050 1840 nonnulli
1072 1776 1271 1857 seripserunt.
1316 1775 1391 1838 Nam
1421 1777 1497 1838 ritus
1520 1775 1660 1839 iliacum
1686 1775 1908 1856 antiquissimus
1931 1775 1981 1851 sit,
2003 1789 2103 1835 neca

726 1875 914 1938 Nestorianis
937 1876 1125 1954 adinventus,
1149 1874 1204 1938 sed
1227 1875 1264 1938 ab
1288 1875 1418 1956 antiquis
1440 1874 1587 1938 Ecclesiis
1614 1873 1747 1956 Syriacis
1771 1879 1927 1952 acceptus,
1950 1889 2012 1935 non
2033 1890 2104 1933 me-

728 1974 866 2038 diocrem
888 1973 979 2038 hahet
1001 1975 1208 2038 autoritatem:
1231 1981 1261 2038 et
1284 1973 1334 2037 illa
1358 1982 1456 2036 tamen
1480 1973 1618 2037 oratione
1641 1979 1734 2038 earet.

1145 2268 1207 2340 15.
1241 2269 1390 2363 Impooil
1415 2271 1595 2357 iocemam,
1624 2275 1687 2341 etc.

843 2459 880 2538 la
897 2470 970 2533 eliis
992 2471 1148 2555 Liturgiis,
1177 2473 1313 2554 quamvis
1342 2491 1465 2556 semper
1493 2479 1557 2536 toto
1587 2470 1682 2535 Ollleii
1712 2472 1844 2536 decursu
1871 2470 2024 2534 Diaconos
2053 2471 2104 2533 in-

728 2594 851 2639 censum
883 2573 1017 2653 adoleat,
1047 2584 1148 2638 tamen
1176 2577 1326 2642 Sacerdos
1356 2584 1425 2659 post
1451 2575 1670 2640 Praelationem
1697 2594 1769 2640 raro
1800 2576 1830 2639 id
1858 2573 1947 2653 iacit,
1975 2582 2005 2637 et
2034 2574 2103 2637 lere

727 2691 889 2755 nunquam.
935 2671 1040 2755 ltaque
1063 2682 1094 2737 et
1116 2675 1193 2738 haee
1215 2695 1336 2756 quoque
1365 2675 1528 2760 singularis
1552 2683 1599 2738 est
1621 2675 1819 2739 Nestor-ianoe
1842 2675 2001 2738 Ecclesiae
2024 2692 2104 2737 con-

728 2772 870 2851 suetudo,
893 2781 927 2834 ut
948 2781 1020 2854 post
1043 2772 1181 2855 Sanetus,
1205 2775 1273 2838 thus
1297 2775 1487 2839 adhiheatur:
1511 2775 1566 2838 sed
1594 2773 1652 2838 hoc
1674 2775 1752 2839 inter
1774 2760 1943 2859 ἀδιάφορα
1970 2789 2105 2834 censen-

728 2871 797 2934 dum
820 2879 875 2934 est.

816 3105 868 3172 16.
905 3095 992 3175 Posr
1015 3107 1183 3171 orationem
1205 3125 1282 3190 quae
1306 3108 1418 3189 incipit,
1441 3107 1527 3171 Loas
1547 3110 1662 3170 nomini
1682 3115 1733 3170 too
1755 3116 1862 3171 coneto
1883 3108 2022 3186 Domine,
2046 3105 2105 3168 Sa-

730 3212 841 3275 cerdos
875 3230 942 3274 earn
971 3217 1088 3293 partem
1117 3209 1210 3274 Ollieii
1239 3211 1343 3293 incipit
1370 3230 1459 3292 quam
1491 3219 1614 3276 veteres
1644 3211 1740 3273 Latini
1766 3210 1874 3274 Pridie
1902 3210 2105 3293 appellabant,

729 3310 810 3392 quod
831 3311 947 3375 initium
969 3310 1047 3372 illius
1072 3317 1166 3386 esset,
1188 3309 1250 3386 Qut
1274 3311 1376 3390 pridie
1397 3329 1487 3391 prom
1505 3319 1672 3391 poteretur.
1717 3310 1815 3373 Prima
1844 3310 1980 3394 Liturgia
2007 3311 2104 3393 magis

729 3429 818 3492 quam
841 3409 957 3474 alterae
980 3407 1069 3488 duae,
1092 3409 1209 3472 recedit
1231 3408 1268 3470 ab
1292 3409 1358 3473 aliis
1369 3409 1582 3490 Orientalibus,
1606 3410 1638 3471 in
1659 3410 1768 3490 quibus
1791 3411 1933 3473 memoria
1955 3409 1988 3471 lrt
2010 3409 2105 3472 totius

728 3509 959 3593 dispensationis
981 3509 1056 3571 lesu
1079 3507 1189 3571 Christi
1218 3508 1336 3572 Domini
1366 3511 1461 3573 nostri
1489 3511 1520 3572 in
1550 3527 1659 3586 carne,
1691 3527 1787 3590 usque
1817 3507 1856 3570 ad
1885 3506 2104 3570 institutionem

728 3608 947 3674 Eucharistiae.
976 3607 1052 3670 Nam
1073 3607 1176 3672 brevis
1200 3608 1297 3672 oratio
1320 3626 1398 3690 quae
1421 3627 1509 3672 sacra
1530 3608 1610 3672 illius
1634 3609 1729 3672 verbe
1750 3607 1916 3688 praeeedit,
1940 3625 2000 3669 non
2025 3624 2105 3668 con-

729 3708 804 3770 tinet
827 3708 1082 3771 enumerationem
1105 3707 1316 3788 mysteriorum
1344 3705 1403 3792 τῆς
1431 3697 1588 3794 ἐνσάρκου
1618 3700 1820 3785 οἰκονομίας,
1850 3725 1938 3788 quam
1967 3705 2105 3787 reliquae

642 3843 645 3854 ·
728 3807 829 3869 multis
852 3806 955 3870 verbis
977 3807 1160 3887 exprimunt,
1182 3824 1283 3888 neque
1306 3814 1339 3870 ut
1360 3809 1390 3870 in
1413 3807 1472 3870 illis
1489 3805 1680 3885 observatur,
1702 3807 1847 3870 cohaeret
1860 3807 1934 3870 satis
1949 3807 2105 3868 institutae

729 3904 936 3970 Eucharistiae
965 3907 1099 3969 narratio
1133 3922 1201 3968 eum
1241 3906 1503 3987 praecedentibus.
1562 3907 1680 3971 Deesse
1713 3906 1826 3987 aliquid
1859 3906 2010 3986 suspicari
2037 3907 2105 3987 quis

667 4045 677 4062 ,
732 4012 849 4086 posset,
871 4024 938 4068 cunr
961 4002 1114 4068 Theodori
1136 4012 1168 4068 et
1188 4003 1321 4069 Nestorii
1346 4005 1504 4091 liturgiae
1534 4007 1571 4070 ad
1598 4007 1724 4069 aliarum
1746 4005 1858 4068 diversi
1880 4008 1955 4068 ritus
1978 4004 2105 4068 lormem

731 4118 900 4183 expressae
922 4104 992 4182 sint,
1014 4102 1070 4166 sed
1093 4123 1158 4168 curn
1180 4103 1273 4168 hlissa
1293 4106 1474 4169 hialabarica
1496 4108 1608 4170 nostris
1631 4107 1764 4188 Syriacis
1787 4104 1940 4169 codicibus
1963 4112 2106 4168 accurate

730 4200 927 4284 respondeat,
949 4201 1063 4265 nullum
1084 4201 1309 4293 fundamentum
1331 4205 1422 4268 hebet
1443 4205 1520 4268 haec
1541 4205 1685 4287 suspicio.
1729 4205 1841 4268 Verum
1871 4208 1903 4267 in
1930 4204 2016 4268 Eliae
2040 4202 2107 4268 Co-

730 4299 798 4362 dice
819 4299 926 4364 laeuna
947 4302 1035 4364 unius
1058 4310 1110 4365 aut
1132 4302 1258 4366 duorum
1279 4302 1419 4367 loliorum
1441 4302 1496 4368 luit
1519 4323 1607 4387 quarn
1630 4305 1784 4368 asteriscis
1807 4306 1994 4379 notavimus;
2017 4303 2105 4366 deest

732 4400 814 4463 enim
836 4418 942 4465 sacrae
965 4399 1102 4464 hettonis
1132 4420 1204 4484 pars
1233 4405 1408 4485 praecipua,
1431 4405 1634 4485 pronuntiatio
1656 4403 1773 4468 scilicet
1794 4405 1957 4468 verborum
1981 4403 2107 4482 Christi,

690 4503 695 4514 ‘
731 4498 798 4562 sine
820 4499 927 4580 quibus
950 4518 1101 4582 nunquam
1126 4503 1317 4566 consecratio
1340 4502 1420 4566 lacta
1434 4503 1529 4568 luisse
1548 4505 1691 4583 creditur,
1713 4521 1775 4566 non
1796 4505 1893 4568 minus
1915 4505 1946 4566 in
1968 4503 2106 4582 Oriente,

732 4613 823 4679 quam
851 4599 881 4660 in
912 4599 1088 4667 Occidente.
1140 4601 1248 4683 Neque
1278 4610 1325 4666 est
1353 4603 1433 4685 quod
1457 4606 1595 4687 cuiquam
1627 4605 1658 4666 in
1685 4612 1815 4668 mentem
1842 4603 1963 4682 veniat,
1994 4603 2106 4666 omissa

732 4715 804 4760 esse
827 4695 922 4760 verh'a
944 4699 995 4762 illo
1018 4709 1104 4764 certo
1127 4701 1273 4782 consilio,
1305 4704 1394 4784 qnia,
1417 4712 1449 4767 ut
1472 4702 1601 4768 Critious
1624 4711 1749 4768 nostrae
1772 4705 1878 4768 aetatis
1900 4702 2032 4766 lamosus
2055 4710 2107 4765 te-

732 4815 817 4860 mere
847 4799 968 4862 nimium
998 4799 1162 4882 affirmavit,
1191 4800 1363 4867 Orientales
1390 4803 1493 4869 verbis
1524 4802 1635 4868 Christi
1661 4801 1923 4866 consecrationem
1950 4802 2019 4866 lieri
2043 4820 2107 4866 non

732 4895 871 4976 eredunt,
894 4897 950 4960 sed
971 4897 1166 4964 Invocatione
1189 4899 1318 4982 Spiritus
1340 4904 1447 4967 sancti.
1482 4903 1559 4967 Nam
1580 4904 1606 4968 si
1629 4904 1671 4966 ita
1693 4912 1786 4983 esset,
1810 4904 1892 4985 quod
1914 4903 2106 4966 salsissimum

732 5012 805 5058 esse
828 4994 898 5058 alibi
921 4997 1013 5060 certis
1035 5000 1221 5082 argumentis
1242 5000 1454 5083 probatimus,
1482 5003 1563 5070 nulla
1592 5003 1757 5068 secundum
1786 5005 1911 5085 primam
1938 5001 2107 5086 liturgiam
