4784 6040
655 509 857 588 lllGHAllLlS
882 507 1148 588 rotomacum
1174 505 1413 586 innocuum.
1639 501 1715 580 445

358 690 364 698 ’
454 697 638 770 Sacerdos.
692 695 869 772 sanctifica
896 717 959 770 uos
985 717 1047 791 per
1073 717 1194 768 nomen
1221 705 1310 767 tuum
1337 705 1504 786 sanctum,
1537 694 1626 790 quod
1660 698 1719 764 io-

350 795 510 888 uocatum
536 823 588 886 est
614 835 715 907 super
740 834 813 886 nos.
854 812 883 885 0
910 812 1011 883 Pater
1037 820 1152 883 noster
1179 809 1338 884 coelestis
1364 811 1489 907 perfice
1517 820 1550 882 et
1577 809 1719 904 adimple

351 934 386 1002 in
411 929 509 1003 nobis
535 929 740 1003 voluntatem
767 939 873 1001 tuam:
911 927 1067 999 adveniat
1098 949 1240 1019 regnum
1271 937 1361 1000 tuum
1397 936 1430 999 et
1463 925 1617 998 divinitas
1653 935 1719 1010 tua,

351 1044 541 1140 habitetque
567 1049 600 1117 in
626 1044 723 1118 nohis
751 1048 837 1120 sicut
862 1047 895 1116 in
922 1043 1020 1116 coelo
1047 1041 1206 1116 excelso:
1233 1065 1342 1138 neque
1370 1043 1509 1116 deseras
1535 1064 1598 1114 nos
1618 1045 1664 1114 ita
1686 1053 1722 1113 ot

351 1171 535 1251 tenmmur,
572 1164 649 1257 quia
682 1183 748 1233 non
781 1159 941 1232 hahemus
966 1162 1121 1232 virtutem
1148 1158 1191 1230 ad
1207 1158 1452 1232 sustinendum.
1505 1157 1631 1232 Libera
1657 1181 1720 1231 nos

351 1279 494 1350 Domine
528 1303 548 1350 a
580 1277 744 1371 maligno,
778 1287 813 1350 et
846 1275 887 1348 ab
924 1279 1012 1348 omni
1045 1275 1274 1371 quodcumque
1307 1298 1380 1348 cum
1409 1299 1451 1348 eo
1479 1275 1720 1348 similitudinem

352 1393 453 1465 habet
479 1403 535 1466 aut
561 1395 764 1467 affinitatem:
791 1415 900 1489 neque
926 1395 1099 1489 permittas
1125 1403 1162 1463 ut
1186 1391 1341 1465 voluntas
1368 1395 1439 1485 ejus
1459 1395 1493 1465 in
1513 1391 1610 1466 nohis
1634 1414 1720 1488 per-

352 1507 494 1582 ficiatur:
523 1509 623 1581 audet
649 1513 737 1581 enim
763 1509 919 1581 affectare
949 1519 985 1580 ut
1017 1529 1080 1583 nos
1114 1508 1265 1601 dejiciat,
1301 1517 1335 1580 et
1364 1517 1485 1601 regnet
1515 1531 1616 1604 super
1648 1531 1723 1595 nos,

353 1636 443 1698 tuum
470 1636 579 1698 autem
607 1637 659 1698 est
684 1648 842 1719 regnum,
868 1637 902 1698 et
927 1647 990 1699 uos
1018 1629 1128 1714 servi,
1158 1635 1194 1697 et
1219 1627 1382 1720 mancipia
1408 1635 1463 1695 tua
1495 1645 1616 1697 sumus.
1671 1625 1722 1716 'lu

354 1745 409 1836 qui
436 1749 533 1837 potes
561 1746 671 1814 omnia
697 1751 776 1814 nutu
807 1751 884 1832 tuo,
916 1752 1055 1815 contere
1089 1753 1189 1838 caput
1221 1745 1294 1835 ejus
1329 1739 1390 1815 suh
1424 1739 1566 1838 pedibus
1600 1745 1723 1815 nostris
1768 1778 1772 1788 ,

354 1857 535 1944 velociter,
561 1866 597 1927 ut
622 1879 686 1953 pro
711 1866 881 1954 reportata
908 1880 928 1928 a
954 1857 1052 1931 nobis
1078 1861 1237 1946 victoria,
1273 1857 1458 1931 reseramus
1485 1856 1543 1929 tibi
1569 1855 1723 1950 gloriam,

355 1982 389 2044 et
416 1972 595 2046 oderamus
622 1972 851 2046 adorationem
877 1973 964 2047 Filio
991 1982 1047 2047 tuo
1074 1985 1109 2046 et
1134 1973 1270 2069 Spiritui
1297 1975 1505 2047 sanctissimo
1539 1994 1627 2046 nunc
1660 1983 1723 2046 etc.

460 2087 621 2180 Populos.
673 2089 793 2161 Amen.

459 2203 643 2274 Sacerdos.
691 2204 775 2275 Pax.

457 2319 620 2413 Populos.
671 2319 816 2393 Etcum
843 2324 957 2416 spiritu
984 2329 1051 2394 tuo.

458 2435 646 2508 Diaconos.
698 2437 798 2509 Ante.

458 2552 619 2645 Populus.
676 2549 800 2626 Coram
826 2561 869 2624 te.

458 2667 642 2739 Sacerdos.
706 2666 870 2739 Miserere
903 2667 1048 2742 Domine
1081 2671 1194 2768 populi
1229 2675 1276 2743 tui
1314 2674 1369 2767 qui
1402 2679 1559 2768 expectat
1602 2671 1723 2743 donum

355 2794 445 2857 tuum
479 2783 638 2856 coeleste.
691 2781 800 2855 Nemo
834 2806 880 2855 ex
913 2797 1013 2857 coetu
1044 2797 1161 2860 nostro
1194 2786 1383 2883 expellatur
1419 2814 1439 2860 a
1472 2791 1725 2885 participatione

355 2900 507 2997 mysterii
533 2897 686 2970 sacrificii
711 2897 806 2991 hujus
832 2898 1044 2990 vivificantis,
1071 2904 1117 2973 ita
1142 2914 1178 2977 ut
1202 2901 1301 2976 nobis
1320 2907 1361 2994 ⁴iu
1383 2907 1540 2978 convivio
1561 2905 1627 2978 hoc
1649 2905 1724 3000 spi-

355 3015 463 3087 rituali
489 3013 710 3110 epulantibus,
738 3038 813 3088 cum
840 3019 1043 3091 conscientia
1069 3019 1248 3117 inculpata,
1274 3024 1396 3115 pignus
1422 3021 1479 3094 liat
1504 3022 1595 3094 vitae
1613 3042 1725 3094 novae

356 3142 390 3204 et
416 3129 611 3227 spiritualis,
647 3142 681 3204 et
714 3135 871 3204 viaticum
906 3132 948 3205 ad
980 3136 1069 3208 viam
1101 3135 1193 3209 illam
1228 3145 1412 3223 aeternam,
1449 3148 1549 3232 atqua
1580 3136 1647 3209 illic
1683 3137 1727 3208 od

356 3267 506 3319 mensam
532 3258 620 3318 tuam
647 3251 882 3344 incorpoream
908 3249 1091 3344 epulemur,
1117 3251 1369 3347 reseramusque
1396 3251 1455 3325 tibi
1480 3253 1621 3345 gloriam
1639 3274 1725 3348 per·
1798 3255 1802 3265 '

356 3371 489 3457 petuam
515 3373 550 3433 et
576 3365 758 3455 gratiarum
784 3368 949 3438 actionem
978 3366 1235 3460 indesinentem,
1268 3379 1303 3440 et
1335 3371 1505 3460 unigenito
1532 3369 1618 3441 Filio
1655 3378 1725 3459 tuo,

357 3487 391 3549 et
417 3476 553 3573 Spiritui
578 3487 635 3551 tuo
663 3489 790 3552 sancto.

461 3593 624 3686 Populos.
676 3596 797 3670 Amen.

460 3707 644 3782 Sacerdos.
697 3712 781 3783 Pax.

461 3823 622 3918 Populus.
675 3825 818 3898 Etcum
846 3831 961 3925 spiritu
987 3839 1054 3905 tuo.

462 3940 646 4013 Sacerdos.
699 3941 751 4015 Sit
776 3945 1012 4035 misericordia,
1039 3957 1101 4020 etc.

462 4055 623 4150 Populos.
675 4057 820 4133 Etcum
847 4063 963 4157 spiritu
989 4071 1056 4136 tuo.

464 4174 649 4246 Diaconos.
703 4174 786 4249 Cum
813 4181 941 4252 timore.

462 4289 647 4363 Sacerdos.
699 4293 821 4366 Sancta
848 4299 981 4368 sonatis.

462 4405 623 4499 Populus.
676 4405 770 4482 Unus
796 4411 896 4483 Pater
923 4421 1066 4485 sanctus.

463 4521 651 4596 Diaconos.
704 4525 848 4598 Stemus.

463 4638 624 4732 Populea.
679 4640 811 4714 Gratias
838 4646 978 4734 agimus.

463 4754 647 4827 Socerum
701 4757 815 4830 Gloria
841 4759 1091 4832 misericordiae
1118 4771 1195 4833 tuae
1220 4762 1379 4850 Domine,
1407 4764 1500 4854 cujus
1526 4766 1634 4856 gratia
1660 4772 1726 4835 mm

361 4868 566 4943 ahrmdanter
592 4871 696 4970 ellusa
724 4884 793 4945 est:
821 4876 1016 4947 confitemur
1041 4881 1165 4949 nomini
1191 4889 1258 4966 tuo,
1288 4888 1321 4950 et
1336 4877 1561 4952 benedicimus
1583 4866 1744 4973 gloriam'

361 4995 461 5080 tuam,
486 4990 561 5083 quia
579 4986 700 5080 dignos
725 4987 834 5064 iecisti
858 5013 934 5083 nos,
956 4995 1106 5088 quamvis
1128 4993 1196 5068 luto
1217 4993 1395 5091 implexos,
1421 4994 1591 5068 hauriendi
1608 5019 1725 5091 aquam

1438 5115 1487 5188 59
1501 5115 1519 5148 ⁴*
