4728 6028
653 565 707 642 ru
744 525 1044 646 tironatus
1085 569 1368 649 sternens.
1653 576 1702 648 ar

325 769 390 810 ruem
412 767 509 825 meam,
533 750 772 830 crucifixionem,
795 753 987 831 occisionem,
1011 754 1239 832 transfirieaem
1269 755 1393 832 lancea,
1423 757 1550 838 denique
1578 767 1703 822 mortem

325 865 421 910 snum.
468 845 607 929 Coptitae
631 849 730 924 etiam,
753 855 786 909 ut
815 867 855 910 ex
881 848 1059 911 Abulbircat
1082 849 1233 931 discimus,
1257 872 1314 915 nec
1337 871 1398 916 non
1422 853 1487 916 aliis
1511 854 1623 936 quide
1647 876 1702 919 se-

325 954 438 1008 ctarum
461 945 591 1008 diversis
613 946 804 1027 opinionibus
835 954 865 1009 et
894 947 1035 1010 institutis
1058 948 1257 1030 scripserunt,
1282 960 1425 1014 accusant
1453 951 1617 1034 Melchitas,
1643 973 1699 1018 seu

326 1044 460 1108 Graecos
483 1044 687 1119 Orthodoxos,
710 1046 790 1125 qnod
811 1045 944 1107 oblatum
970 1048 1123 1109 trucident:
1152 1049 1190 1110 de
1220 1069 1279 1130 qua
1302 1051 1521 1115 consuetudine
1552 1051 1697 1135 Syriooos

324 1162 384 1206 uon
407 1152 561 1222 accusant,
585 1143 640 1208 sed
664 1143 702 1206 de
725 1143 790 1207 sola
817 1144 876 1207 olei
897 1145 927 1206 in
950 1142 1064 1208 Oblatis
1088 1147 1303 1229 praeparandis
1327 1149 1513 1216 admistione.

713 1405 843 1474 manue
867 1408 979 1475 einum
1004 1409 1040 1475 in
1067 1406 1221 1498 calicem,
1249 1415 1312 1479 etc.

421 1612 475 1691 Du
498 1623 557 1686 illis
580 1641 658 1705 quae
681 1623 762 1684 circa
784 1625 885 1687 vinum
908 1625 995 1688 calici
1023 1627 1236 1690 immittendum
1259 1637 1290 1690 et
1314 1631 1537 1694 consecrationi
1560 1631 1697 1696 destina-

323 1736 383 1791 tum
409 1727 565 1791 observari
588 1734 720 1808 oportet,
744 1727 836 1790 multa
859 1728 937 1791 dicta
960 1737 1030 1791 sunt
1052 1733 1082 1792 in
1094 1729 1314 1793 Commentario
1337 1731 1375 1794 ad
1397 1732 1499 1797 Basilii
1520 1734 1698 1819 Liturgiam,

324 1847 401 1910 quae
424 1844 486 1889 non
510 1827 606 1888 rninus
631 1826 668 1889 ad
691 1828 786 1908 Syros
811 1846 898 1908 quam
922 1828 959 1892 ad
983 1826 1119 1910 Coptitas
1141 1831 1302 1911 pertinent.
1327 1830 1487 1914 Singulare
1510 1834 1594 1915 illud,
1617 1834 1699 1916 quod

326 1934 408 1991 notat
430 1925 587 2005 Barsalibi,
610 1925 711 1987 vinum
734 1928 835 2007 parari
859 1926 971 1989 debere
997 1947 1037 1990 ex
1059 1929 1126 1990 uvis
1142 1929 1276 2008 selectis,
1301 1947 1378 2010 quae
1401 1949 1499 2011 manu,
1523 1951 1584 1996 non
1608 1934 1698 2016 pedi-

314 2028 380 2090 bus
403 2033 586 2108 premantur.
623 2025 729 2105 Neque
753 2034 852 2088 tamen
875 2025 904 2086 id
927 2027 1004 2106 legis
1030 2029 1088 2089 uim
1111 2027 1224 2090 habere
1247 2029 1431 2092 censendum
1455 2040 1513 2110 est,
1536 2051 1603 2095 cum
1625 2033 1699 2094 nihil

326 2126 421 2188 simile
445 2125 565 2208 legatur
586 2125 616 2185 in
639 2124 783 2206 Syrorum
807 2123 1039 2188 Nomocanonc:
1068 2133 1099 2187 ut
1126 2144 1226 2206 neque
1257 2126 1331 2190 illud
1366 2128 1446 2209 quod
1473 2131 1535 2192 vini
1565 2130 1697 2210 delectu,

324 2245 401 2289 uvae
426 2224 588 2286 duracinae
611 2223 747 2286 adhiberi
769 2225 897 2304 possint,
922 2226 1032 2307 exigua
1062 2244 1139 2306 aqua
1167 2235 1354 2304 maceratae,
1385 2235 1417 2289 ut
1447 2247 1487 2290 ex
1514 2229 1571 2292 illis
1599 2229 1699 2312 liquor

325 2324 525 2406 exprimatur:
550 2321 630 2404 quod
653 2323 690 2383 ab
712 2322 912 2402 Aethiopibus
937 2323 1078 2403 factitari,
1099 2333 1128 2386 et
1152 2325 1188 2387 ab
1213 2325 1325 2405 aliquot
1349 2325 1502 2390 Cauonum
1527 2336 1557 2390 et
1577 2329 1698 2392 Rituum

324 2421 539 2503 interpretibus
562 2439 623 2484 non
638 2421 818 2501 improbari,
842 2422 910 2484 loco
935 2424 1025 2486 citato
1050 2423 1263 2486 Commentarii
1286 2425 1524 2489 observavimus.

410 2521 571 2584 Orationes
595 2538 672 2603 quae
695 2520 744 2581 hic
767 2520 959 2602 assignantur
981 2523 1012 2582 in
1041 2522 1157 2584 blissali
1181 2521 1362 2606 chaldaico,
1392 2524 1532 2588 diversae
1562 2532 1632 2585 sunt
1660 2524 1697 2587 ab

321 2621 380 2686 illis
404 2639 479 2702 quas
502 2619 613 2682 habent
636 2617 736 2681 Officia
750 2618 893 2682 Codicum
909 2617 1162 2700 Colbertinorum,
1184 2620 1461 2704 Seguierianorum,
1484 2629 1514 2686 et
1525 2622 1697 2701 Bodenanr,

323 2721 376 2784 sed
400 2721 437 2784 ad
461 2718 594 2782 eamdem
618 2718 868 2834 significationem
890 2720 1045 2836 mysticam
1060 2719 1233 2784 referuntur
1257 2739 1344 2801 quam
1375 2725 1501 2805 exponit
1530 2721 1697 2785 Germanus

323 2819 503 2881 Patriarcha.
524 2807 557 2880 ‘0
578 2804 669 2881 δὲ
637 2835 722 2889 omos
737 2809 867 2935 meppea
887 2807 926 2879 τὸ
948 2807 1031 2896 αἷμα
1052 2807 1091 2880 τὸ
1113 2812 1150 2880 ἐκ
1164 2816 1312 2930 nleppoig
1328 2841 1389 2883 του
1375 2817 1584 2906 choaoai‘
1569 2816 1695 2905 ρεῦσαν.

328 2908 373 2981 Τό
395 2913 432 2981 δὲ
457 2906 544 3003 ὕδωρ
566 2909 689 3002 πέφηνε
709 2935 741 2977 τι
769 2909 890 2999 ῥεῦσαι
911 2935 948 2978 εκ
961 2913 1020 3001 τῆς
1031 2915 1174 3003 πλευρᾶς
1196 2906 1301 2982 αυτοῦ
1321 2917 1382 2983 τοῦ
1403 2917 1561 3004 Χριστοῦ.
1591 2920 1696 2982 Vinum

322 3019 473 3098 significet
493 3017 669 3097 sanquinem
691 3015 849 3096 pollinxit
878 3035 918 3077 ec
941 3015 1054 3078 Christi
1074 3017 1186 3080 lutere:
1216 3037 1298 3098 open
1319 3020 1401 3082 illum
1423 3033 1502 3101 quoe
1530 3039 1571 3080 ec
1599 3020 1697 3098 ipsios

322 3135 436 3197 quoprte
458 3116 554 3178 lutere
572 3114 668 3193 fluxit.

407 3214 578 3293 Incensum,
600 3215 700 3275 crucis
723 3215 820 3294 signe,
843 3220 874 3275 et
896 3211 1031 3292 reliquae
1055 3215 1263 3276 caeremoniae
1292 3232 1359 3276 eum
1381 3214 1527 3278 Ecclesiis
1558 3216 1694 3278 omnibus

1749 1415 1778 1467 P.
1796 1417 1821 1468 3.
1841 1419 1858 1468 l.
1876 1418 1920 1470 31.

1748 1642 1807 1695 Vini
1826 1644 1947 1697 conditio.

1761 3231 1909 3299 lucensem,
1936 3235 2018 3287 crucia

324 3332 495 3378 communes
518 3315 588 3392 sint,
611 3312 759 3396 singulari
780 3310 861 3375 nulla
884 3309 1100 3374 observatione
1122 3311 1268 3394 indigent,
1292 3313 1319 3374 si
1336 3313 1456 3394 quidem
1470 3313 1582 3377 nullum
1596 3331 1693 3396 prope
1707 3318 2018 3388 signumeaeaborten-

323 3413 483 3476 discrimen
506 3413 604 3474 estin
628 3411 795 3491 disciplina,
818 3412 899 3472 cirea
922 3409 972 3471 illa
1003 3428 1081 3490 quae
1103 3429 1163 3472 non
1187 3419 1245 3472 tam
1268 3411 1305 3473 ad
1330 3413 1509 3490 essentiam,
1538 3420 1571 3474 ut
1601 3413 1693 3494 vulgo
1707 3405 1800 3458 tatibus
1818 3417 1948 3474 usurpata.

322 3513 440 3587 dicitur,
465 3509 659 3589 Sacramenti‚
685 3529 771 3590 quern
795 3508 832 3571 ad
856 3509 999 3572 decorem
1022 3509 1127 3570 domus
1150 3508 1223 3589 Dei,
1254 3517 1285 3571 et
1315 3509 1352 3572 ad
1383 3510 1571 3573 excitandam
1594 3512 1693 3590 sidem,

323 3614 577 3692 attentionemque
604 3611 739 3672 instituta
765 3616 842 3672 sunt.
899 3607 996 3672 Offert
1033 3606 1182 3670 Sacerdos
1216 3626 1326 3689 panem
1355 3618 1386 3672 et
1414 3610 1553 3688 calicem,
1584 3609 1693 3672 leviter

322 3711 470 3774 elevando
502 3713 654 3790 antiquum
684 3711 714 3771 in
740 3710 837 3772 veteri
866 3708 951 3789 Lege
981 3707 1140 3770 oblationis
1171 3707 1250 3771 illius
1280 3727 1394 3771 morem
1424 3709 1572 3788 imitatuS,
1604 3728 1692 3790 quem

321 3819 427 3881 Πιιιιιι
451 3810 608 3886 vocabant,
632 3827 692 3889 quo
715 3815 843 3870 testatur
861 3808 972 3870 abolita
995 3806 1089 3870 luisse
1113 3815 1220 3870 vetera
1242 3807 1390 3871 sacrificia
1410 3827 1466 3888 per
1486 3807 1558 3870 illud
1581 3826 1692 3871 novum

321 3910 480 3974 aChristo
503 3911 678 3972 institutum.
724 3908 768 3970 Ea
796 3909 891 3970 verba
919 3907 1054 3988 subjicit,
1086 3923 1163 3987 quae
1192 3907 1350 3985 sacrificii,
1384 3923 1443 3988 quo
1474 3924 1508 3967 se
1536 3908 1632 3986 ipsum
1662 3909 1693 3969 in

321 4029 411 4073 eruce
435 4008 572 4072 Christus
596 4007 713 4086 obtulit,
736 4008 909 4070 memoriam
931 4013 1093 4084 revocent,
1118 3995 1150 4069 ut
1172 4006 1358 4090 intelligatur
1379 4007 1408 4068 iu
1431 4006 1566 4088 liturgia
1587 4024 1691 4068 verum

321 4129 389 4173 esse
412 4103 509 4170 nova'e
532 4107 610 4190 legis
633 4107 822 4186 sacrificium,
847 4105 926 4187 quod
949 4107 979 4167 in
1003 4105 1139 4168 omnibus
1161 4122 1258 4187 prope
1281 4105 1465 4168 orationibus
1488 4105 1664 4167 inculcatur.

398 4206 636 4270 observandum
665 4224 760 4287 porro
790 4213 837 4267 est
866 4206 896 4266 in
918 4205 1066 4268 Ecclesiis
1098 4203 1246 4287 Syriacis,
1276 4207 1355 4266 inter
1374 4203 1455 4266 'istas
1485 4206 1691 4268 caeremonias

1760 4209 1909 4265 orationum
1944 4214 2016 4265 varia

322 4309 386 4371 cani
411 4323 428 4367 a
452 4305 617 4369 Sacerdote
640 4305 827 4381 celebrante,
848 4303 898 4366 uel
911 4302 1014 4380 Claro,
1037 4311 1067 4365 et
1090 4311 1122 4366 ιιι
1144 4306 1239 4366 nostri
1262 4312 1384 4366 veteres
1407 4302 1540 4366 Ritualcs
1562 4302 1812 4383 laquea-senen·

320 4415 377 4484 tur,
400 4424 418 4469 a
439 4405 552 4466 Schola
575 4401 749 4479 Cantatum,
771 4401 898 4484 hymnos
922 4401 1070 4482 diversos,
1095 4421 1221 4484 quorum
1243 4405 1363 4465 nomina
1386 4402 1543 4483 explicari,
1567 4401 1632 4463 aliis
1655 4400 1693 4463 ad

319 4524 404 4568 usum
427 4513 563 4568 nostrum
587 4503 817 4566 accommodatis
840 4504 893 4564 vix
916 4510 1053 4582 possunt.
1099 4503 1188 4566 Tales
1212 4510 1281 4565 sunt
1303 4501 1417 4579 Sedao,
1440 4501 1583 4579 Pectine,
1604 4502 1693 4576 liele,

319 4604 432 4681 diceba,
455 4605 612 4680 Khontmo,
635 4609 758 4685 praeter
780 4621 858 4684 quae
882 4603 939 4665 alia
962 4610 1124 4664 occurrunt
1151 4602 1181 4664 in
1203 4602 1453 4664 Nestorianorum
1474 4600 1600 4678 Ritibus,
1624 4599 1693 4662 huic

319 4714 420 4767 sectae
443 4703 617 4787 singularia.
663 4702 707 4765 lta
730 4704 758 4763 in
784 4703 907 4765 Graecis
931 4700 1041 4766 Officiis
1064 4702 1303 4775 Ecclesiasticis,
1335 4701 1402 4781 ejus
1425 4700 1549 4784 generis
1571 4700 1690 4762 nomina

318 4804 407 4867 multa
430 4811 512 4882 sunt,
535 4810 626 4866 notae
649 4802 727 4884 apud
743 4801 810 4864 illos
824 4803 875 4882 qui
886 4800 944 4862 illis
958 4809 1080 4863 utuntur
1093 4799 1330 4883 significationis,
1356 4815 1433 4881 quae
1456 4800 1486 4861 in
1508 4798 1566 4860 alia
1588 4799 1691 4880 lingua

319 4906 488 4986 exprimere
512 4902 686 4983 perdifficile
709 4909 764 4964 est.
808 4902 884 4963 Nam
907 4901 1137 4982 originationem
1163 4899 1282 4962 illorum
1306 4918 1346 4961 ex
1369 4899 1526 4976 communi,
1550 4915 1637 4979 quarn
1661 4899 1691 4958 in

317 5023 458 5066 sermone
481 5003 601 5086 vulgari
623 5001 744 5075 habent,
767 5000 988 5082 significatione
1016 5000 1179 5076 deducere,
1202 4998 1313 5061 frustra
1336 5005 1393 5062 est.
1438 4997 1481 5060 lta
1502 4996 1691 5060 Boderienus

357 5139 443 5181 ranna
457 5137 481 5179 u
1243 5168 1249 5176 ,
1438 5114 1484 5186 12
