<?xml version="1.0" encoding="UTF-8"?>
<!DOCTYPE html PUBLIC "-//W3C//DTD XHTML 1.0 Transitional//EN"
    "http://www.w3.org/TR/xhtml1/DTD/xhtml1-transitional.dtd">
<html xmlns="http://www.w3.org/1999/xhtml" xml:lang="en" lang="en">
 <head>
  <title>
</title>
<meta http-equiv="Content-Type" content="text/html;charset=utf-8" />
  <meta name='ocr-system' content='tesseract 3.04.00' />
  <meta name='ocr-capabilities' content='ocr_page ocr_carea ocr_par ocr_line ocrx_word'/>
</head>
<body>
  <div class='ocr_page' id='page_1' title='image "./liturgiarumorie04renagoog_0325.png"; bbox 0 0 4730 6038; ppageno 0'>
   <div class='ocr_carea' id='block_1_1' title="bbox 703 560 1567 640">
    <p class='ocr_par' dir='ltr' id='par_1_1' title="bbox 703 560 1567 640">
     <span class='ocr_line' id='line_1_1' title="bbox 703 560 1567 640; baseline -0.003 0"><span class='ocrx_word' id='word_1_1' title='bbox 703 564 783 640; x_wconf 80' lang='lat'><strong>288</strong></span> <span class='ocrx_word' id='word_1_2' title='bbox 1208 560 1567 638; x_wconf 75' lang='lat' dir='ltr'><strong>ttt&#39;tttttln</strong></span> 
     </span>
    </p>
   </div>
   <div class='ocr_carea' id='block_1_2' title="bbox 705 751 2113 4420">
    <p class='ocr_par' dir='ltr' id='par_1_2' title="bbox 705 751 2075 1422">
     <span class='ocr_line' id='line_1_2' title="bbox 772 751 1142 844; baseline -0.011 -21"><span class='ocrx_word' id='word_1_3' title='bbox 772 785 773 790; x_wconf 42' lang='lat'>¹</span> <span class='ocrx_word' id='word_1_4' title='bbox 808 751 969 844; x_wconf 82' lang='lat' dir='ltr'><strong>Populus.</strong></span> <span class='ocrx_word' id='word_1_5' title='bbox 1023 751 1142 822; x_wconf 87' lang='lat' dir='ltr'><strong>Amen.</strong></span> 
     </span>
     <span class='ocr_line' id='line_1_3' title="bbox 705 860 2073 964; baseline -0.002 -27"><span class='ocrx_word' id='word_1_6' title='bbox 705 919 710 928; x_wconf 82' lang='grc'><strong>.</strong></span> <span class='ocrx_word' id='word_1_7' title='bbox 809 867 993 939; x_wconf 77' lang='lat' dir='ltr'><strong><em>Sacerdos.</em></strong></span> <span class='ocrx_word' id='word_1_8' title='bbox 1048 865 1206 937; x_wconf 77' lang='lat' dir='ltr'><strong>Similiter</strong></span> <span class='ocrx_word' id='word_1_9' title='bbox 1241 874 1275 935; x_wconf 90' lang='lat' dir='ltr'><strong>et</strong></span> <span class='ocrx_word' id='word_1_10' title='bbox 1314 884 1414 959; x_wconf 91' lang='lat' dir='ltr'><strong>super</strong></span> <span class='ocrx_word' id='word_1_11' title='bbox 1454 862 1592 934; x_wconf 90' lang='lat' dir='ltr'><strong>calicem</strong></span> <span class='ocrx_word' id='word_1_12' title='bbox 1626 864 1737 948; x_wconf 82' lang='lat' dir='ltr'><strong>vitae,</strong></span> <span class='ocrx_word' id='word_1_13' title='bbox 1773 869 1948 956; x_wconf 90' lang='lat' dir='ltr'><strong>postquam</strong></span> <span class='ocrx_word' id='word_1_14' title='bbox 1984 860 2073 964; x_wconf 90' lang='lat' dir='ltr'><strong>illum</strong></span> 
     </span>
     <span class='ocr_line' id='line_1_4' title="bbox 707 981 2073 1078; baseline -0.005 -21"><span class='ocrx_word' id='word_1_15' title='bbox 707 989 787 1058; x_wconf 92' lang='lat' dir='ltr'><strong>vino</strong></span> <span class='ocrx_word' id='word_1_16' title='bbox 816 995 850 1055; x_wconf 90' lang='lat' dir='ltr'><strong>et</strong></span> <span class='ocrx_word' id='word_1_17' title='bbox 877 1006 962 1078; x_wconf 90' lang='lat' dir='ltr'><strong>aqua</strong></span> <span class='ocrx_word' id='word_1_18' title='bbox 990 989 1173 1076; x_wconf 90' lang='lat' dir='ltr'><strong>temperate</strong></span> <span class='ocrx_word' id='word_1_19' title='bbox 1199 981 1347 1064; x_wconf 89' lang='lat' dir='ltr'><strong>miscuit,</strong></span> <span class='ocrx_word' id='word_1_20' title='bbox 1375 989 1408 1050; x_wconf 92' lang='lat' dir='ltr'><strong>et</strong></span> <span class='ocrx_word' id='word_1_21' title='bbox 1434 982 1609 1050; x_wconf 69' lang='lat' dir='ltr'><strong>sanctitate</strong></span> <span class='ocrx_word' id='word_1_22' title='bbox 1636 1000 1697 1050; x_wconf 82' lang='lat' dir='ltr'><strong>sua</strong></span> <span class='ocrx_word' id='word_1_23' title='bbox 1730 981 1960 1064; x_wconf 86' lang='lat' dir='ltr'><strong>consecravit,</strong></span> <span class='ocrx_word' id='word_1_24' title='bbox 1987 1001 2073 1075; x_wconf 91' lang='lat' dir='ltr'><strong>per-</strong></span> 
     </span>
     <span class='ocr_line' id='line_1_5' title="bbox 706 1092 2073 1194; baseline -0.004 -22"><span class='ocrx_word' id='word_1_25' title='bbox 706 1101 862 1194; x_wconf 75' lang='lat' dir='ltr'><strong>fecitque,</strong></span> <span class='ocrx_word' id='word_1_26' title='bbox 890 1109 923 1169; x_wconf 91' lang='lat' dir='ltr'><strong>et</strong></span> <span class='ocrx_word' id='word_1_27' title='bbox 949 1096 1081 1169; x_wconf 82' lang='lat' dir='ltr'><strong>tradidit</strong></span> <span class='ocrx_word' id='word_1_28' title='bbox 1106 1095 1279 1190; x_wconf 89' lang='lat' dir='ltr'><strong>Apostolis</strong></span> <span class='ocrx_word' id='word_1_29' title='bbox 1306 1099 1447 1168; x_wconf 90' lang='lat' dir='ltr'><strong>sanctis:</strong></span> <span class='ocrx_word' id='word_1_30' title='bbox 1475 1094 1574 1166; x_wconf 83' lang='lat' dir='ltr'><strong>dixit:</strong></span> <span class='ocrx_word' id='word_1_31' title='bbox 1606 1096 1781 1190; x_wconf 85' lang='lat' dir='ltr'><strong>Accipite,</strong></span> <span class='ocrx_word' id='word_1_32' title='bbox 1821 1092 1924 1167; x_wconf 87' lang='lat' dir='ltr'><strong>bibite</strong></span> <span class='ocrx_word' id='word_1_33' title='bbox 1959 1118 2005 1166; x_wconf 90' lang='lat' dir='ltr'><strong>ex</strong></span> <span class='ocrx_word' id='word_1_34' title='bbox 2032 1117 2073 1168; x_wconf 88' lang='lat' dir='ltr'><strong>eo</strong></span> 
     </span>
     <span class='ocr_line' id='line_1_6' title="bbox 707 1210 2074 1305; baseline -0.005 -16"><span class='ocrx_word' id='word_1_35' title='bbox 707 1239 772 1289; x_wconf 92' lang='lat' dir='ltr'><strong>vos</strong></span> <span class='ocrx_word' id='word_1_36' title='bbox 804 1237 940 1286; x_wconf 90' lang='lat' dir='ltr'><strong>onmes:</strong></span> <span class='ocrx_word' id='word_1_37' title='bbox 966 1214 1058 1286; x_wconf 85' lang='lat' dir='ltr'><strong>Vere</strong></span> <span class='ocrx_word' id='word_1_38' title='bbox 1093 1215 1180 1283; x_wconf 90' lang='lat' dir='ltr'><strong>enim</strong></span> <span class='ocrx_word' id='word_1_39' title='bbox 1210 1211 1263 1282; x_wconf 89' lang='lat' dir='ltr'><strong>bic</strong></span> <span class='ocrx_word' id='word_1_40' title='bbox 1299 1221 1351 1283; x_wconf 89' lang='lat' dir='ltr'><strong>est</strong></span> <span class='ocrx_word' id='word_1_41' title='bbox 1378 1215 1514 1304; x_wconf 85' lang='lat' dir='ltr'><strong>sanguis</strong></span> <span class='ocrx_word' id='word_1_42' title='bbox 1548 1233 1642 1284; x_wconf 90' lang='lat' dir='ltr'><strong>meus</strong></span> <span class='ocrx_word' id='word_1_43' title='bbox 1679 1214 1733 1305; x_wconf 92' lang='lat' dir='ltr'><strong>qui</strong></span> <span class='ocrx_word' id='word_1_44' title='bbox 1768 1233 1830 1305; x_wconf 91' lang='lat' dir='ltr'><strong>pro</strong></span> <span class='ocrx_word' id='word_1_45' title='bbox 1863 1210 1974 1282; x_wconf 90' lang='lat' dir='ltr'><strong>mundi</strong></span> <span class='ocrx_word' id='word_1_46' title='bbox 2006 1215 2074 1282; x_wconf 87' lang='lat' dir='ltr'><strong>vita</strong></span> 
     </span>
     <span class='ocr_line' id='line_1_7' title="bbox 710 1328 2075 1422; baseline -0.004 -19"><span class='ocrx_word' id='word_1_47' title='bbox 710 1330 893 1421; x_wconf 86' lang='lat' dir='ltr'><strong>elluuditur,</strong></span> <span class='ocrx_word' id='word_1_48' title='bbox 920 1337 954 1400; x_wconf 91' lang='lat' dir='ltr'><strong>et</strong></span> <span class='ocrx_word' id='word_1_49' title='bbox 979 1328 1146 1418; x_wconf 85' lang='lat' dir='ltr'><strong>dividitur,</strong></span> <span class='ocrx_word' id='word_1_50' title='bbox 1172 1331 1204 1399; x_wconf 89' lang='lat' dir='ltr'><strong>in</strong></span> <span class='ocrx_word' id='word_1_51' title='bbox 1221 1331 1449 1401; x_wconf 86' lang='lat' dir='ltr'><strong>remissionem</strong></span> <span class='ocrx_word' id='word_1_52' title='bbox 1466 1337 1679 1422; x_wconf 89' lang='lat' dir='ltr'><strong>peccatorum</strong></span> <span class='ocrx_word' id='word_1_53' title='bbox 1706 1338 1740 1398; x_wconf 90' lang='lat' dir='ltr'><strong>et</strong></span> <span class='ocrx_word' id='word_1_54' title='bbox 1766 1329 1867 1399; x_wconf 91' lang='lat' dir='ltr'><strong>vitam</strong></span> <span class='ocrx_word' id='word_1_55' title='bbox 1895 1335 2075 1399; x_wconf 85' lang='lat' dir='ltr'><strong>aeternam.</strong></span> 
     </span>
    </p>

    <p class='ocr_par' dir='ltr' id='par_1_3' title="bbox 814 1446 1148 1540">
     <span class='ocr_line' id='line_1_8' title="bbox 814 1446 1148 1540; baseline -0.009 -21"><span class='ocrx_word' id='word_1_56' title='bbox 814 1447 976 1540; x_wconf 78' lang='lat' dir='ltr'><strong>Populus.</strong></span> <span class='ocrx_word' id='word_1_57' title='bbox 1028 1446 1148 1517; x_wconf 82' lang='lat' dir='ltr'><strong>Amen.</strong></span> 
     </span>
    </p>

    <p class='ocr_par' dir='ltr' id='par_1_4' title="bbox 710 1558 2078 2231">
     <span class='ocr_line' id='line_1_9' title="bbox 813 1558 2078 1653; baseline -0.003 -19"><span class='ocrx_word' id='word_1_58' title='bbox 813 1561 998 1634; x_wconf 83' lang='lat' dir='ltr'><strong>Sacerdos.</strong></span> <span class='ocrx_word' id='word_1_59' title='bbox 1051 1561 1145 1632; x_wconf 90' lang='lat' dir='ltr'><strong>Hanc</strong></span> <span class='ocrx_word' id='word_1_60' title='bbox 1173 1560 1351 1632; x_wconf 87' lang='lat' dir='ltr'><strong>salutarem</strong></span> <span class='ocrx_word' id='word_1_61' title='bbox 1377 1561 1612 1630; x_wconf 88' lang='lat' dir='ltr'><strong>iustitutionem</strong></span> <span class='ocrx_word' id='word_1_62' title='bbox 1640 1558 1868 1651; x_wconf 85' lang='lat' dir='ltr'><strong>suscipientes,</strong></span> <span class='ocrx_word' id='word_1_63' title='bbox 1895 1581 2017 1653; x_wconf 87' lang='lat' dir='ltr'><strong>panem</strong></span> <span class='ocrx_word' id='word_1_64' title='bbox 2044 1569 2078 1630; x_wconf 88' lang='lat' dir='ltr'><strong>et</strong></span> 
     </span>
     <span class='ocr_line' id='line_1_10' title="bbox 710 1673 2077 1772; baseline -0.002 -21"><span class='ocrx_word' id='word_1_65' title='bbox 710 1683 822 1751; x_wconf 89' lang='lat' dir='ltr'><strong>vinum</strong></span> <span class='ocrx_word' id='word_1_66' title='bbox 849 1680 1039 1766; x_wconf 72' lang='lat' dir='ltr'><strong>statuimus,</strong></span> <span class='ocrx_word' id='word_1_67' title='bbox 1076 1687 1108 1748; x_wconf 90' lang='lat' dir='ltr'><strong>et</strong></span> <span class='ocrx_word' id='word_1_68' title='bbox 1141 1679 1337 1772; x_wconf 88' lang='lat' dir='ltr'><strong>imponimus</strong></span> <span class='ocrx_word' id='word_1_69' title='bbox 1365 1697 1466 1770; x_wconf 89' lang='lat' dir='ltr'><strong>super</strong></span> <span class='ocrx_word' id='word_1_70' title='bbox 1493 1673 1598 1746; x_wconf 86' lang='lat' dir='ltr'><strong>altare</strong></span> <span class='ocrx_word' id='word_1_71' title='bbox 1623 1674 1708 1762; x_wconf 89' lang='lat' dir='ltr'><strong>hoc,</strong></span> <span class='ocrx_word' id='word_1_72' title='bbox 1739 1677 1835 1766; x_wconf 88' lang='lat' dir='ltr'><strong>juxta</strong></span> <span class='ocrx_word' id='word_1_73' title='bbox 1862 1687 2077 1771; x_wconf 87' lang='lat' dir='ltr'><strong>praeceptum</strong></span> 
     </span>
     <span class='ocr_line' id='line_1_11' title="bbox 710 1788 2076 1887; baseline -0.001 -22"><span class='ocrx_word' id='word_1_74' title='bbox 710 1797 783 1887; x_wconf 91' lang='lat' dir='ltr'><strong>ejus</strong></span> <span class='ocrx_word' id='word_1_75' title='bbox 811 1793 990 1882; x_wconf 84' lang='lat' dir='ltr'><strong>vivificum,</strong></span> <span class='ocrx_word' id='word_1_76' title='bbox 1017 1804 1053 1864; x_wconf 94' lang='lat' dir='ltr'><strong>ut</strong></span> <span class='ocrx_word' id='word_1_77' title='bbox 1078 1796 1272 1865; x_wconf 85' lang='lat' dir='ltr'><strong>memoriam</strong></span> <span class='ocrx_word' id='word_1_78' title='bbox 1300 1814 1458 1885; x_wconf 87' lang='lat' dir='ltr'><strong>agamus,</strong></span> <span class='ocrx_word' id='word_1_79' title='bbox 1488 1790 1668 1863; x_wconf 87' lang='lat' dir='ltr'><strong>secuudum</strong></span> <span class='ocrx_word' id='word_1_80' title='bbox 1696 1788 1865 1862; x_wconf 90' lang='lat' dir='ltr'><strong>oraculum</strong></span> <span class='ocrx_word' id='word_1_81' title='bbox 1891 1790 1956 1863; x_wconf 90' lang='lat' dir='ltr'><strong>boc</strong></span> <span class='ocrx_word' id='word_1_82' title='bbox 1984 1793 2076 1864; x_wconf 88' lang='lat' dir='ltr'><strong>divi-</strong></span> 
     </span>
     <span class='ocr_line' id='line_1_12' title="bbox 710 1906 2077 2005; baseline -0.003 -23"><span class='ocrx_word' id='word_1_83' title='bbox 710 1933 788 1982; x_wconf 89' lang='lat' dir='ltr'><strong>num</strong></span> <span class='ocrx_word' id='word_1_84' title='bbox 803 1910 891 2004; x_wconf 91' lang='lat' dir='ltr'><strong>quod</strong></span> <span class='ocrx_word' id='word_1_85' title='bbox 907 1913 969 1981; x_wconf 90' lang='lat' dir='ltr'><strong>ait:</strong></span> <span class='ocrx_word' id='word_1_86' title='bbox 997 1911 1126 2003; x_wconf 89' lang='lat' dir='ltr'><strong>quoties</strong></span> <span class='ocrx_word' id='word_1_87' title='bbox 1148 1911 1317 2005; x_wconf 80' lang='lat' dir='ltr'><strong>mysteriis</strong></span> <span class='ocrx_word' id='word_1_88' title='bbox 1336 1911 1406 1979; x_wconf 91' lang='lat' dir='ltr'><strong>istis</strong></span> <span class='ocrx_word' id='word_1_89' title='bbox 1432 1909 1555 1980; x_wconf 89' lang='lat' dir='ltr'><strong>sanctis</strong></span> <span class='ocrx_word' id='word_1_90' title='bbox 1572 1906 1866 1997; x_wconf 85' lang='lat' dir='ltr'><strong>communicabitis,</strong></span> <span class='ocrx_word' id='word_1_91' title='bbox 1885 1911 2077 1980; x_wconf 88' lang='lat' dir='ltr'><strong>memoriam</strong></span> 
     </span>
     <span class='ocr_line' id='line_1_13' title="bbox 712 2025 2076 2120; baseline -0.001 -23"><span class='ocrx_word' id='word_1_92' title='bbox 712 2028 776 2097; x_wconf 88' lang='lat' dir='ltr'><strong>mei</strong></span> <span class='ocrx_word' id='word_1_93' title='bbox 802 2025 950 2116; x_wconf 85' lang='lat' dir='ltr'><strong>iacietis,</strong></span> <span class='ocrx_word' id='word_1_94' title='bbox 977 2035 1011 2096; x_wconf 92' lang='lat' dir='ltr'><strong>et</strong></span> <span class='ocrx_word' id='word_1_95' title='bbox 1037 2029 1247 2120; x_wconf 90' lang='lat' dir='ltr'><strong>passionem,</strong></span> <span class='ocrx_word' id='word_1_96' title='bbox 1278 2035 1416 2096; x_wconf 91' lang='lat' dir='ltr'><strong>mortem</strong></span> <span class='ocrx_word' id='word_1_97' title='bbox 1444 2033 1477 2094; x_wconf 89' lang='lat' dir='ltr'><strong>et</strong></span> <span class='ocrx_word' id='word_1_98' title='bbox 1503 2027 1781 2095; x_wconf 90' lang='lat' dir='ltr'><strong>resurrectionem</strong></span> <span class='ocrx_word' id='word_1_99' title='bbox 1807 2046 1914 2096; x_wconf 90' lang='lat' dir='ltr'><strong>meam</strong></span> <span class='ocrx_word' id='word_1_100' title='bbox 1943 2047 2076 2096; x_wconf 90' lang='lat' dir='ltr'><strong>anmm-</strong></span> 
     </span>
     <span class='ocr_line' id='line_1_14' title="bbox 711 2141 1150 2231; baseline -0.005 -17"><span class='ocrx_word' id='word_1_101' title='bbox 711 2142 845 2231; x_wconf 91' lang='lat' dir='ltr'><strong>tiabitis,</strong></span> <span class='ocrx_word' id='word_1_102' title='bbox 874 2141 981 2213; x_wconf 89' lang='lat' dir='ltr'><strong>donec</strong></span> <span class='ocrx_word' id='word_1_103' title='bbox 1008 2144 1150 2213; x_wconf 89' lang='lat' dir='ltr'><strong>veniam.</strong></span> 
     </span>
    </p>

    <p class='ocr_par' dir='ltr' id='par_1_5' title="bbox 817 2255 1805 2351">
     <span class='ocr_line' id='line_1_15' title="bbox 817 2255 1805 2351; baseline -0.002 -24"><span class='ocrx_word' id='word_1_104' title='bbox 817 2257 979 2351; x_wconf 81' lang='lat' dir='ltr'><strong>Populos.</strong></span> <span class='ocrx_word' id='word_1_105' title='bbox 1031 2255 1150 2328; x_wconf 87' lang='lat' dir='ltr'><strong>Mortis</strong></span> <span class='ocrx_word' id='word_1_106' title='bbox 1178 2266 1253 2328; x_wconf 88' lang='lat' dir='ltr'><strong>tuae</strong></span> <span class='ocrx_word' id='word_1_107' title='bbox 1279 2257 1421 2328; x_wconf 89' lang='lat' dir='ltr'><strong>Domine</strong></span> <span class='ocrx_word' id='word_1_108' title='bbox 1447 2259 1641 2327; x_wconf 89' lang='lat' dir='ltr'><strong>memoriam</strong></span> <span class='ocrx_word' id='word_1_109' title='bbox 1668 2258 1805 2347; x_wconf 84' lang='lat' dir='ltr'><strong>agimus.</strong></span> 
     </span>
    </p>

    <p class='ocr_par' dir='ltr' id='par_1_6' title="bbox 709 2369 2113 4420">
     <span class='ocr_line' id='line_1_16' title="bbox 815 2369 2079 2466; baseline 0 -22"><span class='ocrx_word' id='word_1_110' title='bbox 815 2372 998 2444; x_wconf 81' lang='lat' dir='ltr'><strong>Sacerdos.</strong></span> <span class='ocrx_word' id='word_1_111' title='bbox 1038 2369 1395 2444; x_wconf 83' lang='lat' dir='ltr'><strong>commemorationem</strong></span> <span class='ocrx_word' id='word_1_112' title='bbox 1422 2373 1521 2462; x_wconf 86' lang='lat' dir='ltr'><strong>igitur</strong></span> <span class='ocrx_word' id='word_1_113' title='bbox 1548 2371 1805 2466; x_wconf 88' lang='lat' dir='ltr'><strong>dispensationis</strong></span> <span class='ocrx_word' id='word_1_114' title='bbox 1832 2383 1909 2445; x_wconf 88' lang='lat' dir='ltr'><strong>tuae</strong></span> <span class='ocrx_word' id='word_1_115' title='bbox 1926 2372 2079 2445; x_wconf 84' lang='lat' dir='ltr'><strong>saluteris</strong></span> 
     </span>
     <span class='ocr_line' id='line_1_17' title="bbox 713 2490 2078 2584; baseline 0 -24"><span class='ocrx_word' id='word_1_116' title='bbox 713 2493 862 2581; x_wconf 80' lang='lat' dir='ltr'><strong>aginae,</strong></span> <span class='ocrx_word' id='word_1_117' title='bbox 895 2508 1190 2560; x_wconf 89' lang='lat' dir='ltr'><strong>commemoramus</strong></span> <span class='ocrx_word' id='word_1_118' title='bbox 1226 2490 1326 2560; x_wconf 83' lang='lat' dir='ltr'><strong>etiam</strong></span> <span class='ocrx_word' id='word_1_119' title='bbox 1358 2491 1616 2560; x_wconf 87' lang='lat' dir='ltr'><strong>exinanitionem</strong></span> <span class='ocrx_word' id='word_1_120' title='bbox 1649 2499 1738 2558; x_wconf 90' lang='lat' dir='ltr'><strong>tuem</strong></span> <span class='ocrx_word' id='word_1_121' title='bbox 1769 2490 1989 2561; x_wconf 84' lang='lat' dir='ltr'><strong>voluntarium</strong></span> <span class='ocrx_word' id='word_1_122' title='bbox 2016 2511 2078 2584; x_wconf 91' lang='lat' dir='ltr'><strong>pro</strong></span> 
     </span>
     <span class='ocr_line' id='line_1_18' title="bbox 713 2601 2080 2700; baseline 0 -24"><span class='ocrx_word' id='word_1_123' title='bbox 713 2603 822 2692; x_wconf 91' lang='lat' dir='ltr'><strong>uobis,</strong></span> <span class='ocrx_word' id='word_1_124' title='bbox 849 2608 1040 2699; x_wconf 89' lang='lat' dir='ltr'><strong>passionem</strong></span> <span class='ocrx_word' id='word_1_125' title='bbox 1067 2614 1152 2674; x_wconf 91' lang='lat' dir='ltr'><strong>tuam</strong></span> <span class='ocrx_word' id='word_1_126' title='bbox 1180 2603 1359 2693; x_wconf 86' lang='lat' dir='ltr'><strong>vivilicam,</strong></span> <span class='ocrx_word' id='word_1_127' title='bbox 1387 2601 1588 2699; x_wconf 88' lang='lat' dir='ltr'><strong>sepulturam</strong></span> <span class='ocrx_word' id='word_1_128' title='bbox 1615 2613 1703 2674; x_wconf 88' lang='lat' dir='ltr'><strong>tuum</strong></span> <span class='ocrx_word' id='word_1_129' title='bbox 1729 2625 1815 2696; x_wconf 89' lang='lat' dir='ltr'><strong>quae</strong></span> <span class='ocrx_word' id='word_1_130' title='bbox 1833 2608 2080 2700; x_wconf 84' lang='lat' dir='ltr'><strong>corruptionem</strong></span> 
     </span>
     <span class='ocr_line' id='line_1_19' title="bbox 714 2718 2079 2817; baseline -0.001 -24"><span class='ocrx_word' id='word_1_131' title='bbox 714 2720 934 2817; x_wconf 89' lang='lat' dir='ltr'><strong>sepulcralem</strong></span> <span class='ocrx_word' id='word_1_132' title='bbox 961 2719 1075 2792; x_wconf 89' lang='lat' dir='ltr'><strong>solvit:</strong></span> <span class='ocrx_word' id='word_1_133' title='bbox 1111 2720 1318 2817; x_wconf 88' lang='lat' dir='ltr'><strong>praeclaram</strong></span> <span class='ocrx_word' id='word_1_134' title='bbox 1345 2729 1434 2792; x_wconf 89' lang='lat' dir='ltr'><strong>tuam</strong></span> <span class='ocrx_word' id='word_1_135' title='bbox 1461 2731 1537 2814; x_wconf 91' lang='lat' dir='ltr'><strong>post</strong></span> <span class='ocrx_word' id='word_1_136' title='bbox 1563 2719 1703 2790; x_wconf 88' lang='lat' dir='ltr'><strong>triduum</strong></span> <span class='ocrx_word' id='word_1_137' title='bbox 1730 2742 1750 2790; x_wconf 92' lang='lat' dir='ltr'><strong>e</strong></span> <span class='ocrx_word' id='word_1_138' title='bbox 1777 2718 1931 2814; x_wconf 89' lang='lat' dir='ltr'><strong>sepulcro</strong></span> <span class='ocrx_word' id='word_1_139' title='bbox 1959 2743 2079 2794; x_wconf 89' lang='lat' dir='ltr'><strong>resur-</strong></span> 
     </span>
     <span class='ocr_line' id='line_1_20' title="bbox 714 2834 2080 2911; baseline 0.001 -3"><span class='ocrx_word' id='word_1_140' title='bbox 714 2841 913 2910; x_wconf 90' lang='lat' dir='ltr'><strong>rectionem:</strong></span> <span class='ocrx_word' id='word_1_141' title='bbox 942 2839 1173 2909; x_wconf 88' lang='lat' dir='ltr'><strong>ascensionem</strong></span> <span class='ocrx_word' id='word_1_142' title='bbox 1198 2845 1288 2908; x_wconf 90' lang='lat' dir='ltr'><strong>tuam</strong></span> <span class='ocrx_word' id='word_1_143' title='bbox 1314 2834 1496 2907; x_wconf 90' lang='lat' dir='ltr'><strong>mirabilem</strong></span> <span class='ocrx_word' id='word_1_144' title='bbox 1524 2847 1651 2908; x_wconf 87' lang='lat' dir='ltr'><strong>eterra</strong></span> <span class='ocrx_word' id='word_1_145' title='bbox 1668 2840 1702 2907; x_wconf 90' lang='lat' dir='ltr'><strong>in</strong></span> <span class='ocrx_word' id='word_1_146' title='bbox 1720 2835 1865 2908; x_wconf 90' lang='lat' dir='ltr'><strong>coelum:</strong></span> <span class='ocrx_word' id='word_1_147' title='bbox 1893 2841 2080 2911; x_wconf 87' lang='lat' dir='ltr'><strong>sessionem</strong></span> 
     </span>
     <span class='ocr_line' id='line_1_21' title="bbox 714 2951 2082 3049; baseline 0 -24"><span class='ocrx_word' id='word_1_148' title='bbox 714 2964 802 3025; x_wconf 87' lang='lat' dir='ltr'><strong>tuam</strong></span> <span class='ocrx_word' id='word_1_149' title='bbox 830 2956 958 3045; x_wconf 86' lang='lat' dir='ltr'><strong>regiam</strong></span> <span class='ocrx_word' id='word_1_150' title='bbox 984 2963 1017 3024; x_wconf 92' lang='lat' dir='ltr'><strong>et</strong></span> <span class='ocrx_word' id='word_1_151' title='bbox 1045 2953 1250 3049; x_wconf 90' lang='lat' dir='ltr'><strong>praeclaram</strong></span> <span class='ocrx_word' id='word_1_152' title='bbox 1279 2951 1322 3024; x_wconf 92' lang='lat' dir='ltr'><strong>ad</strong></span> <span class='ocrx_word' id='word_1_153' title='bbox 1342 2951 1515 3024; x_wconf 89' lang='lat' dir='ltr'><strong>dexteram</strong></span> <span class='ocrx_word' id='word_1_154' title='bbox 1532 2955 1714 3045; x_wconf 87' lang='lat' dir='ltr'><strong>majestatis</strong></span> <span class='ocrx_word' id='word_1_155' title='bbox 1734 2952 1852 3040; x_wconf 77' lang='lat' dir='ltr'><strong>Patris,</strong></span> <span class='ocrx_word' id='word_1_156' title='bbox 1881 2952 2082 3025; x_wconf 65' lang='lat' dir='ltr'><strong>adtentum-</strong></span> 
     </span>
     <span class='ocr_line' id='line_1_22' title="bbox 709 3068 2082 3165; baseline 0.004 -25"><span class='ocrx_word' id='word_1_157' title='bbox 709 3092 781 3163; x_wconf 91' lang='lat' dir='ltr'><strong>·que</strong></span> <span class='ocrx_word' id='word_1_158' title='bbox 817 3081 905 3141; x_wconf 90' lang='lat' dir='ltr'><strong>tuum</strong></span> <span class='ocrx_word' id='word_1_159' title='bbox 939 3069 1119 3143; x_wconf 87' lang='lat' dir='ltr'><strong>secundnm</strong></span> <span class='ocrx_word' id='word_1_160' title='bbox 1154 3079 1282 3140; x_wconf 86' lang='lat' dir='ltr'><strong>terrore</strong></span> <span class='ocrx_word' id='word_1_161' title='bbox 1313 3069 1464 3165; x_wconf 87' lang='lat' dir='ltr'><strong>plenum,</strong></span> <span class='ocrx_word' id='word_1_162' title='bbox 1501 3068 1631 3164; x_wconf 91' lang='lat' dir='ltr'><strong>quando</strong></span> <span class='ocrx_word' id='word_1_163' title='bbox 1666 3071 1901 3142; x_wconf 88' lang='lat' dir='ltr'><strong>excitationem</strong></span> <span class='ocrx_word' id='word_1_164' title='bbox 1936 3077 2082 3144; x_wconf 88' lang='lat' dir='ltr'><strong>omniurn</strong></span> 
     </span>
     <span class='ocr_line' id='line_1_23' title="bbox 715 3183 2081 3281; baseline 0.004 -27"><span class='ocrx_word' id='word_1_165' title='bbox 715 3183 880 3258; x_wconf 87' lang='lat' dir='ltr'><strong>hominum</strong></span> <span class='ocrx_word' id='word_1_166' title='bbox 908 3184 1028 3272; x_wconf 87' lang='lat' dir='ltr'><strong>iacies,</strong></span> <span class='ocrx_word' id='word_1_167' title='bbox 1061 3196 1096 3257; x_wconf 90' lang='lat' dir='ltr'><strong>et</strong></span> <span class='ocrx_word' id='word_1_168' title='bbox 1122 3206 1225 3281; x_wconf 88' lang='lat' dir='ltr'><strong>opera</strong></span> <span class='ocrx_word' id='word_1_169' title='bbox 1253 3187 1489 3280; x_wconf 89' lang='lat' dir='ltr'><strong>cujuscumque</strong></span> <span class='ocrx_word' id='word_1_170' title='bbox 1516 3185 1624 3280; x_wconf 87' lang='lat' dir='ltr'><strong>palam</strong></span> <span class='ocrx_word' id='word_1_171' title='bbox 1651 3185 1748 3258; x_wconf 89' lang='lat' dir='ltr'><strong>fient:</strong></span> <span class='ocrx_word' id='word_1_172' title='bbox 1781 3186 1912 3281; x_wconf 75' lang='lat' dir='ltr'><strong>quaudo</strong></span> <span class='ocrx_word' id='word_1_173' title='bbox 1943 3186 2081 3261; x_wconf 91' lang='lat' dir='ltr'><strong>thronos</strong></span> 
     </span>
     <span class='ocr_line' id='line_1_24' title="bbox 715 3299 2113 3397; baseline 0.004 -27"><span class='ocrx_word' id='word_1_174' title='bbox 715 3299 798 3372; x_wconf 87' lang='lat' dir='ltr'><strong>lucis</strong></span> <span class='ocrx_word' id='word_1_175' title='bbox 823 3301 999 3397; x_wconf 86' lang='lat' dir='ltr'><strong>Apostolis</strong></span> <span class='ocrx_word' id='word_1_176' title='bbox 1027 3305 1091 3374; x_wconf 90' lang='lat' dir='ltr'><strong>tuis</strong></span> <span class='ocrx_word' id='word_1_177' title='bbox 1110 3311 1269 3389; x_wconf 81' lang='lat' dir='ltr'><strong>sumans,</strong></span> <span class='ocrx_word' id='word_1_178' title='bbox 1298 3301 1474 3372; x_wconf 87' lang='lat' dir='ltr'><strong>vindictam</strong></span> <span class='ocrx_word' id='word_1_179' title='bbox 1488 3301 1600 3396; x_wconf 93' lang='lat' dir='ltr'><strong>populi</strong></span> <span class='ocrx_word' id='word_1_180' title='bbox 1615 3300 1788 3374; x_wconf 88' lang='lat' dir='ltr'><strong>israelitici</strong></span> <span class='ocrx_word' id='word_1_181' title='bbox 1802 3301 1864 3374; x_wconf 88' lang='lat' dir='ltr'><strong>illis</strong></span> <span class='ocrx_word' id='word_1_182' title='bbox 1882 3307 2082 3394; x_wconf 75' lang='lat' dir='ltr'><strong>committeS,</strong></span> <span class='ocrx_word' id='word_1_183' title='bbox 2110 3299 2113 3306; x_wconf 74' lang='grc'>’</span> 
     </span>
     <span class='ocr_line' id='line_1_25' title="bbox 716 3419 2082 3514; baseline 0.001 -26"><span class='ocrx_word' id='word_1_184' title='bbox 716 3427 849 3489; x_wconf 88' lang='lat' dir='ltr'><strong>etcum</strong></span> <span class='ocrx_word' id='word_1_185' title='bbox 876 3421 925 3488; x_wconf 91' lang='lat' dir='ltr'><strong>ira</strong></span> <span class='ocrx_word' id='word_1_186' title='bbox 953 3421 1097 3514; x_wconf 89' lang='lat' dir='ltr'><strong>aspicies</strong></span> <span class='ocrx_word' id='word_1_187' title='bbox 1123 3427 1302 3513; x_wconf 88' lang='lat' dir='ltr'><strong>operantes</strong></span> <span class='ocrx_word' id='word_1_188' title='bbox 1329 3420 1544 3510; x_wconf 88' lang='lat' dir='ltr'><strong>iniquitatem,</strong></span> <span class='ocrx_word' id='word_1_189' title='bbox 1570 3419 1689 3511; x_wconf 90' lang='lat' dir='ltr'><strong>impios</strong></span> <span class='ocrx_word' id='word_1_190' title='bbox 1708 3427 1741 3488; x_wconf 89' lang='lat' dir='ltr'><strong>et</strong></span> <span class='ocrx_word' id='word_1_191' title='bbox 1755 3421 1897 3512; x_wconf 87' lang='lat' dir='ltr'><strong>iniquos,</strong></span> <span class='ocrx_word' id='word_1_192' title='bbox 1924 3423 1980 3513; x_wconf 92' lang='lat' dir='ltr'><strong>qui</strong></span> <span class='ocrx_word' id='word_1_193' title='bbox 1998 3443 2082 3490; x_wconf 90' lang='lat' dir='ltr'><strong>cru-</strong></span> 
     </span>
     <span class='ocr_line' id='line_1_26' title="bbox 716 3532 2082 3629; baseline 0.002 -26"><span class='ocrx_word' id='word_1_194' title='bbox 716 3535 821 3604; x_wconf 88' lang='lat' dir='ltr'><strong>ciatus</strong></span> <span class='ocrx_word' id='word_1_195' title='bbox 839 3538 1030 3629; x_wconf 87' lang='lat' dir='ltr'><strong>suscipient,</strong></span> <span class='ocrx_word' id='word_1_196' title='bbox 1050 3533 1177 3628; x_wconf 84' lang='lat' dir='ltr'><strong>absque</strong></span> <span class='ocrx_word' id='word_1_197' title='bbox 1190 3532 1429 3618; x_wconf 89' lang='lat' dir='ltr'><strong>misericordia,</strong></span> <span class='ocrx_word' id='word_1_198' title='bbox 1453 3532 1633 3603; x_wconf 90' lang='lat' dir='ltr'><strong>secuudum</strong></span> <span class='ocrx_word' id='word_1_199' title='bbox 1647 3537 1846 3628; x_wconf 90' lang='lat' dir='ltr'><strong>aequitatem</strong></span> <span class='ocrx_word' id='word_1_200' title='bbox 1867 3544 1901 3605; x_wconf 91' lang='lat' dir='ltr'><strong>et</strong></span> <span class='ocrx_word' id='word_1_201' title='bbox 1912 3537 2082 3626; x_wconf 82' lang='lat' dir='ltr'><strong>justitiam:</strong></span> 
     </span>
     <span class='ocr_line' id='line_1_27' title="bbox 717 3648 2082 3744; baseline 0 -23"><span class='ocrx_word' id='word_1_202' title='bbox 717 3651 907 3744; x_wconf 90' lang='lat' dir='ltr'><strong>orieturquo</strong></span> <span class='ocrx_word' id='word_1_203' title='bbox 935 3649 1006 3721; x_wconf 91' lang='lat' dir='ltr'><strong>dies</strong></span> <span class='ocrx_word' id='word_1_204' title='bbox 1032 3653 1118 3741; x_wconf 84' lang='lat' dir='ltr'><strong>iguis</strong></span> <span class='ocrx_word' id='word_1_205' title='bbox 1145 3649 1230 3722; x_wconf 92' lang='lat' dir='ltr'><strong>illius</strong></span> <span class='ocrx_word' id='word_1_206' title='bbox 1258 3648 1392 3721; x_wconf 89' lang='lat' dir='ltr'><strong>obscuri</strong></span> <span class='ocrx_word' id='word_1_207' title='bbox 1422 3669 1531 3742; x_wconf 90' lang='lat' dir='ltr'><strong>neque</strong></span> <span class='ocrx_word' id='word_1_208' title='bbox 1564 3648 1720 3721; x_wconf 89' lang='lat' dir='ltr'><strong>lucentis:</strong></span> <span class='ocrx_word' id='word_1_209' title='bbox 1753 3658 1787 3720; x_wconf 91' lang='lat' dir='ltr'><strong>et</strong></span> <span class='ocrx_word' id='word_1_210' title='bbox 1818 3671 1933 3722; x_wconf 91' lang='lat' dir='ltr'><strong>coram</strong></span> <span class='ocrx_word' id='word_1_211' title='bbox 1963 3649 2082 3722; x_wconf 90' lang='lat' dir='ltr'><strong>throno</strong></span> 
     </span>
     <span class='ocr_line' id='line_1_28' title="bbox 716 3763 2083 3857; baseline 0.001 -20"><span class='ocrx_word' id='word_1_212' title='bbox 716 3768 899 3857; x_wconf 86' lang='lat' dir='ltr'><strong>majestatis</strong></span> <span class='ocrx_word' id='word_1_213' title='bbox 923 3774 1001 3836; x_wconf 89' lang='lat' dir='ltr'><strong>tuae</strong></span> <span class='ocrx_word' id='word_1_214' title='bbox 1021 3765 1063 3837; x_wconf 91' lang='lat' dir='ltr'><strong>ad</strong></span> <span class='ocrx_word' id='word_1_215' title='bbox 1083 3789 1226 3838; x_wconf 87' lang='lat' dir='ltr'><strong>examen</strong></span> <span class='ocrx_word' id='word_1_216' title='bbox 1247 3764 1463 3853; x_wconf 89' lang='lat' dir='ltr'><strong>occultorum,</strong></span> <span class='ocrx_word' id='word_1_217' title='bbox 1491 3772 1525 3834; x_wconf 90' lang='lat' dir='ltr'><strong>et</strong></span> <span class='ocrx_word' id='word_1_218' title='bbox 1539 3763 1696 3855; x_wconf 91' lang='lat' dir='ltr'><strong>judicium</strong></span> <span class='ocrx_word' id='word_1_219' title='bbox 1714 3765 1874 3855; x_wconf 88' lang='lat' dir='ltr'><strong>decisum,</strong></span> <span class='ocrx_word' id='word_1_220' title='bbox 1902 3777 1935 3838; x_wconf 88' lang='lat' dir='ltr'><strong>et</strong></span> <span class='ocrx_word' id='word_1_221' title='bbox 1953 3767 2083 3840; x_wconf 89' lang='lat' dir='ltr'><strong>abbre-</strong></span> 
     </span>
     <span class='ocr_line' id='line_1_29' title="bbox 716 3878 2084 3977; baseline 0.001 -23"><span class='ocrx_word' id='word_1_222' title='bbox 716 3884 843 3954; x_wconf 89' lang='lat' dir='ltr'><strong>viatum</strong></span> <span class='ocrx_word' id='word_1_223' title='bbox 868 3880 1050 3953; x_wconf 90' lang='lat' dir='ltr'><strong>ascendent</strong></span> <span class='ocrx_word' id='word_1_224' title='bbox 1077 3905 1193 3956; x_wconf 90' lang='lat' dir='ltr'><strong>omues</strong></span> <span class='ocrx_word' id='word_1_225' title='bbox 1220 3882 1342 3955; x_wconf 86' lang='lat' dir='ltr'><strong>tribus:</strong></span> <span class='ocrx_word' id='word_1_226' title='bbox 1369 3879 1556 3975; x_wconf 86' lang='lat' dir='ltr'><strong>stridorque</strong></span> <span class='ocrx_word' id='word_1_227' title='bbox 1583 3878 1739 3971; x_wconf 83' lang='lat' dir='ltr'><strong>dentium,</strong></span> <span class='ocrx_word' id='word_1_228' title='bbox 1766 3892 1798 3952; x_wconf 92' lang='lat' dir='ltr'><strong>et</strong></span> <span class='ocrx_word' id='word_1_229' title='bbox 1813 3881 1964 3977; x_wconf 87' lang='lat' dir='ltr'><strong>planctus</strong></span> <span class='ocrx_word' id='word_1_230' title='bbox 1985 3905 2084 3954; x_wconf 90' lang='lat' dir='ltr'><strong>ama-</strong></span> 
     </span>
     <span class='ocr_line' id='line_1_30' title="bbox 717 3997 2084 4092; baseline -0.001 -22"><span class='ocrx_word' id='word_1_231' title='bbox 717 4019 787 4086; x_wconf 88' lang='lat' dir='ltr'><strong>rus,</strong></span> <span class='ocrx_word' id='word_1_232' title='bbox 815 4007 848 4068; x_wconf 90' lang='lat' dir='ltr'><strong>et</strong></span> <span class='ocrx_word' id='word_1_233' title='bbox 873 3997 1122 4072; x_wconf 88' lang='lat' dir='ltr'><strong>inconsolabilis</strong></span> <span class='ocrx_word' id='word_1_234' title='bbox 1149 4001 1225 4070; x_wconf 90' lang='lat' dir='ltr'><strong>erit:</strong></span> <span class='ocrx_word' id='word_1_235' title='bbox 1253 3997 1369 4070; x_wconf 87' lang='lat' dir='ltr'><strong>domus</strong></span> <span class='ocrx_word' id='word_1_236' title='bbox 1393 3997 1508 4088; x_wconf 89' lang='lat' dir='ltr'><strong>judicii</strong></span> <span class='ocrx_word' id='word_1_237' title='bbox 1535 3999 1720 4092; x_wconf 89' lang='lat' dir='ltr'><strong>aperietur,</strong></span> <span class='ocrx_word' id='word_1_238' title='bbox 1754 4009 1788 4070; x_wconf 89' lang='lat' dir='ltr'><strong>et</strong></span> <span class='ocrx_word' id='word_1_239' title='bbox 1811 3999 1917 4089; x_wconf 88' lang='lat' dir='ltr'><strong>judex</strong></span> <span class='ocrx_word' id='word_1_240' title='bbox 1944 3997 2084 4086; x_wconf 88' lang='lat' dir='ltr'><strong>sedebit,</strong></span> 
     </span>
     <span class='ocr_line' id='line_1_31' title="bbox 719 4113 2086 4211; baseline 0.001 -26"><span class='ocrx_word' id='word_1_241' title='bbox 719 4124 753 4185; x_wconf 90' lang='lat' dir='ltr'><strong>et</strong></span> <span class='ocrx_word' id='word_1_242' title='bbox 778 4118 1002 4209; x_wconf 89' lang='lat' dir='ltr'><strong>unusquisque</strong></span> <span class='ocrx_word' id='word_1_243' title='bbox 1027 4114 1194 4187; x_wconf 91' lang='lat' dir='ltr'><strong>hominum</strong></span> <span class='ocrx_word' id='word_1_244' title='bbox 1219 4113 1357 4186; x_wconf 89' lang='lat' dir='ltr'><strong>flammis</strong></span> <span class='ocrx_word' id='word_1_245' title='bbox 1385 4113 1635 4185; x_wconf 88' lang='lat' dir='ltr'><strong>examinabitur.</strong></span> <span class='ocrx_word' id='word_1_246' title='bbox 1676 4115 1818 4186; x_wconf 89' lang='lat' dir='ltr'><strong>Domine</strong></span> <span class='ocrx_word' id='word_1_247' title='bbox 1843 4119 2025 4211; x_wconf 87' lang='lat' dir='ltr'><strong>propitiare</strong></span> <span class='ocrx_word' id='word_1_248' title='bbox 2052 4125 2086 4186; x_wconf 94' lang='lat' dir='ltr'><strong>et</strong></span> 
     </span>
     <span class='ocr_line' id='line_1_32' title="bbox 718 4227 2086 4327; baseline 0.001 -26"><span class='ocrx_word' id='word_1_249' title='bbox 718 4252 822 4326; x_wconf 89' lang='lat' dir='ltr'><strong>parce</strong></span> <span class='ocrx_word' id='word_1_250' title='bbox 847 4233 880 4301; x_wconf 91' lang='lat' dir='ltr'><strong>iu</strong></span> <span class='ocrx_word' id='word_1_251' title='bbox 911 4231 976 4302; x_wconf 89' lang='lat' dir='ltr'><strong>hoe</strong></span> <span class='ocrx_word' id='word_1_252' title='bbox 1002 4240 1152 4327; x_wconf 91' lang='lat' dir='ltr'><strong>tempore</strong></span> <span class='ocrx_word' id='word_1_253' title='bbox 1178 4231 1333 4314; x_wconf 90' lang='lat' dir='ltr'><strong>timendo,</strong></span> <span class='ocrx_word' id='word_1_254' title='bbox 1360 4230 1484 4325; x_wconf 93' lang='lat' dir='ltr'><strong>populo</strong></span> <span class='ocrx_word' id='word_1_255' title='bbox 1511 4240 1567 4301; x_wconf 87' lang='lat' dir='ltr'><strong>tuo</strong></span> <span class='ocrx_word' id='word_1_256' title='bbox 1594 4227 1692 4316; x_wconf 86' lang='lat' dir='ltr'><strong>lidcli,</strong></span> <span class='ocrx_word' id='word_1_257' title='bbox 1720 4235 1775 4325; x_wconf 94' lang='lat' dir='ltr'><strong>qui</strong></span> <span class='ocrx_word' id='word_1_258' title='bbox 1801 4241 1834 4302; x_wconf 90' lang='lat' dir='ltr'><strong>te</strong></span> <span class='ocrx_word' id='word_1_259' title='bbox 1861 4232 2034 4304; x_wconf 87' lang='lat' dir='ltr'><strong>confitetur</strong></span> <span class='ocrx_word' id='word_1_260' title='bbox 2053 4243 2086 4303; x_wconf 92' lang='lat' dir='ltr'><strong>et</strong></span> 
     </span>
     <span class='ocr_line' id='line_1_33' title="bbox 719 4345 2085 4420; baseline 0.001 -3"><span class='ocrx_word' id='word_1_261' title='bbox 719 4368 840 4418; x_wconf 88' lang='lat' dir='ltr'><strong>nomen</strong></span> <span class='ocrx_word' id='word_1_262' title='bbox 867 4358 954 4418; x_wconf 91' lang='lat' dir='ltr'><strong>tuum</strong></span> <span class='ocrx_word' id='word_1_263' title='bbox 982 4346 1102 4419; x_wconf 85' lang='lat' dir='ltr'><strong>laudat.</strong></span> <span class='ocrx_word' id='word_1_264' title='bbox 1147 4347 1224 4420; x_wconf 93' lang='lat' dir='ltr'><strong>Non</strong></span> <span class='ocrx_word' id='word_1_265' title='bbox 1243 4369 1348 4419; x_wconf 86' lang='lat' dir='ltr'><strong>voces</strong></span> <span class='ocrx_word' id='word_1_266' title='bbox 1372 4346 1466 4419; x_wconf 90' lang='lat' dir='ltr'><strong>lletus</strong></span> <span class='ocrx_word' id='word_1_267' title='bbox 1486 4369 1561 4418; x_wconf 90' lang='lat' dir='ltr'><strong>cum</strong></span> <span class='ocrx_word' id='word_1_268' title='bbox 1582 4345 1725 4418; x_wconf 88' lang='lat' dir='ltr'><strong>Diabolo</strong></span> <span class='ocrx_word' id='word_1_269' title='bbox 1744 4369 1763 4417; x_wconf 87' lang='lat' dir='ltr'><strong>a</strong></span> <span class='ocrx_word' id='word_1_270' title='bbox 1779 4347 1875 4419; x_wconf 91' lang='lat' dir='ltr'><strong>nobis</strong></span> <span class='ocrx_word' id='word_1_271' title='bbox 1897 4349 2085 4420; x_wconf 91' lang='lat' dir='ltr'><strong>audiantur:</strong></span> 
     </span>
    </p>
   </div>
   <div class='ocr_carea' id='block_1_3' title="bbox 720 4463 2088 5027">
    <p class='ocr_par' dir='ltr' id='par_1_7' title="bbox 720 4463 2088 5027">
     <span class='ocr_line' id='line_1_34' title="bbox 720 4463 2085 4560; baseline 0.003 -28"><span class='ocrx_word' id='word_1_272' title='bbox 720 4484 764 4532; x_wconf 90' lang='lat' dir='ltr'><strong>ne</strong></span> <span class='ocrx_word' id='word_1_273' title='bbox 795 4463 955 4558; x_wconf 87' lang='lat' dir='ltr'><strong>plangant</strong></span> <span class='ocrx_word' id='word_1_274' title='bbox 980 4463 1104 4556; x_wconf 84' lang='lat' dir='ltr'><strong>Angeli</strong></span> <span class='ocrx_word' id='word_1_275' title='bbox 1136 4469 1181 4536; x_wconf 89' lang='lat' dir='ltr'><strong>tui</strong></span> <span class='ocrx_word' id='word_1_276' title='bbox 1215 4469 1339 4556; x_wconf 88' lang='lat' dir='ltr'><strong>sancti,</strong></span> <span class='ocrx_word' id='word_1_277' title='bbox 1375 4463 1463 4559; x_wconf 93' lang='lat' dir='ltr'><strong>quod</strong></span> <span class='ocrx_word' id='word_1_278' title='bbox 1497 4487 1516 4535; x_wconf 87' lang='lat' dir='ltr'><strong>a</strong></span> <span class='ocrx_word' id='word_1_279' title='bbox 1550 4473 1732 4559; x_wconf 87' lang='lat' dir='ltr'><strong>conspectu</strong></span> <span class='ocrx_word' id='word_1_280' title='bbox 1763 4473 1820 4534; x_wconf 92' lang='lat' dir='ltr'><strong>tuo</strong></span> <span class='ocrx_word' id='word_1_281' title='bbox 1855 4468 2085 4560; x_wconf 88' lang='lat' dir='ltr'><strong>projiciamur:</strong></span> 
     </span>
     <span class='ocr_line' id='line_1_35' title="bbox 722 4577 2088 4676; baseline 0 -24"><span class='ocrx_word' id='word_1_282' title='bbox 722 4577 782 4652; x_wconf 90' lang='lat' dir='ltr'><strong>sed</strong></span> <span class='ocrx_word' id='word_1_283' title='bbox 817 4588 1016 4651; x_wconf 89' lang='lat' dir='ltr'><strong>convertere</strong></span> <span class='ocrx_word' id='word_1_284' title='bbox 1051 4580 1210 4668; x_wconf 91' lang='lat' dir='ltr'><strong>Domine,</strong></span> <span class='ocrx_word' id='word_1_285' title='bbox 1244 4592 1278 4652; x_wconf 90' lang='lat' dir='ltr'><strong>et</strong></span> <span class='ocrx_word' id='word_1_286' title='bbox 1312 4581 1388 4653; x_wconf 88' lang='lat' dir='ltr'><strong>audi</strong></span> <span class='ocrx_word' id='word_1_287' title='bbox 1422 4582 1564 4676; x_wconf 88' lang='lat' dir='ltr'><strong>suspiria</strong></span> <span class='ocrx_word' id='word_1_288' title='bbox 1600 4591 1633 4651; x_wconf 94' lang='lat' dir='ltr'><strong>et</strong></span> <span class='ocrx_word' id='word_1_289' title='bbox 1668 4584 1811 4672; x_wconf 87' lang='lat' dir='ltr'><strong>gemitus</strong></span> <span class='ocrx_word' id='word_1_290' title='bbox 1844 4602 2019 4653; x_wconf 84' lang='lat' dir='ltr'><strong>servorum</strong></span> <span class='ocrx_word' id='word_1_291' title='bbox 2053 4592 2088 4652; x_wconf 88' lang='lat' dir='ltr'><strong>et</strong></span> 
     </span>
     <span class='ocr_line' id='line_1_36' title="bbox 723 4695 2087 4793; baseline 0.001 -27"><span class='ocrx_word' id='word_1_292' title='bbox 723 4695 912 4768; x_wconf 87' lang='lat' dir='ltr'><strong>ancillarum</strong></span> <span class='ocrx_word' id='word_1_293' title='bbox 948 4705 1083 4768; x_wconf 89' lang='lat' dir='ltr'><strong>tuarum.</strong></span> <span class='ocrx_word' id='word_1_294' title='bbox 1144 4697 1290 4790; x_wconf 79' lang='lat' dir='ltr'><strong>Ignosce</strong></span> <span class='ocrx_word' id='word_1_295' title='bbox 1325 4701 1491 4793; x_wconf 88' lang='lat' dir='ltr'><strong>peccatis,</strong></span> <span class='ocrx_word' id='word_1_296' title='bbox 1523 4695 1693 4769; x_wconf 87' lang='lat' dir='ltr'><strong>sanctifica</strong></span> <span class='ocrx_word' id='word_1_297' title='bbox 1726 4700 1952 4791; x_wconf 76' lang='lat' dir='ltr'><strong>poenitenteS,</strong></span> <span class='ocrx_word' id='word_1_298' title='bbox 1985 4719 2087 4793; x_wconf 90' lang='lat' dir='ltr'><strong>parce</strong></span> 
     </span>
     <span class='ocr_line' id='line_1_37' title="bbox 723 4810 2087 4908; baseline 0.001 -25"><span class='ocrx_word' id='word_1_299' title='bbox 723 4812 875 4886; x_wconf 89' lang='lat' dir='ltr'><strong>omnibus</strong></span> <span class='ocrx_word' id='word_1_300' title='bbox 901 4835 963 4908; x_wconf 89' lang='lat' dir='ltr'><strong>per</strong></span> <span class='ocrx_word' id='word_1_301' title='bbox 989 4817 1129 4906; x_wconf 84' lang='lat' dir='ltr'><strong>gratiam</strong></span> <span class='ocrx_word' id='word_1_302' title='bbox 1158 4825 1261 4901; x_wconf 89' lang='lat' dir='ltr'><strong>tuam,</strong></span> <span class='ocrx_word' id='word_1_303' title='bbox 1297 4823 1331 4884; x_wconf 88' lang='lat' dir='ltr'><strong>ct</strong></span> <span class='ocrx_word' id='word_1_304' title='bbox 1356 4812 1604 4885; x_wconf 88' lang='lat' dir='ltr'><strong>misericordiae</strong></span> <span class='ocrx_word' id='word_1_305' title='bbox 1639 4823 1714 4884; x_wconf 91' lang='lat' dir='ltr'><strong>tuae</strong></span> <span class='ocrx_word' id='word_1_306' title='bbox 1746 4810 1953 4884; x_wconf 83' lang='lat' dir='ltr'><strong>elluudeutur</strong></span> <span class='ocrx_word' id='word_1_307' title='bbox 1987 4835 2087 4908; x_wconf 90' lang='lat' dir='ltr'><strong>super</strong></span> 
     </span>
     <span class='ocr_line' id='line_1_38' title="bbox 721 4926 2087 5027; baseline 0 -27"><span class='ocrx_word' id='word_1_308' title='bbox 721 4939 833 5002; x_wconf 86' lang='lat' dir='ltr'><strong>reatus</strong></span> <span class='ocrx_word' id='word_1_309' title='bbox 864 4940 1017 5021; x_wconf 85' lang='lat' dir='ltr'><strong>nostros,</strong></span> <span class='ocrx_word' id='word_1_310' title='bbox 1051 4933 1170 5003; x_wconf 87' lang='lat' dir='ltr'><strong>etenim</strong></span> <span class='ocrx_word' id='word_1_311' title='bbox 1202 4940 1342 5027; x_wconf 90' lang='lat' dir='ltr'><strong>propter</strong></span> <span class='ocrx_word' id='word_1_312' title='bbox 1373 4929 1456 5002; x_wconf 91' lang='lat' dir='ltr'><strong>baec</strong></span> <span class='ocrx_word' id='word_1_313' title='bbox 1489 4931 1615 5016; x_wconf 90' lang='lat' dir='ltr'><strong>omnia,</strong></span> <span class='ocrx_word' id='word_1_314' title='bbox 1651 4926 1805 5001; x_wconf 85' lang='lat' dir='ltr'><strong>Ecclesia</strong></span> <span class='ocrx_word' id='word_1_315' title='bbox 1840 4941 1955 5002; x_wconf 89' lang='lat' dir='ltr'><strong>saucta</strong></span> <span class='ocrx_word' id='word_1_316' title='bbox 1991 4953 2087 5025; x_wconf 88' lang='lat' dir='ltr'><strong>quam</strong></span> 
     </span>
    </p>
   </div>
   <div class='ocr_carea' id='block_1_4' title="bbox 0 0 2392 6036">
    <p class='ocr_par' dir='ltr' id='par_1_8' title="bbox 0 0 2392 6036">
     <span class='ocr_line' id='line_1_39' title="bbox 0 0 2392 6036; baseline 0 0"><span class='ocrx_word' id='word_1_317' title='bbox 0 0 2392 6036; x_wconf 95' lang='lat' dir='ltr'><strong> </strong></span> 
     </span>
    </p>
   </div>
  </div>
 </body>
</html>
