4730 6038
621 615 668 689 IN
693 612 946 691 LITURGIAM
972 614 1003 690 S.
1028 613 1252 691 ulturno
1538 614 1615 690 273

250 798 360 879 quibus
383 797 512 860 vocibus
534 798 591 860 hac
613 798 643 860 in
665 806 763 879 porte,
787 797 990 879 operationem
1013 800 1107 862 sancti
1130 799 1257 881 Spiritus
1280 799 1460 883 significant,
1481 800 1616 864 eamdem

250 899 309 959 vim
330 895 442 958 habent
463 915 499 960 ao
521 904 733 959 baomautare.
1094 887 1103 906 ⁴

337 995 369 1057 ln
391 997 548 1077 prooemio
572 994 706 1078 ejusdem
729 995 873 1057 orationis
896 994 933 1056 de
957 993 1069 1076 Spiritu
1092 1001 1196 1056 saneto
1219 993 1343 1074 dicitur,
1374 999 1426 1078 qni
1447 1015 1468 1058 a
1490 1005 1519 1060 te
1537 1017 1615 1078 pro-

250 1095 330 1157 cedit
351 1104 382 1157 et
402 1113 423 1156 e
442 1097 504 1175 filio
526 1095 648 1174 accipit,
672 1113 750 1175 quae
772 1095 934 1156 communis
956 1100 1004 1156 εει
1019 1092 1182 1157 secundum
1195 1091 1352 1177 Evangelii
1373 1097 1478 1176 verba,
1502 1095 1616 1159 Orien-

247 1194 349 1256 talium
362 1193 538 1278 Tbealogia.
568 1192 693 1257 Addunt
707 1193 865 1274 aliquando
882 1202 913 1255 et
928 1212 950 1254 u
965 1195 1028 1273 filio
1043 1212 1120 1275 quoe
1142 1193 1184 1254 ad
1203 1197 1363 1258 essentiam
1384 1196 1450 1259 sive
1472 1195 1616 1258 substan·

251 1294 324 1355 tiora
341 1294 502 1372 pcrtiramt,
520 1295 642 1372 aadpit,
662 1299 694 1355 ut
713 1293 743 1353 in
767 1291 909 1374 liturgiis
930 1291 1028 1374 Xysti,
1050 1299 1080 1355 et
1098 1291 1205 1376 Ignatii
1224 1293 1411 1359 Patriarchae
1423 1293 1615 1358 Antiocheni.

252 1390 325 1456 Cum
348 1409 423 1454 vero
446 1391 484 1454 de
506 1391 641 1454 blarutae
663 1391 799 1474 Liturgia
821 1399 938 1476 agatur,
961 1392 1174 1454 observatione
1197 1392 1319 1473 dignum
1342 1402 1399 1474 est,
1422 1394 1502 1476 quod
1525 1393 1555 1455 in
1579 1409 1615 1455 aa

251 1491 289 1553 da
311 1507 370 1570 qua
392 1509 463 1553 mox
485 1488 640 1554 dicebatur
663 1487 861 1554 Confessione
883 1490 968 1569 fidei,
993 1501 1070 1571 quae
1093 1489 1244 1554 Cononem
1266 1491 1302 1552 ll.
1325 1495 1480 1556 constituit
1502 1492 1617 1575 Synodi

250 1589 538 1653 illiusSeleuciensis
555 1589 751 1673 quadraginta
763 1590 981 1672 Episcoporum
995 1592 1025 1653 in
1040 1608 1100 1672 qua
1113 1587 1244 1654 llarutas
1259 1593 1413 1672 praesedit
1430 1611 1496 1655 cum
1511 1591 1615 1655 isaaco

252 1688 418 1768 Catholico‚
441 1691 482 1752 ita
505 1689 543 1752 de
555 1689 666 1769 Spiritu
688 1696 793 1752 sancto
815 1688 986 1770 loquuntur.
1011 1687 1191 1770 Confitentur
1202 1691 1442 1770 unumSpiritran
1463 1695 1564 1755 atoma
1584 1699 1617 1754 et

252 1796 389 1852 aarum
415 1789 619 1868 Poruclitum,
647 1791 700 1870 pai
723 1797 770 1851 est
790 1809 830 1850 ea·
850 1789 946 1851 Patre
967 1797 996 1852 ct
1016 1790 1110 1851 Filio:
1153 1789 1254 1871 Atque
1277 1788 1328 1853 illo
1351 1793 1522 1854 testimonio
1543 1791 1616 1854 nihil

252 1887 382 1952 tortasse
405 1895 452 1950 est
473 1888 504 1949 in
526 1887 664 1950 Ecclesia
691 1888 768 1968 Syra
795 1888 962 1968 antiquius,
991 1905 1058 1950 cum
1087 1886 1193 1950 Codex
1221 1888 1413 1952 Florentinus
1443 1892 1616 1973 antiquitate

252 1987 461 2068 septingentos
485 1986 523 2049 ad
544 1987 693 2050 minimum
715 2003 810 2048 annos
838 1993 976 2068 superet:
1005 1994 1035 2048 ει
1064 1987 1130 2068 ipsa
1161 1985 1339 2067 Confessio,
1369 1987 1616 2053 Nestorianorum

253 2095 283 2148 et
304 2085 508 2190 Jacqbitarum
530 2085 737 2148 schismatibus
759 2087 798 2148 sit
820 2085 912 2170 louge
928 2087 1091 2172 vetustior.

717 2367 752 2436 5.
794 2364 909 2459 Reges
935 2363 1156 2436 Christianos.

350 2555 388 2634 Si
418 2568 483 2649 quis
507 2567 583 2630 hanc
606 2567 788 2646 orationem,
819 2569 1001 2650 antiquitatis
1027 2569 1104 2672 ultrq
1126 2567 1341 2630 Muhamedana
1363 2575 1498 2650 tempora
1521 2589 1616 2654 argn-

251 2679 383 2734 mcutum
405 2689 474 2734 esse
497 2649 585 2749 v‘eht,
616 2689 676 2733 non
706 2672 862 2735 admodum
885 2670 1121 2754 repugnandum.
1167 2669 1226 2734 Sed
1249 2672 1279 2733 in
1301 2672 1407 2734 eadem
1429 2671 1615 2738 Collectione
1657 2754 1659 2764 Ι

250 2772 364 2852 primus
393 2768 497 2833 Canon
526 2769 593 2831 talis
624 2779 679 2833 est.
725 2768 848 2848 Oratio,
878 2772 1051 2851 deprecatio
1079 2780 1107 2832 et
1135 2771 1315 2850 snpplicatio
1342 2771 1490 2854 offeratur
1511 2792 1617 2836 coram

250 2869 316 2932 Deo
338 2871 416 2942 nico,
439 2877 469 2931 et
488 2877 610 2945 sancto,
637 2889 697 2950 pro
719 2871 840 2950 regibus
862 2879 891 2932 et
908 2871 1112 2950 principibus,
1142 2879 1175 2931 ut
1197 2872 1385 2951 banquillam
1408 2879 1437 2933 et
1453 2874 1616 2952 pacificam

250 2972 345 3030 citam
373 2969 534 3050 degamus,
562 2970 593 3030 in
621 2965 703 3032 omni
723 2971 883 3031 sanctitate
905 2979 935 3032 et
947 2971 1087 3049 justitia:
1115 2970 1230 3048 ipsique
1253 2971 1450 3049 cogitationes
1471 2973 1617 3051 superbas

251 3077 280 3130 et
301 3069 399 3131 duras
426 3067 632 3146 confoveant
653 3071 920 3148 contrapopalam
941 3070 1007 3131 Dei.
1051 3068 1116 3130 Hoc
1138 3068 1208 3130 loco
1238 3069 1275 3131 dc
1300 3068 1477 3132 Christianis
1499 3073 1615 3151 prinoi-

250 3167 338 3249 pibns
369 3185 538 3229 sermonem
561 3185 620 3229 nou
642 3185 711 3229 esse
734 3167 922 3230 manifestum
945 3175 999 3230 est.
1044 3165 1109 3230 Lex
1131 3167 1209 3230 enim
1230 3167 1281 3229 illa
1303 3169 1517 3232 Ecclesiastico
1539 3187 1617 3251 pro-

252 3265 383 3348 mulgata
401 3273 446 3328 cst
463 3267 492 3328 in
506 3265 629 3348 Synodo
641 3265 861 3347 Episcoporum
873 3267 1013 3344 Persidis,
1038 3273 1224 3349 congregata
1247 3267 1277 3328 in
1299 3267 1380 3329 urbe·
1396 3266 1502 3352 liegia,
1525 3270 1615 3331 totius

252 3366 339 3448 regni
361 3364 538 3446 Metropoli,
572 3365 627 3427 sub
657 3365 823 3448 lsdegerde
850 3366 935 3449 Rege
963 3364 1088 3440 infideli,
1119 3364 1168 3445 qui
1196 3366 1226 3425 in
1249 3365 1369 3427 Persica
1391 3385 1445 3428 sua
1467 3366 1615 3449 religione

252 3464 341 3525 vixit:
367 3463 477 3544 quique
499 3461 570 3525 licet
582 3463 757 3527 Christianis
779 3464 947 3527 libertatem
970 3463 1098 3545 aliquam
1115 3463 1257 3543 precibus
1274 3471 1304 3525 ct
1317 3463 1466 3527 miraculis
1480 3464 1614 3530 Marutae

251 3564 347 3626 victus
370 3563 574 3642 concesserit,
602 3581 752 3644 nunquam
774 3571 873 3627 tamen
896 3563 1016 3626 Christo
1039 3581 1149 3626 nomen
1170 3561 1265 3641 dedit,
1289 3562 1342 3624 scd
1366 3565 1395 3624 iu
1418 3563 1535 3646 Magica
1558 3585 1615 3629 su-

251 3662 428 3743 perstitione
450 3661 549 3743 periit.
593 3662 691 3744 Sapor
713 3665 778 3745 ejus
801 3673 888 3743 pater
909 3663 939 3724 in
962 3662 1147 3725 Christianos
1171 3661 1376 3724 crudelissime
1399 3665 1559 3744 saevierat,
1584 3671 1615 3728 et

251 3761 342 3822 multa
365 3759 455 3822 millia
476 3760 639 3841 Martyrum
661 3762 753 3824 variis
776 3762 931 3843 suppliciis
954 3768 1169 3824 consumserat.
1202 3760 1276 3824 Cum
1298 3763 1389 3843 igitur
1404 3765 1519 3826 Maruta
1541 3782 1615 3827 sen-

251 3861 362 3922 tentiae
384 3860 521 3941 principe
545 3867 686 3924 statutum
709 3859 808 3940 luerit,
832 3867 864 3924 ut
885 3879 942 3942 pro
965 3859 1099 3944 Regibus
1122 3869 1153 3923 et
1174 3863 1358 3944 principibus
1381 3865 1615 3945 qualescumque

252 3959 359 4032 lorent,
382 3959 473 4020 etiarn
493 3957 661 4022 infidelibus
685 3969 716 4022 et
738 3960 983 4042 persecutoribus
1007 3969 1158 4040 oraretur,
1180 3961 1272 4023 verba
1296 3960 1374 4025 illius
1397 3965 1542 4027 orationis
1564 3964 1615 4024 in-

252 4057 414 4142 telligenda
443 4065 512 4120 sunt
540 4057 578 4120 de
601 4067 679 4122 statu
701 4058 858 4122 Ecclesiae
881 4060 937 4122 sub
961 4059 1136 4123 Christianis
1160 4061 1358 4142 principibus,
1390 4081 1467 4144 quae
1495 4083 1534 4125 ex
1556 4082 1615 4126 va-

251 4156 307 4218 teri
330 4173 387 4218 usu
409 4157 438 4218 in
460 4157 603 4239 Liturgiis
626 4167 746 4220 servata
769 4167 852 4235 sunt;
883 4177 943 4220 non
973 4158 1053 4238 quod
1083 4158 1198 4220 blaruta
1228 4167 1278 4221 aut
1305 4160 1354 4222 alii
1376 4159 1532 4224 docuerint
1554 4180 1616 4225 nou

251 4256 395 4318 orandum
424 4273 480 4336 pro
509 4255 699 4336 lnlidelibus,
730 4276 796 4320 cum
824 4259 912 4321 etiam
941 4277 998 4340 pro
1027 4257 1272 4338 persecutoribus
1303 4257 1462 4323 Christiani
1497 4278 1617 4341 semper

251 4357 413 4419 oraverint.

626 4616 660 4689 6.
696 4615 840 4688 Patrem
867 4617 1151 4706 Orthodoaeoram',
1179 4625 1242 4692 etc.

346 4807 532 4894 Aurromonr
552 4820 705 4904 Liturgiac
727 4830 760 4884 ut
781 4823 915 4886 llarutae
939 4829 1038 4897 esset,
1066 4822 1092 4886 si
1115 4821 1152 4884 ab
1175 4821 1283 4884 eodem
1307 4825 1501 4902 compositam
1522 4821 1616 4887 luisse

251 4932 420 5002 constaret,
442 4923 531 5006 adjici
554 4926 690 5006 potuisse
713 4927 833 4989 uomina
855 4925 980 4989 aliorum
1003 4927 1054 5007 qni
1075 4927 1173 4989 serius
1195 4926 1346 5005 vixerunt,
1369 4928 1496 5008 probant
1518 4927 1616 4990 Grae·
1684 4975 1693 4988 ,

250 5041 354 5086 carum
377 5030 406 5086 et
431 5023 553 5087 aliarum
576 5024 777 5108 liturgiarum
801 5025 938 5107 exempla
967 5025 1075 5104 multa,
1105 5033 1138 5087 ut
1166 5024 1235 5088 alibi
1263 5024 1356 5089 fusius
1386 5027 1614 5109 explicavimus,

249 5123 319 5186 dnm
341 5125 514 5186 inanitatem
537 5123 664 5189 Critices
687 5125 786 5189 Riveti
810 5126 1096 5206 demonstravimus,
1125 5124 1175 5206 qui
1206 5145 1245 5189 ex
1274 5126 1419 5208 ejusmodi
1448 5127 1614 5192 nominibus
