4804 6026
639 606 674 679 X
935 643 937 646 ·
1064 609 1564 690 DISSERTATIO

335 805 374 861 ne
389 808 558 880 utrumnum
574 811 626 878 ey·
742 796 817 870 XV.
868 797 1034 896 Exposito
1060 798 1188 871 illarum
1215 797 1430 896 Syriacarum
1455 801 1679 895 Liturgiarum
1703 825 1861 892 numero,
1888 812 1999 881 statim

314 897 442 948 'imm
459 913 552 967 ’Ψ
575 915 813 1012 ¹¹¹¹'unicuique
847 918 881 987 in
906 927 1048 988 mentem
1082 918 1211 1017 veniet,
1248 937 1314 1010 qua
1343 921 1474 990 ratione
1493 916 1627 991 ‘lactum
1662 922 1720 1009 sit,
1754 929 1790 991 ut
1823 929 1873 992 tot
1912 923 2006 1018 apud,

317 997 395 1035 Μ’
637 1032 746 1129 Syros
772 1032 943 1106 Jacobitas
960 1041 1092 1121 extent,
1119 1055 1194 1104 cum
1208 1032 1399 1106 Nestoriani
1413 1043 1482 1108 tres
1499 1034 1676 1108 admodum
1690 1033 1849 1108 babeant:
1877 1037 1997 1134 Gopti-

635 1159 690 1221 tae
718 1153 772 1244 qui
799 1153 897 1220 etiam
922 1148 1097 1222 lacebitne
1122 1157 1216 1239 sunt,
1242 1172 1310 1223 non
1335 1147 1463 1246 plures:
1491 1153 1554 1222 etsi
1572 1150 1796 1247 Aethiopicae
1823 1152 1997 1228 duodecim

512 1273 516 1282 '
633 1275 855 1337 numerentur.
907 1263 1012 1356 Hujus
1038 1263 1260 1357 biturgIarum
1286 1269 1367 1338 tanti
1393 1270 1520 1338 numeri
1546 1269 1631 1338 ratio
1657 1267 1751 1339 reddi
1770 1268 1858 1340 nulla
1873 1281 1998 1366 potest,

633 1385 698 1454 nisi
724 1405 770 1454 ex
795 1384 1004 1473 conjecturis.
1056 1379 1134 1452 Non
1160 1383 1245 1452 enlm
1271 1403 1318 1453 ex
1344 1385 1453 1474 gentis
1479 1387 1599 1475 genie,
1626 1383 1859 1479 scribendique
1890 1391 1997 1483 patria

633 1498 745 1590 lingua
771 1497 948 1587 facilitate,
974 1507 1072 1568 natae
1099 1507 1173 1569 sunt
1205 1508 1254 1570 tot
1286 1498 1442 1572 diversae
1475 1497 1666 1591 Liturgiae,
1698 1523 1773 1572 cum
1804 1500 1997 1574 Nestoriani

633 1614 712 1710 Syri
738 1623 868 1703 essent,
903 1624 936 1686 et
960 1613 1095 1705 linquae
1130 1635 1212 1689 suae
1243 1613 1492 1688 studiosissimi:
1534 1635 1644 1710 neque
1680 1614 1867 1689 Ortbedoxi
1899 1617 1996 1691 aliam

604 1752 731 1826 ,quam
757 1728 875 1803 Jacobi
901 1728 1084 1822 Liturgiam
1110 1729 1285 1804 rideantur
1309 1733 1499 1823 agnovisse.
1552 1730 1642 1804 Solis
1668 1731 1702 1803 id
1718 1731 1879 1806 Jacobitis
1906 1757 1996 1808 con-

633 1847 725 1938 tigit,
763 1856 800 1919 ut
831 1857 881 1920 tot
915 1845 1068 1920 diverses
1106 1843 1275 1918 baberent.
1333 1846 1467 1918 Illarum
1499 1868 1601 1943 porro
1637 1851 1861 1942 antiquitatem
1895 1854 1994 1924 certis

633 1965 842 2054 argumentis·
863 1962 1094 2036 demonstrare
1119 1959 1219 2034 facile
1245 1983 1312 2034 uon
1339 1973 1410 2054 est,
1437 1984 1511 2036 cum
1538 1963 1662 2037 crium
1694 1969 1792 2036 ctiam
1823 1968 1857 2036 in
1893 1966 1993 2040 rebus

631 2075 878 2151 Ecclesiasticis
906 2078 992 2174 apud
1020 2075 1206 2150 Orientales
1232 2080 1346 2171 ignota
1373 2081 1424 2151 sit.
1478 2079 1565 2166 Quid
1591 2079 1633 2151 de
1659 2079 1796 2172 siugulis
1828 2082 1994 2178 probabi-

631 2192 706 2264 liter
729 2194 941 2286 judicandum
966 2194 1138 2284 videatur,
1163 2197 1278 2291 paucis
1305 2193 1554 2291 explicabimus.

330 2311 419 2365 ³⁸0⁰bi
432 2314 546 2415 tiru'rgia
564 2317 619 2383 rri·
682 2349 685 2356 ·
735 2311 825 2383 XVI.
881 2308 1001 2384 Jacobi
1027 2309 1155 2405 quidem
1182 2309 1364 2404 Liturgiam
1392 2333 1508 2384 ornnes
1534 2321 1570 2383 ut
1594 2316 1852 2385 vetustissimam
1879 2335 1993 2407 agno-
2028 2317 2031 2328 '

313 2415 353 2451 ¹¹¹⁸
370 2407 601 2469 ⁰‘¹'“⁰⁰¹¹''¹'¹⁰⁸‘
632 2435 742 2514 scunt,
769 2437 803 2498 et
828 2449 902 2500 eam
928 2431 962 2498 in
988 2425 1170 2499 coenaculo
1195 2427 1278 2500 Sion
1314 2428 1356 2502 ab
1392 2427 1559 2525 Apostelo
1594 2431 1670 2523 ipso
1703 2432 1856 2524 scriptam
1891 2430 1994 2504 nisse
2105 2465 2113 2472 ·

632 2545 815 2615 communis
842 2543 973 2616 traditio
1001 2553 1064 2631 est,
1094 2565 1191 2637 quarn
1218 2542 1337 2631 refert,
1364 2553 1400 2616 ut
1427 2543 1514 2640 apud
1540 2563 1620 2617 suos
1647 2545 1825 2640 receptam,
1852 2548 1993 2644 Diony-

631 2663 700 2732 sius
726 2657 898 2732 Barsalibi.
949 2658 1001 2732 Ea
1028 2659 1154 2732 scilicet
1180 2659 1339 2731 offerendi
1366 2661 1520 2734 sacrificii
1545 2659 1762 2733 Eucharistici
1788 2662 1895 2734 fonna
1923 2663 1993 2752 brit,

632 2798 730 2870 quarn
768 2774 922 2848 Ecclesia
965 2774 1269 2870 Hierosolpnritana
1304 2778 1479 2872 antiquitus
1519 2780 1636 2848 tenuit:
1673 2777 1785 2849 similis
1820 2780 1854 2849 iu
1885 2780 1994 2852 nudtis

632 2891 799 2981 Graecae,
828 2915 914 2988 quae
940 2901 1033 2964 extat
1058 2891 1119 2964 sub
1148 2891 1266 2963 eodem
1294 2893 1403 2982 titulo,
1429 2877 1467 2963 ul
1489 2891 1547 2963 vel
1572 2891 1627 2962 ille
1649 2891 1741 2965 solus
1754 2893 1994 2990 Diptpcborum

630 3007 725 3081 locus
753 3009 924 3100 significat,
952 3008 1008 3081 ubi
1035 3016 1150 3080 oratur
1175 3031 1236 3104 pro
1255 3018 1368 3080 sancte
1381 3008 1464 3080 Sion
1483 3007 1710 3081 Ecclesiarum
1724 3011 1867 3080 emnium
1880 3018 1993 3082 matre.

734 3123 839 3196 XVII.
891 3123 990 3196 Aliae
1015 3126 1100 3195 inter
1133 3122 1206 3195 illas
1233 3147 1316 3219 quas
1349 3126 1635 3214 enumeravimus,
1668 3127 1816 3216 augustis
1843 3133 1994 3198 veterum

631 3251 821 3312 sanctorum
846 3239 1032 3312 nominibus
1058 3244 1253 3331 insignitae,
1280 3237 1443 3312 Melcbitis
1470 3250 1623 3334 quantum
1660 3239 1798 3335 adipisci
1830 3245 1994 3336 potuimus

630 3361 767 3448 ignotae
794 3366 889 3446 sunt,
924 3367 958 3429 et
983 3355 1142 3429 lucebitis
1177 3359 1343 3451 propriae.
1402 3356 1641 3453 Apostolorum
1676 3355 1866 3449 duodecim,
1892 3357 1994 3449 Petri,

630 3471 752 3563 blarci,
779 3472 911 3563 Lucae,
937 3472 1075 3544 Ioannis
1101 3470 1357 3564 Evangelistae,
1385 3471 1589 3567 aliorumque
1605 3472 1875 3567 Apostolicorum
1892 3477 1994 3546 viue-

629 3611 722 3679 rum,
749 3591 812 3678 etsi
838 3586 878 3660 ab
905 3587 970 3660 illis
997 3592 1140 3683 scriptae
1167 3588 1232 3660 dici
1261 3610 1330 3659 non
1364 3592 1508 3684 possint,
1537 3599 1645 3660 tamen
1672 3591 1899 3684 supposititiae
1924 3613 1993 3661 uon

630 3716 723 3796 sunt,
755 3729 830 3777 curn
862 3709 896 3776 in
930 3706 1070 3800 antiquis
1102 3703 1350 3802 exemplaribus
1388 3705 1495 3776 multis
1531 3708 1747 3800 reperiantur.
1800 3703 1869 3776 Sed
1908 3725 1992 3798 quos

629 3821 706 3894 illae
733 3832 867 3894 autores
893 3819 1083 3909 habuerint,
1112 3832 1167 3892 aut
1193 3820 1323 3916 quando
1351 3824 1494 3916 scriptae
1520 3820 1657 3907 luerint,
1690 3819 1813 3890 frustm
1844 3839 1994 3913 quaere-⁴

629 3949 737 4029 retur,
764 3959 839 4009 eum
864 3959 928 4008 nec
955 3959 1000 4008 ex
1026 3938 1100 4010 aliis
1128 3937 1265 4010 Graecis
1292 3957 1477 4032 expressae
1503 3939 1586 4027 sint,
1619 3957 1681 4006 nec
1708 3947 1933 4028 agnoscantur
1959 3941 1995 4008 in

629 4057 701 4127 aliis
727 4053 920 4126 Jacobiticis
946 4051 1126 4143 Ecclesiis3
1159 4064 1214 4126 aut
1246 4057 1275 4128 si
1309 4051 1486 4124 nonnullae
1525 4051 1643 4123 iisdem
1676 4050 1864 4124 nominibus
1896 4049 1992 4123 desi-

538 4256 544 4270 !
629 4181 790 4262 gnentrrr,
828 4179 864 4240 ut
902 4170 988 4266 apud
1029 4170 1229 4265 Aethiopes,
1275 4169 1414 4242 Ioannis
1458 4163 1707 4264 chrysostomi,
1747 4170 1919 4255 Dioscori,
1959 4177 1993 4240 et

629 4286 790 4380 quaedam
819 4284 921 4375 aliae,
953 4285 1028 4359 Illas
1054 4289 1135 4358 ritus
1162 4307 1239 4357 esse
1272 4283 1415 4375 diversi,
1449 4283 1668 4360 Alexandrini
1704 4284 1850 4374 scillcet,
1884 4288 1993 4357 statim

630 4406 830 4494 agnoscitur.
1408 4429 1410 4438 ·

335 4531 404 4587 luem
422 4535 455 4589 uc
473 4537 529 4590 uris
544 4536 615 4604 jaer·
732 4519 851 4591 XVIII.
905 4518 1094 4613 Sequuntur
1126 4516 1212 4588 eliae
1252 4520 1381 4609 magnis
1416 4539 1548 4612 queque
1585 4518 1686 4592 titulis
1728 4522 1924 4614 inscriptae,
1959 4525 1994 4588 ut

306 4621 421 4675 anuum.
630 4635 810 4708 Clementis
836 4634 996 4721 Romani,
1023 4631 1140 4727 Xysti,
1166 4629 1258 4720 Iulii,
1291 4633 1411 4725 Ignatii
1442 4633 1660 4724 Antiocheni,
1692 4637 1847 4732 Dionysii
1879 4631 1992 4707 Athe-

524 4743 529 4752 ’
627 4757 769 4840 niensis,
797 4750 839 4822 de
855 4749 973 4845 quibus
999 4747 1086 4820 idem
1111 4749 1251 4840 judicari
1279 4748 1392 4821 debet:
1420 4772 1488 4822 non
1514 4773 1592 4824 esse
1617 4749 1692 4825 illas
1719 4751 1846 4825 scilicet
1863 4751 1904 4824 ab
1924 4771 1992 4822 eo-

627 4892 719 4960 rum,
756 4888 893 4963 quorum
934 4866 1120 4938 nominibus
1159 4864 1383 4962 appellentur,
1416 4888 1531 4938 manu:
1568 4887 1646 4940 esse
1681 4878 1793 4940 tamen
1829 4869 1992 4962 antiquas,

628 4989 735 5057 itaut
763 5003 874 5054 earum
903 4984 1000 5072 origo
1034 4983 1118 5052 inter
1150 4981 1320 5060 Jacobitas
1355 4983 1545 5077 quaerenda
1580 4986 1642 5074 sit,
1675 5007 1748 5056 cum
1783 4983 1922 5057 Graecis
1959 4994 1993 5054 et

629 5099 702 5173 aliis
729 5097 892 5172 Ecclesiis
919 5100 1056 5190 ignotae
1083 5099 1162 5174 sint:
1188 5121 1298 5196 neque
1324 5121 1401 5175 esse
1428 5103 1672 5197 supposititias,
1707 5103 1783 5197 quia
1817 5110 1932 5174 extant
1958 5102 1993 5170 in
