4728 6028
631 582 685 659 lii
716 577 1012 657 LITURGIAS
1047 575 1320 658 sisuldus.
1604 575 1654 652 85

293 771 323 828 et
347 763 529 828 Sacerdotes
552 783 649 847 aeque
671 765 809 846 imperiti,
830 763 888 826 illis
911 763 1064 828 codicibus
1093 769 1259 828 uterentur.
1310 762 1450 826 'lestalur
1472 761 1549 826 enim
1570 761 1656 824 Dan·
1723 781 1821 851 vm.
1849 783 1883 834 ιι..
1910 783 1978 835 nm

293 863 381 928 dinus
403 864 549 946 quosdam
569 864 708 928 blissales
730 864 824 928 libros
847 881 864 925 a
886 879 921 926 se
942 871 1082 944 repertos
1105 881 1172 926 curn
1194 862 1340 944 ejusmodi
1361 861 1453 940 vitio,
1481 879 1539 942 qua
1561 878 1656 924 oeca-
1685 865 1773 932 ιῶωι,
1791 885 1818 936 p.
1842 868 1902 922 lec.
1917 885 1976 939 pap.

293 963 380 1028 sione
409 963 564 1046 iuterpres
600 971 686 1028 notas
716 962 826 1045 adjecit
856 963 886 1026 in
916 961 1024 1043 quibus
1062 969 1207 1042 excerpta
1237 980 1277 1024 ex
1306 961 1401 1024 tribus
1428 959 1487 1024 illis
1511 959 1654 1042 Liturgiis
1685 952 1747 1005 3¹²⁰·

292 1063 429 1128 inseruit
473 1063 515 1126 At
536 1063 751 1128 Maronitarum
773 1063 842 1125 libri
864 1061 907 1124 illi
929 1079 989 1125 non
1012 1068 1107 1138 erant,
1129 1060 1184 1124 sed
1206 1059 1419 1140 Jacobiterum,
1440 1067 1474 1123 ut
1495 1058 1564 1122 abbi
1586 1075 1655 1122 mo-

293 1179 419 1224 nunnus.

380 1260 469 1334 Quod
496 1278 571 1324 vero
602 1261 681 1324 idem
707 1261 841 1343 adjunxit
870 1261 1069 1342 conjectatum
1097 1258 1191 1323 luisse
1220 1258 1382 1322 Naironum
1412 1258 1562 1342 Liturgias
1589 1257 1656 1320 illas
1703 1260 1809 1314 matroni
1831 1260 1977 1328 conJecrun

292 1357 357 1422 τῶν
386 1353 671 1445 opopumpeum,
699 1361 765 1424 sive
790 1360 1129 1440 Pracaonctificatomm
1156 1375 1240 1436 esse,
1274 1358 1381 1420 merito
1411 1357 1441 1421 id
1468 1356 1656 1439 improbavit,
1669 1347 1804 1400 refellitur.

294 1460 428 1540 quamvis
451 1459 602 1543 Lilurgias
625 1461 705 1542 ipses
729 1477 789 1522 non
811 1458 946 1522 vidisset.
990 1457 1053 1522 Nos
1083 1458 1134 1539 qui
1156 1457 1273 1520 illarum
1295 1455 1477 1538 exemplaria
1498 1455 1585 1538 plura
1607 1457 1657 1516 vi-

294 1557 400 1636 dimus,
424 1565 509 1621 certo
531 1558 677 1622 alllrmare
698 1575 869 1639 possumus,
892 1555 963 1619 nihil
985 1557 1042 1620 hac
1065 1559 1238 1640 conjectura
1253 1573 1322 1618 esse
1337 1555 1464 1619 inanius.
1497 1555 1572 1619 Nam
1594 1562 1658 1618 tota

295 1657 389 1720 Olllcii
410 1657 608 1720 Eucharistici
630 1657 738 1734 series,
761 1656 812 1720 uel
826 1643 1011 1720 ἀκολουθία
1027 1663 1059 1718 ut
1081 1675 1147 1718 eam
1169 1673 1291 1736 quoque
1313 1653 1382 1736 Syri
1404 1663 1525 1734 uocant,
1548 1673 1657 1736 nempe

294 1756 331 1818 ab
355 1756 460 1819 osculo
482 1756 566 1838 pacis
588 1773 684 1836 usque
707 1755 744 1819 ad
767 1756 1015 1832 communionem,
1037 1754 1094 1818 illis
1116 1755 1259 1837 liturgiis
1282 1757 1460 1820 continetur.
1500 1754 1559 1820 Sed
1580 1755 1658 1816 Nai-

294 1873 388 1918 ronus
411 1856 478 1920 tulis
502 1873 562 1918 non
585 1863 662 1934 erat,
685 1863 718 1918 ut
739 1857 862 1918 istarum
884 1873 985 1918 rerum
1005 1855 1131 1920 idoneus
1150 1855 1244 1937 judex
1266 1855 1371 1918 baberi
1393 1861 1507 1937 posset.
1550 1854 1657 1935 Neque

296 1957 393 2038 magis
416 1973 489 2018 vera
517 1955 760 2018 commentatoris
789 1955 908 2036 opinio,
936 1954 1006 2018 dum
1032 1954 1292 2036 interpolationem
1318 1954 1399 2018 illam
1425 1953 1533 2017 relerri
1562 1953 1658 2017 voluit

295 2055 333 2118 ad
355 2054 520 2119 doctrinam
543 2053 744 2118 Orientalibus
766 2055 966 2137 incognitam,
989 2055 1046 2117 nisi
1069 2053 1224 2116 erudituiis
1247 2054 1307 2118 illis
1329 2055 1381 2135 qui
1403 2072 1469 2118 eam
1491 2053 1522 2114 in
1543 2051 1655 2116 Latinis

295 2154 482 2238 Theologiae
509 2152 658 2218 subselliis
691 2152 867 2217 didicerunt.
925 2152 958 2216 ld
993 2153 1081 2244 etiam
1114 2152 1212 2216 obiter
1246 2153 1429 2218 notabimus:
1464 2153 1598 2233 quamuis
1625 2153 1657 2215 in
1743 2209 1749 2218 .

295 2253 420 2316 Oriente
449 2251 776 2318 Praesanctilicatorum
805 2251 897 2314 llissa
927 2252 1098 2316 celebretur
1121 2251 1238 2316 Graeco
1271 2271 1373 2330 more,
1402 2260 1491 2333 atque
1519 2251 1561 2314 ita
1590 2249 1658 2313 lre-

294 2353 433 2432 quentius
455 2353 546 2436 longe
569 2370 658 2433 quam
680 2353 711 2415 in
732 2351 838 2414 Latina
859 2351 1008 2430 Ecclesia,
1030 2351 1081 2414 ubi
1112 2369 1184 2414 usus
1206 2350 1285 2414 illius
1312 2351 1407 2416 semel
1433 2357 1547 2413 tantum
1571 2349 1604 2412 lit
1626 2351 1656 2412 in

295 2469 383 2530 anno,
405 2452 493 2516 Feria
515 2452 565 2516 vl.
588 2451 708 2533 majoris
730 2449 944 2525 hebdomadae,
966 2451 1120 2534 singulare
1150 2459 1249 2514 tamen
1270 2449 1349 2514 illius
1373 2449 1507 2514 Officium
1529 2467 1547 2511 a
1568 2449 1656 2512 nobis

295 2551 352 2614 buc
374 2569 483 2632 usque,
505 2569 562 2614 nec
584 2552 614 2614 in
638 2551 793 2632 Syrorum,
816 2550 926 2613 necin
949 2549 1133 2631 Coptitarum
1163 2550 1316 2615 codicibus
1344 2557 1498 2632 repertum
1520 2556 1577 2615 est.
1620 2546 1655 2608 ln

295 2649 410 2714 Graeca
439 2651 559 2732 quidem
587 2649 794 2713 Alexandrina
822 2649 938 2729 Basilii,
966 2651 1098 2713 occurrit
1127 2650 1223 2714 oratio
1252 2668 1331 2731 quae
1364 2669 1405 2712 ex
1432 2649 1517 2712 titulo
1546 2649 1654 2712 dicitur

295 2757 439 2830 excerpta
470 2770 510 2812 co
538 2749 635 2811 dlisec
663 2749 1002 2829 Prucsoactiticotorum
1029 2749 1067 2814 D.
1098 2749 1206 2814 Marci.
1258 2749 1312 2811 llla
1339 2756 1439 2811 tamen
1473 2747 1566 2811 lllissa
1596 2764 1658 2811 non

293 2851 446 2930 reperitur
466 2849 498 2911 in
521 2847 634 2913 Codice
656 2848 754 2930 Regio
777 2847 1063 2930 Graeco-Arabico,
1085 2849 1196 2912 necin
1218 2847 1366 2930 Copticis:
1395 2846 1473 2930 apud
1503 2846 1597 2932 Syros
1626 2849 1658 2911 in

294 2954 377 3012 tanto
398 2949 600 3031 liturgiarum
623 2965 748 3012 numero
771 2947 851 3010 nulla
873 2947 987 3012 similis.

380 3047 512 3110 Tandem
536 3055 568 3110 ut
590 3046 658 3110 huic
679 3053 802 3110 nostrae
825 3046 1034 3112 Observatioui
1049 3047 1115 3112 linis
1130 3049 1311 3130 imponatur,
1333 3045 1412 3128 quod
1436 3045 1558 3110 uillrmat
1579 3045 1658 3108 idem

293 3146 401 3225 Autor,
424 3147 587 3230 Liturgiam
610 3145 792 3209 Orientalem
815 3163 885 3208 esse
907 3146 1027 3226 nullam,
1058 3165 1136 3228 quae
1157 3146 1380 3211 lnvocatiouem
1409 3145 1537 3228 Spiritus
1559 3146 1657 3208 sancti

294 3245 482 3326 subjunctam
503 3245 606 3308 verbis
628 3245 791 3307 Dominicis
812 3262 873 3309 nou
902 3245 1024 3322 babeat,
1046 3245 1125 3308 baud
1147 3246 1238 3326 plane
1259 3263 1366 3308 verum
1396 3253 1452 3308 est.
1495 3243 1570 3306 Nam
1591 3245 1657 3307 Ne-

294 3347 493 3409 storianorum
515 3345 666 3425 primaria,
688 3363 766 3426 qnae
787 3351 958 3408 sanctorum
980 3344 1196 3424 Apostolorum
1218 3343 1340 3422 dicitnr,
1369 3343 1450 3407 illam
1472 3361 1533 3407 non
1555 3343 1656 3424 habet,

293 3445 348 3508 sed
369 3444 507 3525 similem,
536 3451 605 3507 ante
636 3461 724 3525 quam
752 3461 839 3506 sacra
867 3443 961 3506 verba
991 3444 1236 3524 pronunciantur.
1289 3441 1378 3514 Quod
1406 3443 1495 3504 etiam
1520 3440 1572 3503 illa
1599 3459 1657 3522 per

294 3545 471 3608 narrationis
493 3543 611 3608 modum
635 3537 884 3628 διηγηματικῶς,
907 3549 940 3605 ut
962 3540 1183 3630 Graecidicunt
1195 3541 1444 3622 pronunciantur,
1466 3558 1528 3604 non
1541 3541 1655 3604 idcirco

295 3642 412 3722 Graeci,
441 3642 533 3706 multo
564 3644 659 3706 minus
688 3642 772 3724 Syri,
801 3649 833 3704 et
862 3641 912 3704 alii
938 3640 1108 3705 Orientales
1136 3643 1247 3704 virtute
1281 3639 1483 3713 consecrandi,
1507 3641 1656 3703 elementa

284 3743 378 3823 panis
401 3749 433 3805 et
453 3743 515 3805 viui
537 3741 587 3804 illa
609 3741 750 3824 spoliant,
772 3750 806 3804 ut
817 3741 927 3805 Autori
945 3740 1108 3823 judicatum
1132 3748 1188 3806 est.
1211 3740 1330 3822 Quippe
1352 3757 1468 3803 sacram
1490 3741 1656 3804 orationem

293 3843 357 3904 siue
380 3843 571 3922 praecipuam
593 3840 674 3903 illam
689 3840 843 3924 Litnrgiae
856 3849 982 3922 partem,
1005 3839 1045 3904 ita
1056 3839 1202 3917 dividunt,
1225 3847 1257 3902 ut
1270 3839 1365 3902 altera
1376 3839 1416 3902 sit
1428 3827 1655 3924 διψηματική,

292 3942 442 4016 nurmtic,
464 3941 597 4020 scilicet,
620 3939 822 4020 Eouapeiicu,
849 3947 882 4002 ut
911 3940 1042 4021 loquitur
1065 3940 1229 4016 Bnrsalibi;
1259 3939 1354 4004 altera
1383 3927 1569 4024 e‘vepyrsmar}
1598 3955 1655 4002 seu

293 4039 398 4102 edicas
420 4047 472 4102 aut
493 4028 664 4124 τελεστικὴ
683 4041 750 4103 sive
778 4039 1014 4120 consecratoria,
1038 4059 1126 4122 quam
1148 4041 1248 4104 dotem
1270 4046 1301 4102 et
1321 4040 1381 4102 vim
1402 4041 1487 4120 prior
1514 4054 1575 4100 non
1596 4035 1654 4098 ba-

293 4138 372 4204 beat.
418 4139 530 4204 Verum
559 4139 589 4202 id
618 4138 724 4202 volunt
746 4136 869 4218 Graeci,
900 4141 988 4202 etiam
1017 4139 1130 4204 Latinis
1158 4139 1217 4202 bac
1246 4140 1277 4202 in
1306 4139 1483 4220 quaestione
1512 4137 1655 4220 oppositi,

292 4238 499 4300 neeessariam
519 4255 589 4301 esse
610 4239 811 4302 narrationem
842 4256 881 4300 ex
907 4238 1086 4322 Evangelio,
1109 4256 1213 4303 eornm
1234 4257 1312 4320 quae
1334 4237 1471 4302 Christus
1499 4239 1530 4301 in
1552 4237 1655 4298 ultima

294 4334 394 4402 Coena
418 4335 636 4400 Eucharistiam
656 4339 815 4401 instituens
837 4335 908 4402 lecit
927 4344 958 4400 et
970 4338 1054 4416 dixit,
1076 4339 1117 4402 ite
1138 4346 1172 4402 ut
1193 4340 1259 4419 ipsa
1281 4338 1375 4401 verba
1396 4336 1433 4400 ab
1456 4355 1493 4401 eo
1515 4355 1654 4418 pronun-

294 4436 380 4515 ciata,
404 4434 554 4498 Sacerdos
577 4439 765 4517 pronunciet,
788 4455 848 4518 qua
868 4437 984 4500 ratione
1006 4437 1079 4500 lacit
1098 4439 1181 4519 quod
1199 4438 1336 4502 Christus
1359 4437 1439 4516 lecit,
1461 4437 1555 4500 verba
1577 4452 1654 4517 pro-

294 4533 360 4613 iert,
384 4553 463 4616 quae
485 4536 552 4616 ipse
574 4535 707 4616 protulit.
738 4536 792 4600 lllo
815 4554 907 4600 seusu
930 4523 1076 4622 διήγησις
1097 4540 1163 4602 sive
1185 4539 1318 4602 namatio
1341 4545 1398 4615 est,
1421 4554 1488 4600 curn
1510 4554 1560 4599 res
1583 4545 1656 4600 tunc

292 4641 389 4716 gesta,
412 4652 473 4696 non
496 4633 583 4697 aliter
605 4652 693 4716 quam
715 4637 886 4699 narratione
913 4637 1061 4718 explicari
1089 4639 1195 4719 possit.
1240 4635 1314 4701 Cum
1342 4654 1417 4700 uero
1446 4652 1462 4697 a
1490 4635 1656 4702 Sacerdote

292 4749 379 4796 sacra
402 4733 587 4814 celebrante,
610 4743 641 4798 et
662 4752 824 4815 personam
840 4734 950 4799 Cbristi
972 4738 1149 4818 sustinente,
1171 4744 1204 4800 ut
1216 4737 1327 4818 passim
1349 4736 1521 4817 loquuntur,
1543 4753 1657 4799 neces-

292 4833 373 4896 san'o
396 4831 524 4896 dicenda
546 4833 607 4896 sint
628 4833 734 4898 eadem
756 4833 860 4910 verba,
873 4834 965 4915 ,quod
993 4837 1122 4900 omnium
1144 4836 1345 4920 Liturgiarum
1373 4844 1404 4900 et
1433 4835 1658 4920 Theologorum

292 4931 469 4996 testimoniis
490 4931 679 4996 manilestum
701 4941 758 5015 est,
780 4935 894 4998 inutilia
916 4935 990 5015 ipsis
1013 4936 1111 5000 videri
1133 4955 1194 5000 non
1215 4943 1358 5017 possunt:
1386 4937 1487 5018 itaque
1508 4936 1568 4998 uim
1590 4934 1658 4998 e!-

293 5048 396 5094 cacem
417 5032 447 5094 in
470 5032 528 5094 illis
551 5041 730 5118 agnoscunt,
754 5051 832 5114 quae
853 5033 934 5096 nulla
964 5043 1027 5115 est,
1058 5037 1115 5098 nisi
1144 5035 1182 5098 ad
1211 5036 1471 5099 consecrationem
1497 5036 1656 5118 pertineat.

1374 5151 1451 5226 14*
