4814 6060
648 449 783 525 BlSllll
809 449 859 524 EX
885 435 1069 525 tinstotio
1095 447 1271 525 Aliblllllll
1298 450 1412 526 MASll.
1633 452 1717 525 ‚547

340 656 519 730 numquam
546 640 696 733 rapinam
731 637 952 727 existimavit,
978 636 1043 709 boc
1070 639 1178 733 ipsum
1206 634 1295 732 quod
1327 645 1419 708 esset
1445 636 1594 732 aequalis
1620 638 1717 711 Deo:

340 750 401 824 sed
427 749 520 824 Dens
548 755 622 848 ipse
649 761 825 838 aeternus,
852 774 953 848 super
987 762 1109 824 terram
1142 754 1237 826 visus
1274 761 1325 823 εει
1360 760 1394 822 ει
1429 775 1503 823 cum
1530 751 1716 827 hominibus

341 877 393 939 est
419 879 659 940 conversatos:
688 868 743 962 qui
770 888 844 937 cum
870 869 903 938 in
930 866 1117 940 lormaDei
1144 876 1247 953 esset,
1274 869 1414 939 inanivit
1440 887 1479 938 se
1498 869 1580 963 ipse,
1607 868 1716 942 iorma

308 987 432 1082 'servi
459 993 584 1054 sumta:
612 987 869 1076 incarnatusque
896 992 948 1055 est
975 982 1017 1054 de
1043 983 1167 1077 Spiritu
1184 991 1314 1072 sancto,
1343 992 1448 1055 etex
1476 997 1592 1057 sancta
1619 1009 1716 1058 sem-

339 1121 467 1194 perque
500 1098 642 1192 Virgine
675 1098 800 1170 illaria:
836 1097 1016 1171 conformis
1053 1099 1160 1169 extitit
1193 1097 1302 1169 humili
1339 1101 1474 1196 corpori
1509 1112 1643 1188 nostro,
1682 1114 1717 1175 ut

339 1214 530 1288 conformes
566 1215 723 1288 redderet
756 1235 820 1286 nos
851 1217 987 1306 imagini
1022 1224 1055 1288 et
1094 1214 1224 1306 gloriae
1259 1237 1351 1287 suae.
1405 1212 1493 1299 Quia
1532 1219 1618 1288 enim
1654 1239 1717 1312 per

340 1329 507 1404 bominem
543 1341 719 1428 peccatum
755 1333 941 1404 intraverat
977 1333 1010 1402 in
1045 1329 1216 1417 mundum,
1249 1338 1283 1400 et
1318 1351 1381 1426 per
1415 1341 1588 1424 peccatum
1614 1353 1715 1422 mors,

339 1445 446 1519 voluit
471 1446 669 1539 Unigenitus
702 1455 792 1532 tuns,
827 1444 883 1517 ille
916 1449 970 1540 qui
1006 1457 1057 1518 est
1082 1451 1115 1520 in
1143 1451 1216 1520 sinu
1248 1457 1303 1521 tuo
1338 1449 1484 1540 (Patris)
1517 1472 1591 1522 cum
1624 1463 1716 1524 esset

338 1560 447 1633 lactus
483 1584 529 1633 ex
560 1562 716 1650 muliere,
751 1572 784 1634 et
810 1570 902 1635 esset
929 1559 990 1634 sub
1018 1562 1115 1658 lege,
1143 1564 1302 1636 damnare
1328 1577 1500 1659 peccatum
1535 1568 1567 1636 in
1596 1590 1715 1658 carne;

340 1698 405 1772 quo
432 1699 495 1750 nos
523 1681 577 1772 qui
608 1699 670 1774 per
695 1677 861 1750 Adamum
894 1683 1013 1750 mortni
1040 1703 1189 1768 eramus,
1221 1686 1415 1755 viveremus
1447 1704 1511 1779 per
1538 1681 1714 1756 Christum.

339 1792 489 1890 Cumque
517 1803 658 1867 aetatem
685 1798 863 1886 ageratin
890 1793 1113 1884 boemundo,
1141 1800 1297 1870 instruxit
1330 1821 1394 1870 nos
1428 1803 1620 1895 praeceptis
1648 1822 1713 1872 sa-

338 1908 510 1998 lutaribus,
536 1913 746 2004 removitque
774 1907 815 1980 ab
834 1909 999 1983 idolorum
1015 1912 1114 2000 cultu,
1142 1924 1242 2010 atque
1260 1913 1397 1986 deduxit
1423 1917 1457 1986 in
1485 1918 1713 2008 cognitionem

338 2029 399 2112 tui,
435 2027 500 2098 Dei
532 2030 608 2098 veri
641 2036 675 2097 et
712 2027 838 2097 Patris:
876 2047 1142 2124 comparansque
1180 2052 1243 2102 nos
1284 2027 1348 2104 sibi
1385 2033 1419 2102 in
1455 2031 1612 2127 populum
1644 2055 1713 2128 pe-
1773 2056 1779 2067 ⁸

338 2140 508 2230 culiarem,
535 2161 676 2233 regnum
703 2163 848 2227 sacrum,
874 2153 1003 2215 coetum
1023 2145 1195 2235 selectum,
1222 2153 1323 2240 atque
1349 2146 1510 2218 mundans
1526 2170 1589 2221 nos
1607 2151 1712 2242 aquis,

338 2264 372 2328 et
397 2257 608 2334 sanctificans
635 2277 698 2329 nos
725 2277 787 2351 per
813 2256 983 2356 Spiritum,
1011 2259 1100 2332 dedit
1133 2263 1206 2357 ipse
1239 2283 1278 2334 se
1308 2265 1449 2356 pretium
1482 2261 1568 2335 illius
1596 2267 1712 2336 mortis

337 2375 370 2444 in
407 2396 470 2468 qua
505 2370 751 2461 detinebamur,
780 2395 853 2445 cnm
880 2375 1072 2446 venumdati
1099 2399 1250 2449 essemus
1278 2400 1340 2474 per
1365 2388 1551 2474 peccatum.
1604 2381 1712 2452 Porro

335 2499 511 2585 postquam
539 2489 770 2562 descendisset
796 2489 838 2561 de
865 2514 967 2562 cruce
994 2491 1037 2563 ad
1063 2489 1209 2581 inferos,
1246 2503 1281 2564 ut
1306 2493 1461 2587 expleret
1487 2498 1561 2588 ipse
1589 2496 1711 2580 omnia,

338 2588 604 2677 surrexit'tertia
633 2605 698 2694 die,
724 2605 870 2701 fecitque
902 2609 992 2679 viam
1019 2611 1199 2680 universae
1232 2611 1325 2682 carni
1352 2630 1399 2679 ex
1424 2614 1563 2682 mortuis
1590 2631 1713 2682 resur-
1827 2607 1830 2614 '

337 2721 447 2812 geudi.
501 2720 587 2807 Ornia
614 2719 709 2793 nelas
737 2732 809 2792 erat
843 2732 879 2793 nt
913 2725 941 2794 is
976 2725 1131 2817 quierat
1163 2727 1358 2820 principium
1394 2727 1487 2796 vitae
1514 2727 1713 2797 retineretur

336 2859 398 2933 per
432 2839 697 2932 corruptionem
730 2836 854 2908 factum
890 2848 941 2909 est
972 2837 1030 2909 ille
1066 2842 1120 2933 qui
1154 2849 1226 2910 erat
1264 2843 1429 2934 primitiae
1469 2840 1712 2928 dormientium,

335 2955 577 3047 primogenitus
611 2961 833 3040 mortuorum,
871 2975 936 3048 qno
971 2963 1063 3024 esset
1088 2956 1161 3047 ipse
1188 2955 1364 3049 primarius
1391 2957 1425 3025 in
1453 2953 1614 3027 omnibus.
1668 2951 1713 3025 Ut

336 3077 445 3139 nutem
482 3068 634 3140 ascendit
665 3071 699 3139 in
733 3067 864 3140 coelum
897 3068 1050 3141 consedit
1083 3069 1124 3140 ad
1153 3069 1325 3141 dexteram
1361 3071 1543 3161 majestatis
1581 3074 1613 3141 in
1642 3091 1712 3140 ex-

239 3265 245 3278 ,
337 3182 455 3256 celsis:
482 3187 510 3255 is
539 3188 594 3278 qui
622 3187 721 3257 etiarn
748 3193 909 3257 venturus
937 3197 989 3257 est
1005 3183 1159 3257 tributum
1178 3186 1355 3278 unicuique
1381 3185 1504 3256 homini
1531 3184 1712 3258 secundnm

338 3322 441 3396 opera
470 3304 552 3392 ejus.
606 3299 753 3395 Reliquit
778 3321 863 3372 vero
891 3301 986 3374 nobis
1013 3303 1207 3372 memoriam
1243 3303 1409 3394 passionis
1437 3323 1520 3375 suae
1547 3301 1712 3390 salutaris,

338 3439 378 3490 ea
407 3439 494 3511 qnae
520 3419 755 3513 proposuimus
782 3415 963 3488 secuudum
991 3419 1095 3511 ipsius
1121 3415 1319 3488 mandatum.

440 3533 488 3602 Et
520 3532 578 3602 bic
609 3531 786 3603 Sacerdos
819 3531 954 3603 extollit
979 3554 1096 3602 coeam
1125 3555 1231 3603 mam.
1285 3530 1370 3604 Cum
1396 3534 1482 3605 enim
1511 3543 1603 3604 esset
1629 3537 1710 3605 exi-

336 3659 429 3722 turus
456 3647 498 3719 ad
524 3670 660 3720 crucem
687 3671 781 3720 suam
808 3647 1050 3738 voluntariam,
1083 3668 1124 3719 ao
1157 3647 1355 3736 salutarem,
1389 3652 1422 3719 in
1451 3670 1492 3720 ca
1519 3657 1618 3720 nocte
1645 3669 1710 3742 qna

337 3765 529 3839 medebatur
555 3787 617 3859 pro
644 3767 716 3836 vita
744 3774 778 3836 et
803 3764 1032 3860 redemptione
1060 3763 1190 3854 mundi,
1217 3772 1358 3858 accepto
1390 3785 1478 3859 panc
1505 3767 1538 3835 in
1565 3771 1710 3849 sanctas,

245 3883 254 3899 ’
336 3884 625 3970 incontaminatas,
651 3903 753 3977 puras
781 3891 814 3952 et
840 3879 984 3952 illibatas
1010 3902 1128 3952 manns
1155 3901 1245 3968 snas,
1271 3881 1399 3971 gratias
1420 3883 1500 3970 egit,
1527 3877 1710 3965 benedixit,

337 3997 577 4086 sanctificavit,
603 3995 706 4089 fregit
732 4006 765 4067 et
792 3995 881 4067 dedit
907 3995 1076 4092 disciptdis
1104 3999 1190 4082 suis,
1218 4005 1252 4067 ει
1276 3993 1452 4091 Apostolis
1480 3998 1548 4068 suis
1575 3997 1711 4086 sanctis,

337 4114 470 4186 dicens:
497 4114 662 4208 Accipite,
689 4111 854 4184 comedite
881 4112 923 4184 de
950 4115 1039 4207 ipso:
1068 4111 1142 4182 lioc
1168 4121 1221 4182 est
1247 4133 1369 4206 corpus
1396 4134 1515 4198 meum,
1544 4111 1631 4205 quod
1647 4133 1710 4206 pro

336 4229 449 4319 vobis,
476 4239 511 4299 et
535 4251 597 4324 pro
626 4226 734 4299 multis
767 4226 930 4319 frangitur
962 4236 996 4299 et
1032 4225 1187 4299 dividitur
1213 4231 1246 4298 in
1281 4228 1507 4322 expiationem
1539 4225 1710 4322 culpamm

336 4347 635 4439 remissionemque
661 4354 876 4441 pcccatorum
904 4367 945 4416 ac
972 4345 1006 4414 in
1032 4345 1135 4414 vitam
1162 4346 1407 4439 sempiternam.
1726 4339 1731 4348 “

440 4460 603 4553 Populos.
655 4461 776 4533 Arnen.

440 4561 625 4637 Sacerdos.
678 4564 836 4636 Similiter
862 4571 972 4636 autem
1000 4571 1034 4634 et
1060 4561 1199 4633 calicem
1219 4562 1289 4634 vini
1315 4563 1384 4633 nati
1411 4564 1529 4649 evite,
1556 4571 1591 4632 et
1608 4572 1709 4657 post-

338 4701 435 4774 quam
463 4690 703 4768 coenaverunt,
731 4683 872 4773 accepit,
898 4681 1093 4771 miscuitque
1120 4679 1237 4771 aquis,
1264 4678 1391 4768 gratias
1419 4681 1499 4769 egit,
1526 4677 1709 4768 benedixit,

337 4795 568 4884 sanctificavit,
596 4819 636 4867 ac
663 4798 823 4887 gustavit,
851 4802 885 4866 et
911 4794 1023 4865 divisit
1049 4791 1219 4887 discipulis
1247 4793 1328 4877 soie,
1361 4800 1395 4862 et
1420 4793 1593 4888 Apostolis
1621 4816 1707 4866 san-

338 4915 410 5000 ctis,
439 4911 571 4984 dicens:
598 4912 754 5006 Accipite
779 4908 883 4982 bibite
911 4933 957 4982 ex
983 4930 1026 4981 eo
1045 4926 1260 4981 vosomncs:
1287 4907 1356 4978 lste
1378 4917 1430 4980 est
1456 4913 1593 5002 sanguis
1615 4929 1708 4981 meus

377 5051 463 5094 Tamus
479 5049 504 5092 ιι
1468 5024 1516 5100 72
