4712 6032
612 555 643 634 s.
668 554 865 634 toruum
892 555 1255 636 uvancnmsmn.
1301 529 1308 546 '
1543 555 1616 632 1oo

250 767 340 834 mne,
367 752 401 816 et
425 741 596 816 laudamus
621 753 674 832 te,
701 745 969 840 unigenitumqua
994 742 1113 816 Filium
1145 752 1252 834 tuum,
1283 752 1318 817 ct
1343 743 1500 842 Sputum
1527 752 1617 818 tuum

250 863 363 934 vivum
390 870 425 932 at
449 868 609 933 sanctium.

353 976 516 1070 Populos.
542 977 661 1048 Amen.

354 1091 539 1164 Sacerdos.
566 1092 650 1164 Pax.

352 1207 514 1302 Populos.
540 1207 585 1279 ltt
609 1231 685 1280 cum
711 1209 826 1304 spiritu
852 1217 919 1282 tuo.

354 1323 539 1396 Sacerdos.
566 1323 618 1396 'l'e
634 1321 765 1398 Christe
779 1324 871 1398 Deus
888 1333 1023 1414 noster,
1050 1324 1238 1413 adoramus,
1265 1322 1436 1397 laudamus
1454 1335 1489 1396 et
1504 1322 1617 1418 glori-

251 1439 396 1530 ficamus,
424 1442 643 1538 deprecantes
657 1438 839 1513 bonitatem
854 1451 888 1512 et
912 1441 1174 1514 misericordiam
1200 1450 1307 1531 mam,
1333 1463 1395 1536 pro
1422 1438 1618 1514 liberatione

250 1567 285 1630 et
310 1557 418 1632 salute
444 1559 543 1631 totius
568 1556 698 1630 mundi:
724 1578 787 1652 pro
813 1556 963 1629 custodia
995 1561 1200 1647 viventium,
1233 1565 1267 1630 et
1299 1559 1410 1652 quiete
1437 1554 1618 1630 domnoto-

250 1698 322 1747 mm
353 1674 513 1747 bdelium:
549 1696 612 1770 pro
654 1675 825 1745 saturitate
862 1676 1094 1764 esurientium,
1126 1685 1160 1745 et
1193 1673 1348 1746 alimento
1381 1674 1617 1746 necessitatem

249 1793 456 1888 patientium:
482 1813 545 1887 pro
571 1791 760 1862 visitatione
785 1787 1001 1877 ἰιιίίτιηοῑιιιη,
1036 1799 1070 1862 et
1095 1787 1326 1862 consolatione
1358 1791 1501 1861 omnium
1529 1787 1617 1860 alili-

251 1918 389 1981 ctorum.
441 1906 493 1980 'l'u
519 1909 620 2000 igitur
645 1927 706 2002 par
732 1909 871 1999 gratiam
899 1915 988 1977 tuam
1013 1908 1130 1994 visita,
1157 1916 1191 1976 ot
1216 1904 1351 1976 vivifica
1382 1927 1445 2001 per
1469 1907 1617 1978 misera-

250 2026 360 2096 tiones
387 2033 461 2096 tuas
488 2021 623 2095 murias:
651 2031 685 2093 et
710 2018 851 2093 benedic
870 2018 1025 2117 populum
1039 2031 1145 2093 tuum:
1172 2019 1367 2116 custodique
1381 2019 1616 2093 haereditatem

250 2148 340 2212 tuam
367 2162 429 2237 per
455 2161 586 2210 crucem
612 2147 702 2209 tuam
727 2140 916 2209 victricem:
944 2139 1020 2230 quia
1048 2135 1106 2209 tibi
1132 2135 1272 2209 debetur
1288 2135 1451 2225 adoratio,
1478 2146 1513 2209 et
1525 2138 1617 2211 Patri

251 2266 327 2346 tuo,
354 2265 389 2328 et
413 2255 549 2352 Spiritui
575 2257 678 2342 vivo,
705 2275 792 2324 nunc
818 2261 853 2324 et
877 2273 1020 2349 semper.

686 2568 1184 2615 ψ

454 2963 504 3055 IN
533 2957 729 3056 tonnus
760 2959 1117 3054 nvntonnsrln
1149 2961 1409 3058 LITURGlhbl

849 3167 1022 3252 notin.

351 3407 500 3486 Pannrsn
523 3419 610 3480 istam
639 3416 803 3500 liturgiam
832 3415 912 3479 nulla
939 3415 998 3480 boc
1028 3417 1114 3480 titulo
1143 3417 1222 3499 apud
1250 3418 1420 3486 Orientales
1450 3429 1533 3486 extat
1562 3441 1621 3489 una

256 3532 387 3607 excepta
409 3521 599 3603 Aethiopica,
622 3538 700 3601 quae
723 3539 790 3584 cum
813 3521 869 3583 ista
891 3537 1047 3584 commune
1069 3519 1140 3584 nibil
1162 3521 1262 3599 babet,
1286 3541 1353 3586 oum
1374 3524 1621 3591 Ritumblexan-

254 3627 370 3692 drinum
392 3628 551 3702 sequatur:
574 3621 631 3684 ista
654 3619 821 3702 Syriacum.
866 3617 939 3682 Cum
969 3638 1045 3683 vero
1073 3620 1177 3701 pluras
1207 3621 1389 3686 Antiocbeui
1417 3623 1620 3690 Jacobitarum

254 3723 446 3788 Patriarchao
466 3721 592 3785 loannis
613 3738 724 3782 nornen
746 3719 918 3798 habuerint,
946 3719 1035 3783 facile
1058 3719 1112 3782 nit
1134 3729 1166 3782 ut
1188 3720 1401 3805 Evangelistue
1425 3723 1527 3790 titulus
1549 3727 1619 3790 hnic

253 3822 408 3906 liturgiae
430 3820 583 3883 amandae
605 3818 808 3898 adhiberetur,
832 3838 920 3900 quem
942 3817 1075 3900 praelert
1102 3821 1132 3882 in
1159 3820 1314 3901 permultis
1343 3823 1513 3902 codicibus,
1542 3841 1620 3904 quos

253 3921 379 3985 Romani
402 3920 536 3983 editores
558 3920 654 3982 secuti
684 3925 765 3983 sunt.
811 3919 871 3983 Sed
899 3918 958 3981 boc
985 3937 1090 4000 parum
1122 3919 1232 3998 refert,
1263 3938 1331 3983 cum
1360 3923 1397 3984 ab
1424 3923 1620 4006 Evangelista

253 4024 396 4103 scriptam
417 4019 497 4082 illam
519 4036 580 4081 non
603 4017 707 4097 luisse,
730 4019 928 4082 certissimum
950 4018 999 4080 sit.
1032 4018 1139 4082 Notam
1160 4036 1236 4082 vero
1259 4019 1370 4083 dudum
1393 4022 1473 4084 inter
1493 4020 1620 4086 iacobi-

253 4128 299 4184 tas
322 4118 427 4198 iuuisse,
451 4127 574 4200 praeter
596 4119 716 4201 antiqua
735 4119 930 4200 exemplaria,
952 4118 1082 4200 probant
1096 4127 1260 4199 excerptae
1273 4138 1313 4181 ex
1335 4118 1441 4183 eadem
1464 4122 1619 4185 orationes

254 4220 366 4302 aliquot
387 4221 417 4283 in
439 4218 574 4301 biturgia
603 4237 680 4300 qnae
711 4218 819 4282 dicitur
840 4219 1004 4282 Doctorum
1026 4226 1216 4296 sanctorum,
1238 4237 1256 4280 a
1277 4218 1394 4282 Joanne
1424 4220 1536 4302 Magno
1558 4222 1619 4283 Pa-

254 4318 385 4382 triarcba
406 4318 597 4382 Antiocheno
621 4337 661 4381 err
683 4316 811 4382 diversis
841 4319 906 4382 aliis
929 4317 1065 4381 collecta.
1110 4317 1292 4399 interpolata
1321 4337 1383 4382 non
1411 4321 1509 4383 minus
1532 4338 1620 4401 quam

254 4418 389 4500 retiquae
413 4416 477 4497 luit,
501 4419 530 4480 in
552 4415 686 4480 Romana
709 4418 850 4498 editione,
873 4418 991 4483 duobus
1017 4417 1111 4494 locis,
1141 4436 1250 4499 nempe
1279 4418 1309 4480 in
1336 4415 1432 4482 forma
1459 4417 1620 4482 verborum

255 4517 377 4596 Christi,
398 4525 430 4580 et
452 4518 482 4580 in
503 4517 698 4580 invocatione
720 4518 848 4600 Spiritus
871 4517 980 4580 sancti:
1010 4535 1114 4579 veram
1136 4516 1296 4581 lectionem
1319 4518 1348 4580 in
1370 4519 1620 4601 interpretatione

252 4617 437 4680 restituimus
460 4636 500 4679 ex
516 4615 683 4680 .codicibus
704 4616 776 4682 blss.
805 4618 933 4698 antiquis
962 4615 1168 4700 Seguierianis
1191 4625 1222 4681 et
1244 4615 1437 4697 colbertinis,
1460 4617 1619 4682 recentio-

253 4715 336 4779 ribus
359 4734 479 4799 quoque
502 4715 663 4796 nonnullis,
686 4724 717 4780 et
738 4725 844 4782 nostro
865 4718 917 4799 qui
938 4718 1065 4780 vetustis
1087 4716 1189 4780 similis
1211 4723 1268 4780 est.
