4782 6068
690 549 746 626 DE
778 548 1170 632 NESTOthNORUhl
1202 552 1445 631 LllUllGllS.
1680 554 1751 628 571

390 734 563 828 adjiciatur
589 743 817 810 trurarmutcns
850 737 1055 834 suspiritu
1088 745 1208 811 saccio
1235 745 1319 818 ,tuor
1352 762 1439 834 quae
1474 761 1541 812 non
1577 750 1692 814 extant
1723 745 1757 814 in

390 848 516 924 duabus
543 852 636 928 eliis:
668 877 778 950 neque
803 858 837 926 in
863 855 1032 951 plerisque
1059 853 1229 952 Syriacis,
1261 865 1317 928 aut
1343 854 1490 950 Copticis
1517 854 1757 941 Jacobitarum,

390 977 446 1039 aut
470 967 720 1060 lllclchitamm3
751 993 862 1065 neque
886 973 920 1044 in
947 969 1108 1058 Graecis,
1143 981 1379 1066 praeterquam
1405 973 1438 1043 in
1462 971 1616 1064 Liturgia
1638 969 1756 1068 Chry-

389 1086 538 1158 sostomi.
589 1085 684 1160 llaec
711 1090 808 1158 etiam
835 1097 914 1160 nota
940 1109 1009 1160 non
1036 1085 1132 1160 dubia
1161 1089 1361 1182 antiquitatis
1388 1097 1454 1160 cst:
1480 1108 1556 1159 nam
1578 1083 1756 1159 Nestorius

389 1199 504 1272 sedem
537 1196 936 1298 Constantinopolitanam
978 1206 1095 1291 mnndi,
1131 1201 1188 1276 ubi
1220 1201 1304 1276 baec
1338 1202 1489 1296 Liturgia
1523 1202 1755 1298 usurpabatur.

388 1313 444 1388 Ex
469 1315 526 1390 illa
552 1320 653 1411 igitur
678 1318 859 1416 uerisimile
886 1329 948 1410 est,
975 1320 1134 1394 translata
1160 1318 1265 1394 luisse
1290 1318 1346 1392 illa
1371 1319 1492 1408 verba,
1519 1341 1606 1414 quae
1627 1321 1660 1389 in
1683 1316 1756 1390 abis
1843 1315 1852 1322 “

388 1454 455 1505 nou
481 1432 654 1526 leguntnr3
681 1435 780 1530 idque
805 1433 930 1509 iactum
957 1439 1064 1508 statim
1091 1460 1112 1508 a
1137 1438 1252 1530 primis
1278 1434 1428 1510 Nestorii
1462 1431 1649 1529 discipulis,
1681 1453 1756 1504 cum

388 1551 484 1620 ritum
517 1572 614 1645 quem
649 1549 936 1647 Constantinopoli
969 1551 1170 1641 didicerant,
1205 1558 1476 1634 conservassent
1532 1551 1645 1644 Atque
1679 1549 1757 1621 inde

388 1663 542 1740 fortassis
568 1665 728 1741 Nestorio
756 1667 910 1742 attributa
938 1679 991 1741 est
1007 1668 1124 1740 eadem
1141 1667 1306 1760 Liturgia,
1331 1667 1420 1763 quod
1446 1666 1490 1741 ab
1518 1687 1559 1738 co
1587 1674 1643 1736 aut
1668 1685 1756 1760 pro-

387 1784 487 1856 ximis
514 1786 588 1876 ejus
615 1781 783 1880 discipulis
810 1783 926 1856 tradita
952 1781 1078 1858 luisset.
1132 1781 1224 1856 Sane
1249 1781 1333 1855 baec
1359 1793 1457 1872 nota,
1491 1803 1636 1874 magnac
1664 1782 1756 1853 anti-

388 1901 537 1992 quitatis,
573 1909 608 1972 et
640 1902 778 1992 originis
814 1898 855 1972 ab
889 1898 1045 1974 Ecclesia
1076 1898 1440 1995 Constantinopolitano
1475 1897 1654 1984 deductae,
1689 1916 1757 1967 non

386 2014 661 2088 contemnendam
688 2018 896 2088 autoritatem
931 2015 1047 2088 babet:
1083 2017 1182 2088 etiam
1218 2017 1247 2087 si
1282 2013 1439 2089 Nestorio
1474 2013 1558 2086 hacc
1592 2014 1700 2086 oratio
1736 2035 1759 2084 a

387 2132 456 2204 suis
483 2131 704 2205 sectatoribus
732 2132 910 2206 tribuatur:
939 2155 1013 2204 cum
1039 2135 1073 2204 in
1098 2131 1154 2204 itta
1180 2153 1290 2227 neque
1310 2131 1470 2220 Nestorii,
1496 2152 1606 2226 neque
1623 2128 1760 2202 Nesto-r

385 2247 552 2320 rianornm
579 2247 703 2336 verba,
738 2248 798 2322 sed
827 2247 1077 2345 chrysostomi,
1105 2259 1138 2320 et
1163 2246 1340 2322 Ecclesiae
1366 2244 1756 2342 Constantinopolitanae

374 2373 619 2460 agnoscantur.
673 2364 822 2438 'landem
857 2368 1007 2460 quamvis
1040 2366 1226 2438 novitatem
1259 2363 1402 2459 aliquam
1435 2385 1518 2460 prae
1552 2383 1590 2434 se
1615 2360 1760 2450 ferrent,

385 2489 418 2552 ct
444 2479 486 2554 ab
513 2480 577 2552 illis
603 2479 781 2555 haereticis
807 2481 993 2554 introducta
1019 2480 1075 2553 iha
1102 2480 1242 2554 fuissent
1273 2477 1351 2552 nihd
1382 2480 1460 2552 inde
1496 2481 1660 2574 sequitur,
1691 2478 1754 2548 nisi

385 2596 473 2691 qaod
499 2607 548 2670 tot
574 2595 647 2670 aliis
675 2601 877 2690 argumentis
904 2597 1067 2673 adversus
1094 2595 1322 2670 Protestantes
1349 2595 1537 2684 conficitur,
1570 2591 1754 2665 doctrinam

384 2711 536 2786 devera
563 2724 597 2786 et
623 2712 828 2787 substantiali
855 2712 1093 2786 elementorum
1119 2715 1153 2785 in
1178 2733 1302 2807 corpus
1338 2723 1372 2786 ct
1406 2711 1603 2803 sanguinem
1630 2707 1754 2781 Christi

385 2833 676 2918 transmutatione,
703 2850 771 2900 non
798 2827 885 2923 apud
910 2850 974 2901 nos
1000 2839 1111 2900 natam
1143 2826 1265 2915 luisse,
1301 2835 1336 2900 et
1369 2832 1590 2925 propagatam
1624 2823 1752 2898 decimo

385 2944 514 3018 demum
541 2943 695 3031 sacculo,
723 2944 784 3018 sed
811 2946 997 3040 quingentis
1024 2946 1156 3016 circiter
1183 2945 1277 3016 annis
1304 2946 1420 3040 prius,
1446 2963 1513 3016 non
1540 2941 1640 3014 modo
1667 2938 1754 3013 inter

385 3059 621 3150 Orthodoxos,
648 3060 832 3134 sedetiam
860 3061 945 3131 inter
971 3059 1158 3134 haereticos
1184 3061 1229 3130 ita
1256 3054 1425 3151 viguisse,
1456 3065 1493 3129 nt
1517 3078 1592 3128 cnm
1618 3058 1651 3127 in
1678 3055 1752 3130 aliis
1785 3123 1788 3142 ,

383 3176 459 3249 bdei
484 3176 649 3272 capitibus
676 3187 836 3264 errarent
864 3175 950 3248 istud
977 3179 1243 3250 constantissime
1269 3185 1366 3248 extra
1383 3173 1571 3248 Ecclesiam
1597 3175 1752 3246 retinue-

383 3296 465 3381 rint,
500 3291 588 3388 quod
614 3297 648 3364 in
674 3315 715 3365 ea
743 3292 934 3365 didicerant.
986 3291 1024 3364 Id
1051 3294 1149 3364 etiam
1176 3292 1313 3385 maj0ris
1338 3291 1496 3364 momenti
1527 3300 1579 3362 est
1610 3294 1644 3363 in
1675 3289 1753 3363 Ne-

384 3411 561 3500 storianis,
589 3411 665 3504 quia
690 3419 842 3482 veterum
868 3407 1031 3497 nonnulli,
1059 3407 1148 3503 quod
1170 3406 1213 3480 dc
1232 3406 1441 3480 Eucharistia
1464 3411 1571 3482 miuus
1592 3407 1753 3502 rehgiose

383 3528 543 3598 sentirent
564 3549 625 3600 eos
646 3535 900 3617 accusaverunt,
927 3527 1021 3617 cnjus
1042 3534 1155 3598 tanen
1175 3523 1261 3599 labis
1280 3526 1460 3616 vestigium
1480 3547 1524 3598 ne
1545 3524 1751 3598 levissimum

384 3641 514 3736 quidem
542 3653 699 3738 apparet:
734 3645 801 3715 imo
836 3663 904 3714 non
937 3641 1036 3714 modo
1064 3644 1276 3714 mutationem
1303 3640 1541 3715 elementorum
1567 3645 1601 3713 in
1628 3663 1751 3738 corpus

384 3767 417 3828 ct
443 3762 640 3851 sauguinem
662 3758 783 3833 Christi
810 3760 987 3854 perspicue
1004 3757 1103 3830 docet
1119 3757 1212 3830 Elias
1236 3754 1440 3847 Catholicus,
1467 3750 1635 3830 ordinatus
1663 3779 1750 3830 anno

382 3871 413 3943 J.
440 3873 478 3947 C.
504 3873 716 3950 thLXXV:
743 3875 906 3948 sedeam
933 3896 1010 3948 esse
1036 3873 1247 3946 substantioe
1274 3877 1311 3946 io
1336 3872 1570 3962 substantium,
1600 3884 1635 3947 ut
1660 3884 1752 3970 patet

383 4011 431 4060 err
455 3991 535 4081 ejus·
556 3992 760 4082 testimonio,
788 3991 876 4086 quod
903 3988 981 4063 alibi
1006 3992 1147 4065 relatum
1174 4000 1235 4063 est

484 4107 575 4180 XIX·
601 4109 639 4182 ln
665 4106 783 4181 codice
809 4106 904 4180 Eliae
931 4107 1124 4182 Sacerdotis
1150 4108 1323 4200 Liturgiae
1350 4106 1496 4180 Nestorii
1536 4106 1749 4198 subjungun—
1820 4123 2016 4177 senectutem·
2046 4127 2072 4176 ru

382 4230 433 4292 tur
460 4220 619 4297 diversae
644 4222 721 4296 illae
746 4223 1016 4316 benedictiones,
1049 4223 1167 4320 quibus
1199 4223 1342 4322 populus
1368 4235 1446 4320 post
1471 4222 1639 4296 celebrata
1668 4209 1969 4320 m3„nne*nrrurgite.

381 4340 483 4412 steria
510 4338 595 4412 solet
621 4340 755 4435 dimitti;
789 4351 821 4413 et
852 4341 982 4414 illarum
1007 4343 1205 4438 praecipuas
1238 4351 1470 4438 repraesentat
1503 4339 1608 4412 Missa
1634 4339 1756 4413 hiala-v

381 4452 505 4544 barioa,
534 4479 632 4551 qnae,
658 4467 693 4529 ut
719 4456 874 4546 diximus,
900 4459 1014 4530 versio
1042 4470 1094 4532 est
1119 4461 1247 4553 primae
1274 4480 1373 4553 quam
1394 4468 1519 4530 vocant
1543 4456 1750 4530 Sanctorum

273 4614 275 4624 ,
380 4571 631 4665 Apostolorum.
684 4572 733 4646 lta
758 4577 792 4646 in
819 4574 1004 4669 exemplari
1030 4573 1119 4668 qnod
1138 4572 1192 4644 hic
1208 4573 1361 4647 Lutetiae
1389 4597 1449 4648 sua
1469 4595 1567 4647 maun
1594 4578 1748 4670 scripse-

380 4697 434 4758 rat
465 4687 634 4764 Sacerdos
671 4686 858 4763 Chaldaeus
891 4687 1105 4778 Abdelehad,
1145 4693 1221 4762 sive
1257 4689 1471 4781 Dominicus,
1518 4712 1633 4763 omnes
1675 4690 1748 4763 illas

380 4799 630 4878 benedictiones
657 4805 827 4899 adjecerat
851 4809 979 4901 primae
1004 4804 1051 4878 illi
1075 4805 1259 4899 Litorgiae.
1312 4807 1350 4880 ln
1376 4807 1492 4880 codice
1512 4805 1649 4903 Josepbi
1674 4809 1748 4880 Pa-

380 4918 545 4992 triarchac
571 4921 720 4994 similiter
747 4925 952 4996 omittuntur:
987 4931 1087 5018 atque
1118 4921 1196 4996 inde
1221 4921 1295 4996 illas
1322 4923 1364 4995 ad
1389 4923 1573 5016 Liturgiam
1600 4921 1747 4996 Nestorii

380 5055 448 5108 non
474 5038 643 5132 pertinere
670 5035 877 5114 manifestum
903 5049 966 5112 est
1035 5089 1040 5094 -

432 5171 555 5216 rommn
1489 5157 1538 5231 75
