<?xml version="1.0" encoding="UTF-8"?>
<!DOCTYPE html PUBLIC "-//W3C//DTD XHTML 1.0 Transitional//EN"
    "http://www.w3.org/TR/xhtml1/DTD/xhtml1-transitional.dtd">
<html xmlns="http://www.w3.org/1999/xhtml" xml:lang="en" lang="en">
 <head>
  <title>
</title>
<meta http-equiv="Content-Type" content="text/html;charset=utf-8" />
  <meta name='ocr-system' content='tesseract 3.04.00' />
  <meta name='ocr-capabilities' content='ocr_page ocr_carea ocr_par ocr_line ocrx_word'/>
</head>
<body>
  <div class='ocr_page' id='page_1' title='image "./liturgiarumorie04renagoog_0149.png"; bbox 0 0 4728 6028; ppageno 0'>
   <div class='ocr_carea' id='block_1_1' title="bbox 437 3809 607 3864">
    <p class='ocr_par' dir='ltr' id='par_1_1' title="bbox 437 3809 607 3864">
     <span class='ocr_line' id='line_1_1' title="bbox 437 3809 607 3864; baseline 0.024 -4"><span class='ocrx_word' id='word_1_1' title='bbox 437 3809 467 3864; x_wconf 87' lang='lat' dir='ltr'>P.</span> <span class='ocrx_word' id='word_1_2' title='bbox 485 3810 529 3864; x_wconf 83' lang='lat'>39.</span> <span class='ocrx_word' id='word_1_3' title='bbox 547 3813 563 3864; x_wconf 88' lang='lat' dir='ltr'>l.</span> <span class='ocrx_word' id='word_1_4' title='bbox 581 3813 607 3864; x_wconf 82' lang='lat'>9.</span> 
     </span>
    </p>
   </div>
   <div class='ocr_carea' id='block_1_2' title="bbox 733 564 1722 645">
    <p class='ocr_par' dir='ltr' id='par_1_2' title="bbox 733 564 1722 645">
     <span class='ocr_line' id='line_1_2' title="bbox 733 564 1722 645; baseline 0.006 -6"><span class='ocrx_word' id='word_1_5' title='bbox 733 564 807 640; x_wconf 88' lang='lat'>112</span> <span class='ocrx_word' id='word_1_6' title='bbox 1108 564 1722 645; x_wconf 84' lang='lat' dir='ltr'>OBSERVATIONES</span> 
     </span>
    </p>
   </div>
   <div class='ocr_carea' id='block_1_3' title="bbox 728 748 2097 1529">
    <p class='ocr_par' dir='ltr' id='par_1_3' title="bbox 729 748 2097 1229">
     <span class='ocr_line' id='line_1_3' title="bbox 816 748 2096 837; baseline 0.005 -26"><span class='ocrx_word' id='word_1_7' title='bbox 816 748 935 832; x_wconf 78' lang='lat' dir='ltr'><strong>Accipit</strong></span> <span class='ocrx_word' id='word_1_8' title='bbox 957 748 1132 831; x_wconf 81' lang='lat' dir='ltr'>particulam</span> <span class='ocrx_word' id='word_1_9' title='bbox 1156 769 1196 813; x_wconf 86' lang='lat' dir='ltr'>ex</span> <span class='ocrx_word' id='word_1_10' title='bbox 1218 767 1349 832; x_wconf 89' lang='lat' dir='ltr'>corpore</span> <span class='ocrx_word' id='word_1_11' title='bbox 1371 758 1403 812; x_wconf 92' lang='lat' dir='ltr'>et</span> <span class='ocrx_word' id='word_1_12' title='bbox 1424 749 1511 813; x_wconf 89' lang='lat' dir='ltr'>mittit</span> <span class='ocrx_word' id='word_1_13' title='bbox 1532 749 1613 812; x_wconf 90' lang='lat' dir='ltr'>illam</span> <span class='ocrx_word' id='word_1_14' title='bbox 1635 751 1666 812; x_wconf 92' lang='lat' dir='ltr'>iu</span> <span class='ocrx_word' id='word_1_15' title='bbox 1687 749 1827 829; x_wconf 81' lang='lat' dir='ltr'>calicem,</span> <span class='ocrx_word' id='word_1_16' title='bbox 1857 758 1890 813; x_wconf 93' lang='lat' dir='ltr'>ut</span> <span class='ocrx_word' id='word_1_17' title='bbox 1911 751 2096 837; x_wconf 76' lang='lat' dir='ltr'>intelligatur</span> 
     </span>
     <span class='ocr_line' id='line_1_4' title="bbox 729 848 2097 934; baseline 0.005 -23"><span class='ocrx_word' id='word_1_18' title='bbox 729 849 808 911; x_wconf 92' lang='lat' dir='ltr'>bunc</span> <span class='ocrx_word' id='word_1_19' title='bbox 830 868 901 913; x_wconf 89' lang='lat' dir='ltr'>esse</span> <span class='ocrx_word' id='word_1_20' title='bbox 922 851 1100 933; x_wconf 90' lang='lat' dir='ltr'>sanguinem</span> <span class='ocrx_word' id='word_1_21' title='bbox 1125 849 1214 930; x_wconf 89' lang='lat' dir='ltr'>hujus</span> <span class='ocrx_word' id='word_1_22' title='bbox 1242 849 1400 931; x_wconf 90' lang='lat' dir='ltr'>corporis,</span> <span class='ocrx_word' id='word_1_23' title='bbox 1430 856 1461 912; x_wconf 90' lang='lat' dir='ltr'>et</span> <span class='ocrx_word' id='word_1_24' title='bbox 1487 848 1547 911; x_wconf 86' lang='lat' dir='ltr'>lroc</span> <span class='ocrx_word' id='word_1_25' title='bbox 1577 865 1688 930; x_wconf 91' lang='lat' dir='ltr'>corpas</span> <span class='ocrx_word' id='word_1_26' title='bbox 1716 849 1804 931; x_wconf 90' lang='lat' dir='ltr'>hujus</span> <span class='ocrx_word' id='word_1_27' title='bbox 1832 851 2006 934; x_wconf 90' lang='lat' dir='ltr'>sanguinis,</span> <span class='ocrx_word' id='word_1_28' title='bbox 2033 872 2097 918; x_wconf 92' lang='lat' dir='ltr'>non</span> 
     </span>
     <span class='ocr_line' id='line_1_5' title="bbox 729 947 2096 1033; baseline 0.004 -23"><span class='ocrx_word' id='word_1_29' title='bbox 729 949 864 1026; x_wconf 88' lang='lat' dir='ltr'>alterius,</span> <span class='ocrx_word' id='word_1_30' title='bbox 887 947 942 1012; x_wconf 93' lang='lat' dir='ltr'>sed</span> <span class='ocrx_word' id='word_1_31' title='bbox 965 955 1121 1030; x_wconf 89' lang='lat' dir='ltr'>utrumque</span> <span class='ocrx_word' id='word_1_32' title='bbox 1138 947 1217 1010; x_wconf 92' lang='lat' dir='ltr'>idem</span> <span class='ocrx_word' id='word_1_33' title='bbox 1238 947 1319 1030; x_wconf 88' lang='lat' dir='ltr'>quod</span> <span class='ocrx_word' id='word_1_34' title='bbox 1340 949 1371 1010; x_wconf 89' lang='lat' dir='ltr'>in</span> <span class='ocrx_word' id='word_1_35' title='bbox 1394 966 1485 1011; x_wconf 89' lang='lat' dir='ltr'>cruce</span> <span class='ocrx_word' id='word_1_36' title='bbox 1506 948 1687 1011; x_wconf 90' lang='lat' dir='ltr'>immolatum</span> <span class='ocrx_word' id='word_1_37' title='bbox 1709 955 1771 1012; x_wconf 91' lang='lat' dir='ltr'>est:</span> <span class='ocrx_word' id='word_1_38' title='bbox 1794 948 1980 1032; x_wconf 85' lang='lat' dir='ltr'>significatur</span> <span class='ocrx_word' id='word_1_39' title='bbox 1997 954 2096 1033; x_wconf 90' lang='lat' dir='ltr'>etiam,</span> 
     </span>
     <span class='ocr_line' id='line_1_6' title="bbox 730 1045 2097 1132; baseline 0.006 -24"><span class='ocrx_word' id='word_1_40' title='bbox 730 1045 811 1126; x_wconf 84' lang='lat' dir='ltr'>quod</span> <span class='ocrx_word' id='word_1_41' title='bbox 832 1046 903 1110; x_wconf 90' lang='lat' dir='ltr'>licet</span> <span class='ocrx_word' id='word_1_42' title='bbox 923 1047 954 1110; x_wconf 92' lang='lat' dir='ltr'>in</span> <span class='ocrx_word' id='word_1_43' title='bbox 976 1049 1059 1111; x_wconf 87' lang='lat' dir='ltr'>vasis</span> <span class='ocrx_word' id='word_1_44' title='bbox 1081 1046 1197 1109; x_wconf 91' lang='lat' dir='ltr'>duobus</span> <span class='ocrx_word' id='word_1_45' title='bbox 1220 1047 1319 1129; x_wconf 90' lang='lat' dir='ltr'>posita</span> <span class='ocrx_word' id='word_1_46' title='bbox 1340 1049 1399 1112; x_wconf 93' lang='lat' dir='ltr'>sint</span> <span class='ocrx_word' id='word_1_47' title='bbox 1421 1065 1531 1129; x_wconf 89' lang='lat' dir='ltr'>corpus</span> <span class='ocrx_word' id='word_1_48' title='bbox 1554 1056 1585 1111; x_wconf 93' lang='lat' dir='ltr'>et</span> <span class='ocrx_word' id='word_1_49' title='bbox 1606 1049 1749 1132; x_wconf 87' lang='lat' dir='ltr'>sanguis,</span> <span class='ocrx_word' id='word_1_50' title='bbox 1777 1056 1877 1112; x_wconf 71' lang='lat' dir='ltr'>amen</span> <span class='ocrx_word' id='word_1_51' title='bbox 1905 1067 1994 1113; x_wconf 90' lang='lat' dir='ltr'>unum</span> <span class='ocrx_word' id='word_1_52' title='bbox 2018 1069 2097 1116; x_wconf 90' lang='lat' dir='ltr'>cor-</span> 
     </span>
     <span class='ocr_line' id='line_1_7' title="bbox 729 1145 1282 1229; baseline -0.002 -20"><span class='ocrx_word' id='word_1_53' title='bbox 729 1165 786 1229; x_wconf 91' lang='lat' dir='ltr'>pus</span> <span class='ocrx_word' id='word_1_54' title='bbox 810 1145 989 1209; x_wconf 92' lang='lat' dir='ltr'>dominicum</span> <span class='ocrx_word' id='word_1_55' title='bbox 1012 1155 1075 1226; x_wconf 89' lang='lat' dir='ltr'>est,</span> <span class='ocrx_word' id='word_1_56' title='bbox 1099 1147 1193 1210; x_wconf 87' lang='lat' dir='ltr'>Verbi</span> <span class='ocrx_word' id='word_1_57' title='bbox 1214 1147 1282 1210; x_wconf 87' lang='lat' dir='ltr'>Dei.</span> 
     </span>
    </p>

    <p class='ocr_par' dir='ltr' id='par_1_4' title="bbox 728 1244 2097 1529">
     <span class='ocr_line' id='line_1_8' title="bbox 815 1244 2096 1329; baseline 0.005 -24"><span class='ocrx_word' id='word_1_58' title='bbox 815 1245 922 1308; x_wconf 89' lang='lat' dir='ltr'>Postea</span> <span class='ocrx_word' id='word_1_59' title='bbox 946 1264 1057 1327; x_wconf 92' lang='lat' dir='ltr'>corpus</span> <span class='ocrx_word' id='word_1_60' title='bbox 1079 1247 1110 1307; x_wconf 90' lang='lat' dir='ltr'>in</span> <span class='ocrx_word' id='word_1_61' title='bbox 1131 1245 1235 1326; x_wconf 91' lang='lat' dir='ltr'>plures</span> <span class='ocrx_word' id='word_1_62' title='bbox 1258 1244 1421 1328; x_wconf 87' lang='lat' dir='ltr'>particulas</span> <span class='ocrx_word' id='word_1_63' title='bbox 1444 1244 1562 1325; x_wconf 89' lang='lat' dir='ltr'>dividit,</span> <span class='ocrx_word' id='word_1_64' title='bbox 1586 1247 1655 1329; x_wconf 84' lang='lat' dir='ltr'>quia</span> <span class='ocrx_word' id='word_1_65' title='bbox 1683 1247 1725 1309; x_wconf 90' lang='lat' dir='ltr'>ita</span> <span class='ocrx_word' id='word_1_66' title='bbox 1755 1244 1827 1308; x_wconf 90' lang='lat' dir='ltr'>iecit</span> <span class='ocrx_word' id='word_1_67' title='bbox 1854 1247 1999 1310; x_wconf 85' lang='lat' dir='ltr'>Dominus</span> <span class='ocrx_word' id='word_1_68' title='bbox 2028 1267 2096 1312; x_wconf 93' lang='lat' dir='ltr'>cum</span> 
     </span>
     <span class='ocr_line' id='line_1_9' title="bbox 729 1343 2097 1429; baseline 0.004 -24"><span class='ocrx_word' id='word_1_69' title='bbox 729 1361 841 1426; x_wconf 93' lang='lat' dir='ltr'>corpus</span> <span class='ocrx_word' id='word_1_70' title='bbox 864 1363 950 1406; x_wconf 88' lang='lat' dir='ltr'>suurn</span> <span class='ocrx_word' id='word_1_71' title='bbox 972 1343 1063 1429; x_wconf 88' lang='lat' dir='ltr'>lregit</span> <span class='ocrx_word' id='word_1_72' title='bbox 1086 1352 1117 1407; x_wconf 88' lang='lat' dir='ltr'>ct</span> <span class='ocrx_word' id='word_1_73' title='bbox 1139 1344 1240 1408; x_wconf 86' lang='lat' dir='ltr'>divisit</span> <span class='ocrx_word' id='word_1_74' title='bbox 1262 1345 1292 1406; x_wconf 93' lang='lat' dir='ltr'>in</span> <span class='ocrx_word' id='word_1_75' title='bbox 1315 1345 1497 1408; x_wconf 88' lang='lat' dir='ltr'>coenaculo:</span> <span class='ocrx_word' id='word_1_76' title='bbox 1524 1346 1672 1427; x_wconf 91' lang='lat' dir='ltr'>particula</span> <span class='ocrx_word' id='word_1_77' title='bbox 1701 1363 1823 1426; x_wconf 89' lang='lat' dir='ltr'>quoque</span> <span class='ocrx_word' id='word_1_78' title='bbox 1844 1346 1911 1408; x_wconf 91' lang='lat' dir='ltr'>sive</span> <span class='ocrx_word' id='word_1_79' title='bbox 1932 1346 2097 1429; x_wconf 83' lang='lat' dir='ltr'>Margarita</span> 
     </span>
     <span class='ocr_line' id='line_1_10' title="bbox 728 1443 2096 1529; baseline 0.004 -25"><span class='ocrx_word' id='word_1_80' title='bbox 728 1460 806 1523; x_wconf 90' lang='lat' dir='ltr'>quae</span> <span class='ocrx_word' id='word_1_81' title='bbox 834 1443 865 1505; x_wconf 92' lang='lat' dir='ltr'>in</span> <span class='ocrx_word' id='word_1_82' title='bbox 894 1443 1020 1506; x_wconf 89' lang='lat' dir='ltr'>calicem</span> <span class='ocrx_word' id='word_1_83' title='bbox 1041 1444 1180 1522; x_wconf 88' lang='lat' dir='ltr'>mittitur,</span> <span class='ocrx_word' id='word_1_84' title='bbox 1215 1443 1380 1528; x_wconf 84' lang='lat' dir='ltr'>significat,</span> <span class='ocrx_word' id='word_1_85' title='bbox 1409 1445 1488 1506; x_wconf 89' lang='lat' dir='ltr'>hunc</span> <span class='ocrx_word' id='word_1_86' title='bbox 1515 1447 1693 1529; x_wconf 88' lang='lat' dir='ltr'>sanguinem</span> <span class='ocrx_word' id='word_1_87' title='bbox 1723 1463 1793 1507; x_wconf 90' lang='lat' dir='ltr'>csse</span> <span class='ocrx_word' id='word_1_88' title='bbox 1828 1443 1916 1526; x_wconf 90' lang='lat' dir='ltr'>hujus</span> <span class='ocrx_word' id='word_1_89' title='bbox 1946 1448 2096 1527; x_wconf 91' lang='lat' dir='ltr'>corporis,</span> 
     </span>
    </p>
   </div>
   <div class='ocr_carea' id='block_1_4' title="bbox 682 1543 1796 1634">
    <p class='ocr_par' dir='ltr' id='par_1_5' title="bbox 682 1543 1796 1634">
     <span class='ocr_line' id='line_1_11' title="bbox 682 1543 1796 1634; baseline 0.001 -30"><span class='ocrx_word' id='word_1_90' title='bbox 682 1622 686 1634; x_wconf 29' lang='lat'><em>¹</em></span> <span class='ocrx_word' id='word_1_91' title='bbox 727 1561 878 1623; x_wconf 88' lang='lat' dir='ltr'>unumque</span> <span class='ocrx_word' id='word_1_92' title='bbox 902 1551 932 1605; x_wconf 90' lang='lat' dir='ltr'>et</span> <span class='ocrx_word' id='word_1_93' title='bbox 954 1543 1089 1606; x_wconf 91' lang='lat' dir='ltr'>eumdem</span> <span class='ocrx_word' id='word_1_94' title='bbox 1113 1561 1182 1606; x_wconf 88' lang='lat' dir='ltr'>esse</span> <span class='ocrx_word' id='word_1_95' title='bbox 1206 1545 1356 1618; x_wconf 91' lang='lat' dir='ltr'>occisum,</span> <span class='ocrx_word' id='word_1_96' title='bbox 1378 1544 1409 1605; x_wconf 92' lang='lat' dir='ltr'>in</span> <span class='ocrx_word' id='word_1_97' title='bbox 1432 1545 1580 1627; x_wconf 86' lang='lat' dir='ltr'>sanguine</span> <span class='ocrx_word' id='word_1_98' title='bbox 1603 1553 1634 1607; x_wconf 88' lang='lat' dir='ltr'>et</span> <span class='ocrx_word' id='word_1_99' title='bbox 1656 1562 1796 1625; x_wconf 88' lang='lat' dir='ltr'>corpore.</span> 
     </span>
    </p>
   </div>
   <div class='ocr_carea' id='block_1_5' title="bbox 721 1641 2096 3612">
    <p class='ocr_par' dir='ltr' id='par_1_6' title="bbox 721 1641 2096 3612">
     <span class='ocr_line' id='line_1_12' title="bbox 811 1641 2096 1725; baseline 0.002 -21"><span class='ocrx_word' id='word_1_100' title='bbox 811 1641 961 1704; x_wconf 85' lang='lat' dir='ltr'>Observat</span> <span class='ocrx_word' id='word_1_101' title='bbox 982 1650 1142 1723; x_wconf 92' lang='lat' dir='ltr'>praeterea</span> <span class='ocrx_word' id='word_1_102' title='bbox 1164 1643 1244 1706; x_wconf 90' lang='lat' dir='ltr'>idem</span> <span class='ocrx_word' id='word_1_103' title='bbox 1266 1642 1410 1706; x_wconf 88' lang='lat' dir='ltr'>Barsalibi</span> <span class='ocrx_word' id='word_1_104' title='bbox 1432 1651 1555 1724; x_wconf 87' lang='lat' dir='ltr'>praeter</span> <span class='ocrx_word' id='word_1_105' title='bbox 1576 1643 1642 1706; x_wconf 91' lang='lat' dir='ltr'>illas</span> <span class='ocrx_word' id='word_1_106' title='bbox 1664 1643 1826 1723; x_wconf 87' lang='lat' dir='ltr'>particulas</span> <span class='ocrx_word' id='word_1_107' title='bbox 1855 1644 1964 1725; x_wconf 88' lang='lat' dir='ltr'>quibus</span> <span class='ocrx_word' id='word_1_108' title='bbox 1990 1645 2096 1707; x_wconf 89' lang='lat' dir='ltr'>consi-</span> 
     </span>
     <span class='ocr_line' id='line_1_13' title="bbox 727 1741 2096 1824; baseline 0.006 -24"><span class='ocrx_word' id='word_1_109' title='bbox 727 1743 831 1822; x_wconf 89' lang='lat' dir='ltr'>gnatio</span> <span class='ocrx_word' id='word_1_110' title='bbox 853 1741 886 1802; x_wconf 90' lang='lat' dir='ltr'>iit</span> <span class='ocrx_word' id='word_1_111' title='bbox 908 1749 939 1805; x_wconf 91' lang='lat' dir='ltr'>et</span> <span class='ocrx_word' id='word_1_112' title='bbox 962 1759 1039 1822; x_wconf 91' lang='lat' dir='ltr'>quae</span> <span class='ocrx_word' id='word_1_113' title='bbox 1062 1743 1092 1804; x_wconf 93' lang='lat' dir='ltr'>in</span> <span class='ocrx_word' id='word_1_114' title='bbox 1123 1743 1246 1804; x_wconf 90' lang='lat' dir='ltr'>calicem</span> <span class='ocrx_word' id='word_1_115' title='bbox 1275 1743 1445 1820; x_wconf 89' lang='lat' dir='ltr'>mittuntur,</span> <span class='ocrx_word' id='word_1_116' title='bbox 1474 1742 1587 1823; x_wconf 89' lang='lat' dir='ltr'>aliquas</span> <span class='ocrx_word' id='word_1_117' title='bbox 1615 1743 1744 1824; x_wconf 87' lang='lat' dir='ltr'>majores</span> <span class='ocrx_word' id='word_1_118' title='bbox 1773 1746 1927 1806; x_wconf 85' lang='lat' dir='ltr'>reservari</span> <span class='ocrx_word' id='word_1_119' title='bbox 1955 1751 2096 1824; x_wconf 85' lang='lat' dir='ltr'>tanquam</span> 
     </span>
     <span class='ocr_line' id='line_1_14' title="bbox 727 1840 2095 1924; baseline 0.004 -24"><span class='ocrx_word' id='word_1_120' title='bbox 727 1841 907 1922; x_wconf 89' lang='lat' dir='ltr'>praecipuas</span> <span class='ocrx_word' id='word_1_121' title='bbox 930 1850 1033 1921; x_wconf 90' lang='lat' dir='ltr'>partes</span> <span class='ocrx_word' id='word_1_122' title='bbox 1055 1844 1193 1922; x_wconf 89' lang='lat' dir='ltr'>corporis</span> <span class='ocrx_word' id='word_1_123' title='bbox 1217 1840 1371 1917; x_wconf 91' lang='lat' dir='ltr'>dominici,</span> <span class='ocrx_word' id='word_1_124' title='bbox 1394 1859 1471 1923; x_wconf 89' lang='lat' dir='ltr'>quae</span> <span class='ocrx_word' id='word_1_125' title='bbox 1495 1842 1681 1924; x_wconf 85' lang='lat' dir='ltr'>dignioribus</span> <span class='ocrx_word' id='word_1_126' title='bbox 1703 1841 1887 1923; x_wconf 89' lang='lat' dir='ltr'>praebentur</span> <span class='ocrx_word' id='word_1_127' title='bbox 1909 1841 2095 1906; x_wconf 90' lang='lat' dir='ltr'>adcommu-</span> 
     </span>
     <span class='ocr_line' id='line_1_15' title="bbox 727 1939 2096 2023; baseline 0.003 -23"><span class='ocrx_word' id='word_1_128' title='bbox 727 1941 860 2002; x_wconf 89' lang='lat' dir='ltr'>nionem:</span> <span class='ocrx_word' id='word_1_129' title='bbox 892 1939 973 2022; x_wconf 88' lang='lat' dir='ltr'>quod</span> <span class='ocrx_word' id='word_1_130' title='bbox 1002 1958 1063 2003; x_wconf 91' lang='lat' dir='ltr'>non</span> <span class='ocrx_word' id='word_1_131' title='bbox 1090 1943 1164 2004; x_wconf 89' lang='lat' dir='ltr'>satis</span> <span class='ocrx_word' id='word_1_132' title='bbox 1193 1940 1314 2003; x_wconf 90' lang='lat' dir='ltr'>videtur</span> <span class='ocrx_word' id='word_1_133' title='bbox 1341 1941 1531 2022; x_wconf 87' lang='lat' dir='ltr'>explicatum.</span> <span class='ocrx_word' id='word_1_134' title='bbox 1576 1941 1682 2023; x_wconf 86' lang='lat' dir='ltr'>Neque</span> <span class='ocrx_word' id='word_1_135' title='bbox 1704 1941 1790 2023; x_wconf 66' lang='lat' dir='ltr'>,enim</span> <span class='ocrx_word' id='word_1_136' title='bbox 1821 1941 1991 2005; x_wconf 90' lang='lat' dir='ltr'>Orientales</span> <span class='ocrx_word' id='word_1_137' title='bbox 2020 1944 2096 2006; x_wconf 88' lang='lat' dir='ltr'>exi-</span> 
     </span>
     <span class='ocr_line' id='line_1_16' title="bbox 727 2039 2095 2123; baseline 0.004 -23"><span class='ocrx_word' id='word_1_138' title='bbox 727 2039 847 2102; x_wconf 87' lang='lat' dir='ltr'>stimant</span> <span class='ocrx_word' id='word_1_139' title='bbox 873 2041 1048 2122; x_wconf 89' lang='lat' dir='ltr'>particulam</span> <span class='ocrx_word' id='word_1_140' title='bbox 1081 2041 1172 2104; x_wconf 87' lang='lat' dir='ltr'>rdlam</span> <span class='ocrx_word' id='word_1_141' title='bbox 1201 2040 1259 2105; x_wconf 90' lang='lat' dir='ltr'>alia</span> <span class='ocrx_word' id='word_1_142' title='bbox 1294 2058 1364 2103; x_wconf 89' lang='lat' dir='ltr'>esse</span> <span class='ocrx_word' id='word_1_143' title='bbox 1398 2040 1581 2122; x_wconf 84' lang='lat' dir='ltr'>digniorem:</span> <span class='ocrx_word' id='word_1_144' title='bbox 1612 2049 1642 2103; x_wconf 90' lang='lat' dir='ltr'>et</span> <span class='ocrx_word' id='word_1_145' title='bbox 1670 2041 1756 2102; x_wconf 92' lang='lat' dir='ltr'>istam</span> <span class='ocrx_word' id='word_1_146' title='bbox 1786 2043 1957 2123; x_wconf 88' lang='lat' dir='ltr'>opinionem</span> <span class='ocrx_word' id='word_1_147' title='bbox 1984 2040 2095 2105; x_wconf 82' lang='lat' dir='ltr'>refellit</span> 
     </span>
     <span class='ocr_line' id='line_1_17' title="bbox 725 2138 2095 2223; baseline 0.001 -21"><span class='ocrx_word' id='word_1_148' title='bbox 725 2139 942 2203; x_wconf 89' lang='lat' dir='ltr'>Echmimensis</span> <span class='ocrx_word' id='word_1_149' title='bbox 964 2142 994 2202; x_wconf 92' lang='lat' dir='ltr'>in</span> <span class='ocrx_word' id='word_1_150' title='bbox 1016 2157 1072 2203; x_wconf 93' lang='lat' dir='ltr'>sua</span> <span class='ocrx_word' id='word_1_151' title='bbox 1095 2140 1250 2203; x_wconf 82' lang='lat' dir='ltr'>Canobum</span> <span class='ocrx_word' id='word_1_152' title='bbox 1273 2138 1476 2218; x_wconf 89' lang='lat' dir='ltr'>Collectione,</span> <span class='ocrx_word' id='word_1_153' title='bbox 1501 2138 1614 2202; x_wconf 91' lang='lat' dir='ltr'>docens</span> <span class='ocrx_word' id='word_1_154' title='bbox 1637 2139 1667 2202; x_wconf 91' lang='lat' dir='ltr'>in</span> <span class='ocrx_word' id='word_1_155' title='bbox 1694 2141 1806 2222; x_wconf 85' lang='lat' dir='ltr'>exigua</span> <span class='ocrx_word' id='word_1_156' title='bbox 1827 2140 1975 2223; x_wconf 90' lang='lat' dir='ltr'>particula</span> <span class='ocrx_word' id='word_1_157' title='bbox 1998 2159 2095 2223; x_wconf 87' lang='lat' dir='ltr'>aeque</span> 
     </span>
     <span class='ocr_line' id='line_1_18' title="bbox 726 2237 2094 2320; baseline 0.002 -19"><span class='ocrx_word' id='word_1_158' title='bbox 726 2241 874 2302; x_wconf 90' lang='lat' dir='ltr'>contineri</span> <span class='ocrx_word' id='word_1_159' title='bbox 903 2238 1013 2302; x_wconf 86' lang='lat' dir='ltr'>Christi</span> <span class='ocrx_word' id='word_1_160' title='bbox 1036 2257 1164 2319; x_wconf 87' lang='lat' dir='ltr'>corpus,</span> <span class='ocrx_word' id='word_1_161' title='bbox 1195 2257 1230 2300; x_wconf 90' lang='lat' dir='ltr'>ac</span> <span class='ocrx_word' id='word_1_162' title='bbox 1259 2238 1290 2301; x_wconf 93' lang='lat' dir='ltr'>in</span> <span class='ocrx_word' id='word_1_163' title='bbox 1319 2245 1382 2301; x_wconf 90' lang='lat' dir='ltr'>tota</span> <span class='ocrx_word' id='word_1_164' title='bbox 1405 2237 1523 2303; x_wconf 85' lang='lat' dir='ltr'>Oblata.</span> <span class='ocrx_word' id='word_1_165' title='bbox 1569 2240 1682 2300; x_wconf 87' lang='lat' dir='ltr'>Verum</span> <span class='ocrx_word' id='word_1_166' title='bbox 1705 2258 1789 2320; x_wconf 91' lang='lat' dir='ltr'>cum,</span> <span class='ocrx_word' id='word_1_167' title='bbox 1821 2248 1853 2302; x_wconf 94' lang='lat' dir='ltr'>ut</span> <span class='ocrx_word' id='word_1_168' title='bbox 1883 2239 1952 2302; x_wconf 89' lang='lat' dir='ltr'>alibi</span> <span class='ocrx_word' id='word_1_169' title='bbox 1975 2260 2016 2304; x_wconf 86' lang='lat' dir='ltr'>ex</span> <span class='ocrx_word' id='word_1_170' title='bbox 2038 2241 2094 2304; x_wconf 88' lang='lat' dir='ltr'>Ja-</span> 
     </span>
     <span class='ocr_line' id='line_1_19' title="bbox 727 2332 2094 2424; baseline 0.001 -24"><span class='ocrx_word' id='word_1_171' title='bbox 727 2339 805 2400; x_wconf 88' lang='lat' dir='ltr'>cobo</span> <span class='ocrx_word' id='word_1_172' title='bbox 827 2338 1000 2424; x_wconf 61' lang='lat' dir='ltr'>Edessena,</span> <span class='ocrx_word' id='word_1_173' title='bbox 1024 2337 1149 2420; x_wconf 88' lang='lat' dir='ltr'>aliisque</span> <span class='ocrx_word' id='word_1_174' title='bbox 1172 2338 1258 2419; x_wconf 78' lang='lat' dir='ltr'>Syris</span> <span class='ocrx_word' id='word_1_175' title='bbox 1281 2339 1434 2401; x_wconf 86' lang='lat' dir='ltr'>autoribus</span> <span class='ocrx_word' id='word_1_176' title='bbox 1465 2338 1657 2401; x_wconf 87' lang='lat' dir='ltr'>observatum</span> <span class='ocrx_word' id='word_1_177' title='bbox 1685 2332 1750 2418; x_wconf 78' lang='lat' dir='ltr'>est,</span> <span class='ocrx_word' id='word_1_178' title='bbox 1779 2338 1955 2420; x_wconf 90' lang='lat' dir='ltr'>Episcopis,</span> <span class='ocrx_word' id='word_1_179' title='bbox 1986 2341 2014 2403; x_wconf 92' lang='lat' dir='ltr'>si</span> <span class='ocrx_word' id='word_1_180' title='bbox 2042 2340 2094 2422; x_wconf 93' lang='lat' dir='ltr'>qui</span> 
     </span>
     <span class='ocr_line' id='line_1_20' title="bbox 727 2436 2093 2522; baseline 0.001 -21"><span class='ocrx_word' id='word_1_181' title='bbox 727 2437 843 2519; x_wconf 89' lang='lat' dir='ltr'>adsint,</span> <span class='ocrx_word' id='word_1_182' title='bbox 866 2445 898 2502; x_wconf 89' lang='lat' dir='ltr'>et</span> <span class='ocrx_word' id='word_1_183' title='bbox 919 2437 1127 2502; x_wconf 90' lang='lat' dir='ltr'>sacerdotibus</span> <span class='ocrx_word' id='word_1_184' title='bbox 1156 2437 1302 2519; x_wconf 91' lang='lat' dir='ltr'>particula</span> <span class='ocrx_word' id='word_1_185' title='bbox 1324 2438 1524 2520; x_wconf 91' lang='lat' dir='ltr'>praebeatur,</span> <span class='ocrx_word' id='word_1_186' title='bbox 1559 2446 1620 2500; x_wconf 94' lang='lat' dir='ltr'>tum</span> <span class='ocrx_word' id='word_1_187' title='bbox 1650 2436 1729 2500; x_wconf 86' lang='lat' dir='ltr'>calix</span> <span class='ocrx_word' id='word_1_188' title='bbox 1758 2457 1799 2500; x_wconf 86' lang='lat' dir='ltr'>ex</span> <span class='ocrx_word' id='word_1_189' title='bbox 1825 2456 1886 2520; x_wconf 85' lang='lat' dir='ltr'>quo</span> <span class='ocrx_word' id='word_1_190' title='bbox 1915 2439 2093 2522; x_wconf 90' lang='lat' dir='ltr'>sanguinem</span> 
     </span>
     <span class='ocr_line' id='line_1_21' title="bbox 725 2536 2093 2620; baseline 0.001 -20"><span class='ocrx_word' id='word_1_191' title='bbox 725 2536 846 2614; x_wconf 90' lang='lat' dir='ltr'>bibant,</span> <span class='ocrx_word' id='word_1_192' title='bbox 868 2537 938 2600; x_wconf 89' lang='lat' dir='ltr'>illae</span> <span class='ocrx_word' id='word_1_193' title='bbox 959 2536 1126 2620; x_wconf 89' lang='lat' dir='ltr'>particulae</span> <span class='ocrx_word' id='word_1_194' title='bbox 1148 2537 1178 2599; x_wconf 93' lang='lat' dir='ltr'>in</span> <span class='ocrx_word' id='word_1_195' title='bbox 1201 2536 1284 2600; x_wconf 90' lang='lat' dir='ltr'>disco</span> <span class='ocrx_word' id='word_1_196' title='bbox 1306 2545 1516 2600; x_wconf 88' lang='lat' dir='ltr'>reservantur:</span> <span class='ocrx_word' id='word_1_197' title='bbox 1539 2536 1674 2618; x_wconf 85' lang='lat' dir='ltr'>reliquae</span> <span class='ocrx_word' id='word_1_198' title='bbox 1693 2536 1846 2616; x_wconf 89' lang='lat' dir='ltr'>intinctae,</span> <span class='ocrx_word' id='word_1_199' title='bbox 1869 2538 2024 2601; x_wconf 89' lang='lat' dir='ltr'>cochleari</span> <span class='ocrx_word' id='word_1_200' title='bbox 2035 2539 2093 2602; x_wconf 91' lang='lat' dir='ltr'>ad-</span> 
     </span>
     <span class='ocr_line' id='line_1_22' title="bbox 727 2635 2092 2720; baseline 0.001 -21"><span class='ocrx_word' id='word_1_201' title='bbox 727 2637 940 2702; x_wconf 89' lang='lat' dir='ltr'>ministrantur.</span> <span class='ocrx_word' id='word_1_202' title='bbox 984 2635 1088 2700; x_wconf 84' lang='lat' dir='ltr'>Monet</span> <span class='ocrx_word' id='word_1_203' title='bbox 1111 2637 1199 2699; x_wconf 89' lang='lat' dir='ltr'>eliam</span> <span class='ocrx_word' id='word_1_204' title='bbox 1225 2635 1370 2698; x_wconf 90' lang='lat' dir='ltr'>Barsalibi</span> <span class='ocrx_word' id='word_1_205' title='bbox 1396 2644 1429 2698; x_wconf 93' lang='lat' dir='ltr'>nt</span> <span class='ocrx_word' id='word_1_206' title='bbox 1455 2635 1524 2698; x_wconf 90' lang='lat' dir='ltr'>dum</span> <span class='ocrx_word' id='word_1_207' title='bbox 1545 2635 1713 2717; x_wconf 85' lang='lat' dir='ltr'>particulae</span> <span class='ocrx_word' id='word_1_208' title='bbox 1741 2637 1872 2718; x_wconf 89' lang='lat' dir='ltr'>majores</span> <span class='ocrx_word' id='word_1_209' title='bbox 1900 2635 2092 2720; x_wconf 84' lang='lat' dir='ltr'>lrangrmtur,</span> 
     </span>
     <span class='ocr_line' id='line_1_23' title="bbox 727 2733 2092 2818; baseline 0.001 -19"><span class='ocrx_word' id='word_1_210' title='bbox 727 2737 815 2799; x_wconf 90' lang='lat' dir='ltr'>etiam</span> <span class='ocrx_word' id='word_1_211' title='bbox 848 2736 886 2799; x_wconf 94' lang='lat' dir='ltr'>ad</span> <span class='ocrx_word' id='word_1_212' title='bbox 916 2737 1153 2800; x_wconf 88' lang='lat' dir='ltr'>communionem</span> <span class='ocrx_word' id='word_1_213' title='bbox 1185 2734 1346 2798; x_wconf 81' lang='lat' dir='ltr'>infantibus</span> <span class='ocrx_word' id='word_1_214' title='bbox 1376 2733 1627 2814; x_wconf 87' lang='lat' dir='ltr'>distribuendam,</span> <span class='ocrx_word' id='word_1_215' title='bbox 1662 2733 1811 2798; x_wconf 88' lang='lat' dir='ltr'>Sacerdos</span> <span class='ocrx_word' id='word_1_216' title='bbox 1843 2734 1893 2798; x_wconf 92' lang='lat' dir='ltr'>det</span> <span class='ocrx_word' id='word_1_217' title='bbox 1921 2755 2045 2818; x_wconf 91' lang='lat' dir='ltr'>operam</span> <span class='ocrx_word' id='word_1_218' title='bbox 2060 2746 2092 2801; x_wconf 92' lang='lat' dir='ltr'>ut</span> 
     </span>
     <span class='ocr_line' id='line_1_24' title="bbox 726 2834 2092 2917; baseline 0.001 -18"><span class='ocrx_word' id='word_1_219' title='bbox 726 2837 844 2916; x_wconf 90' lang='lat' dir='ltr'>signum</span> <span class='ocrx_word' id='word_1_220' title='bbox 867 2838 982 2915; x_wconf 84' lang='lat' dir='ltr'>crocis,</span> <span class='ocrx_word' id='word_1_221' title='bbox 1005 2835 1086 2917; x_wconf 88' lang='lat' dir='ltr'>quod</span> <span class='ocrx_word' id='word_1_222' title='bbox 1108 2834 1233 2917; x_wconf 86' lang='lat' dir='ltr'>singulis</span> <span class='ocrx_word' id='word_1_223' title='bbox 1256 2836 1435 2915; x_wconf 91' lang='lat' dir='ltr'>impressum</span> <span class='ocrx_word' id='word_1_224' title='bbox 1466 2843 1512 2897; x_wconf 92' lang='lat' dir='ltr'>est</span> <span class='ocrx_word' id='word_1_225' title='bbox 1541 2844 1750 2899; x_wconf 87' lang='lat' dir='ltr'>conservetur.</span> <span class='ocrx_word' id='word_1_226' title='bbox 1793 2834 1925 2916; x_wconf 86' lang='lat' dir='ltr'>Nempe,</span> <span class='ocrx_word' id='word_1_227' title='bbox 1955 2846 1987 2900; x_wconf 93' lang='lat' dir='ltr'>ut</span> <span class='ocrx_word' id='word_1_228' title='bbox 2017 2837 2092 2902; x_wconf 86' lang='lat' dir='ltr'>alias</span> 
     </span>
     <span class='ocr_line' id='line_1_25' title="bbox 726 2932 2092 3020; baseline 0.001 -22"><span class='ocrx_word' id='word_1_229' title='bbox 726 2935 972 3014; x_wconf 86' lang='lat' dir='ltr'>observavimus,</span> <span class='ocrx_word' id='word_1_230' title='bbox 994 2935 1091 2998; x_wconf 91' lang='lat' dir='ltr'>Panes</span> <span class='ocrx_word' id='word_1_231' title='bbox 1113 2935 1311 2997; x_wconf 90' lang='lat' dir='ltr'>Eucharistici</span> <span class='ocrx_word' id='word_1_232' title='bbox 1333 2935 1398 2997; x_wconf 89' lang='lat' dir='ltr'>sive</span> <span class='ocrx_word' id='word_1_233' title='bbox 1429 2932 1572 3012; x_wconf 91' lang='lat' dir='ltr'>Oblatae,</span> <span class='ocrx_word' id='word_1_234' title='bbox 1607 2934 1705 2997; x_wconf 89' lang='lat' dir='ltr'>multis</span> <span class='ocrx_word' id='word_1_235' title='bbox 1736 2935 1894 2998; x_wconf 90' lang='lat' dir='ltr'>cruciculis</span> <span class='ocrx_word' id='word_1_236' title='bbox 1923 2938 2092 3020; x_wconf 91' lang='lat' dir='ltr'>signantur,</span> 
     </span>
     <span class='ocr_line' id='line_1_26' title="bbox 726 3032 2092 3116; baseline 0.004 -20"><span class='ocrx_word' id='word_1_237' title='bbox 726 3042 757 3096; x_wconf 90' lang='lat' dir='ltr'>et</span> <span class='ocrx_word' id='word_1_238' title='bbox 777 3034 925 3115; x_wconf 88' lang='lat' dir='ltr'>particula</span> <span class='ocrx_word' id='word_1_239' title='bbox 946 3034 996 3097; x_wconf 91' lang='lat' dir='ltr'>illa</span> <span class='ocrx_word' id='word_1_240' title='bbox 1016 3052 1096 3116; x_wconf 87' lang='lat' dir='ltr'>quae</span> <span class='ocrx_word' id='word_1_241' title='bbox 1118 3053 1239 3097; x_wconf 90' lang='lat' dir='ltr'>crucem</span> <span class='ocrx_word' id='word_1_242' title='bbox 1261 3032 1365 3112; x_wconf 90' lang='lat' dir='ltr'>habet,</span> <span class='ocrx_word' id='word_1_243' title='bbox 1390 3041 1439 3096; x_wconf 90' lang='lat' dir='ltr'>est</span> <span class='ocrx_word' id='word_1_244' title='bbox 1459 3036 1583 3116; x_wconf 82' lang='lat' dir='ltr'>proprie</span> <span class='ocrx_word' id='word_1_245' title='bbox 1606 3033 1757 3116; x_wconf 90' lang='lat' dir='ltr'>loquendo</span> <span class='ocrx_word' id='word_1_246' title='bbox 1781 3053 1817 3097; x_wconf 90' lang='lat' dir='ltr'>ea</span> <span class='ocrx_word' id='word_1_247' title='bbox 1846 3054 1933 3116; x_wconf 89' lang='lat' dir='ltr'>quam</span> <span class='ocrx_word' id='word_1_248' title='bbox 1956 3048 2092 3116; x_wconf 61' lang='lat' dir='ltr'>ttl&#39;tntm,</span> 
     </span>
     <span class='ocr_line' id='line_1_27' title="bbox 725 3131 2091 3216; baseline 0.004 -21"><span class='ocrx_word' id='word_1_249' title='bbox 725 3131 912 3210; x_wconf 75' lang='lat' dir='ltr'>Cardeam,</span> <span class='ocrx_word' id='word_1_250' title='bbox 933 3134 1151 3214; x_wconf 72' lang='lat' dir='ltr'>margaritam,</span> <span class='ocrx_word' id='word_1_251' title='bbox 1173 3133 1308 3214; x_wconf 81' lang='lat' dir='ltr'>Sipillara</span> <span class='ocrx_word' id='word_1_252' title='bbox 1335 3140 1454 3196; x_wconf 89' lang='lat' dir='ltr'>vocant.</span> <span class='ocrx_word' id='word_1_253' title='bbox 1499 3132 1587 3208; x_wconf 83' lang='lat' dir='ltr'>Quod</span> <span class='ocrx_word' id='word_1_254' title='bbox 1610 3134 1703 3216; x_wconf 89' lang='lat' dir='ltr'>igitur</span> <span class='ocrx_word' id='word_1_255' title='bbox 1725 3135 1764 3196; x_wconf 92' lang='lat' dir='ltr'>ait</span> <span class='ocrx_word' id='word_1_256' title='bbox 1786 3133 1949 3214; x_wconf 86' lang='lat' dir='ltr'>Barsalibi,</span> <span class='ocrx_word' id='word_1_257' title='bbox 1980 3136 2018 3199; x_wconf 91' lang='lat' dir='ltr'>de</span> <span class='ocrx_word' id='word_1_258' title='bbox 2041 3139 2091 3200; x_wconf 91' lang='lat' dir='ltr'>in·</span> 
     </span>
     <span class='ocr_line' id='line_1_28' title="bbox 723 3231 2092 3316; baseline 0.004 -22"><span class='ocrx_word' id='word_1_259' title='bbox 723 3231 854 3294; x_wconf 85' lang='lat' dir='ltr'>lantibus</span> <span class='ocrx_word' id='word_1_260' title='bbox 876 3232 1101 3315; x_wconf 86' lang='lat' dir='ltr'>intelligendum</span> <span class='ocrx_word' id='word_1_261' title='bbox 1125 3234 1175 3314; x_wconf 88' lang='lat' dir='ltr'>qni</span> <span class='ocrx_word' id='word_1_262' title='bbox 1197 3233 1310 3314; x_wconf 90' lang='lat' dir='ltr'>glutire</span> <span class='ocrx_word' id='word_1_263' title='bbox 1332 3240 1460 3313; x_wconf 91' lang='lat' dir='ltr'>possunt</span> <span class='ocrx_word' id='word_1_264' title='bbox 1483 3240 1514 3295; x_wconf 90' lang='lat' dir='ltr'>et</span> <span class='ocrx_word' id='word_1_265' title='bbox 1535 3233 1688 3313; x_wconf 89' lang='lat' dir='ltr'>mandere,</span> <span class='ocrx_word' id='word_1_266' title='bbox 1711 3231 1825 3296; x_wconf 89' lang='lat' dir='ltr'>nonde</span> <span class='ocrx_word' id='word_1_267' title='bbox 1840 3233 1921 3297; x_wconf 88' lang='lat' dir='ltr'>aliis:</span> <span class='ocrx_word' id='word_1_268' title='bbox 1944 3243 1977 3298; x_wconf 91' lang='lat' dir='ltr'>ut</span> <span class='ocrx_word' id='word_1_269' title='bbox 1991 3253 2092 3316; x_wconf 89' lang='lat' dir='ltr'>neque</span> 
     </span>
     <span class='ocr_line' id='line_1_29' title="bbox 721 3331 2091 3416; baseline 0.002 -22"><span class='ocrx_word' id='word_1_270' title='bbox 721 3331 870 3414; x_wconf 90' lang='lat' dir='ltr'>particula</span> <span class='ocrx_word' id='word_1_271' title='bbox 893 3331 1039 3414; x_wconf 90' lang='lat' dir='ltr'>ejusmodi</span> <span class='ocrx_word' id='word_1_272' title='bbox 1060 3333 1179 3416; x_wconf 86' lang='lat' dir='ltr'>integra</span> <span class='ocrx_word' id='word_1_273' title='bbox 1192 3351 1314 3414; x_wconf 85' lang='lat' dir='ltr'>semper</span> <span class='ocrx_word' id='word_1_274' title='bbox 1336 3333 1405 3395; x_wconf 85' lang='lat' dir='ltr'>data</span> <span class='ocrx_word' id='word_1_275' title='bbox 1425 3340 1486 3396; x_wconf 86' lang='lat' dir='ltr'>est:</span> <span class='ocrx_word' id='word_1_276' title='bbox 1510 3351 1577 3394; x_wconf 94' lang='lat' dir='ltr'>cum</span> <span class='ocrx_word' id='word_1_277' title='bbox 1599 3335 1630 3394; x_wconf 94' lang='lat' dir='ltr'>iu</span> <span class='ocrx_word' id='word_1_278' title='bbox 1643 3333 1850 3395; x_wconf 91' lang='lat' dir='ltr'>minutissimas</span> <span class='ocrx_word' id='word_1_279' title='bbox 1862 3343 1977 3416; x_wconf 91' lang='lat' dir='ltr'>partes,</span> <span class='ocrx_word' id='word_1_280' title='bbox 2000 3337 2091 3397; x_wconf 92' lang='lat' dir='ltr'>etiam</span> 
     </span>
     <span class='ocr_line' id='line_1_30' title="bbox 723 3431 2089 3513; baseline 0.004 -21"><span class='ocrx_word' id='word_1_281' title='bbox 723 3432 804 3512; x_wconf 90' lang='lat' dir='ltr'>apud</span> <span class='ocrx_word' id='word_1_282' title='bbox 828 3431 962 3494; x_wconf 90' lang='lat' dir='ltr'>Graecos</span> <span class='ocrx_word' id='word_1_283' title='bbox 984 3433 1143 3496; x_wconf 90' lang='lat' dir='ltr'>comminui</span> <span class='ocrx_word' id='word_1_284' title='bbox 1166 3432 1274 3495; x_wconf 85' lang='lat' dir='ltr'>Oblata</span> <span class='ocrx_word' id='word_1_285' title='bbox 1295 3432 1409 3513; x_wconf 90' lang='lat' dir='ltr'>soleat,</span> <span class='ocrx_word' id='word_1_286' title='bbox 1434 3440 1465 3494; x_wconf 92' lang='lat' dir='ltr'>et</span> <span class='ocrx_word' id='word_1_287' title='bbox 1487 3431 1572 3494; x_wconf 88' lang='lat' dir='ltr'>calici</span> <span class='ocrx_word' id='word_1_288' title='bbox 1594 3431 1719 3510; x_wconf 88' lang='lat' dir='ltr'>immitti,</span> <span class='ocrx_word' id='word_1_289' title='bbox 1741 3432 1821 3495; x_wconf 91' lang='lat' dir='ltr'>unde</span> <span class='ocrx_word' id='word_1_290' title='bbox 1836 3433 1987 3496; x_wconf 91' lang='lat' dir='ltr'>cocbleari</span> <span class='ocrx_word' id='word_1_291' title='bbox 2005 3435 2089 3497; x_wconf 89' lang='lat' dir='ltr'>acei-</span> 
     </span>
     <span class='ocr_line' id='line_1_31' title="bbox 721 3531 1374 3612; baseline 0.003 -19"><span class='ocrx_word' id='word_1_292' title='bbox 721 3533 818 3612; x_wconf 89' lang='lat' dir='ltr'>pitur,</span> <span class='ocrx_word' id='word_1_293' title='bbox 842 3539 873 3594; x_wconf 91' lang='lat' dir='ltr'>et</span> <span class='ocrx_word' id='word_1_294' title='bbox 894 3531 1123 3595; x_wconf 86' lang='lat' dir='ltr'>communicanti</span> <span class='ocrx_word' id='word_1_295' title='bbox 1144 3532 1374 3595; x_wconf 90' lang='lat' dir='ltr'>administratur.</span> 
     </span>
    </p>
   </div>
   <div class='ocr_carea' id='block_1_6' title="bbox 1042 3808 1826 3881">
    <p class='ocr_par' dir='ltr' id='par_1_7' title="bbox 1042 3808 1826 3881">
     <span class='ocr_line' id='line_1_32' title="bbox 1042 3808 1826 3881; baseline -0.004 -1"><span class='ocrx_word' id='word_1_296' title='bbox 1042 3809 1217 3881; x_wconf 81' lang='lat' dir='ltr'>Sacerdos</span> <span class='ocrx_word' id='word_1_297' title='bbox 1243 3816 1324 3881; x_wconf 87' lang='lat' dir='ltr'>cate</span> <span class='ocrx_word' id='word_1_298' title='bbox 1350 3813 1541 3880; x_wconf 84' lang='lat' dir='ltr'>orationem</span> <span class='ocrx_word' id='word_1_299' title='bbox 1566 3808 1777 3878; x_wconf 76' lang='lat' dir='ltr'>dominicam.</span> <span class='ocrx_word' id='word_1_300' title='bbox 1819 3837 1826 3852; x_wconf 90' lang='lat'><strong>·</strong></span> 
     </span>
    </p>
   </div>
   <div class='ocr_carea' id='block_1_7' title="bbox 436 3989 2161 4098">
    <p class='ocr_par' dir='ltr' id='par_1_8' title="bbox 436 3989 2161 4098">
     <span class='ocr_line' id='line_1_33' title="bbox 436 3989 2161 4098; baseline 0.005 -30"><span class='ocrx_word' id='word_1_301' title='bbox 436 4013 524 4070; x_wconf 74' lang='lat' dir='ltr'>Omnia</span> <span class='ocrx_word' id='word_1_302' title='bbox 550 4026 609 4072; x_wconf 76' lang='lat' dir='ltr'>aaa</span> <span class='ocrx_word' id='word_1_303' title='bbox 633 4019 712 4074; x_wconf 67' lang='lat' dir='ltr'>Pare</span> <span class='ocrx_word' id='word_1_304' title='bbox 823 4004 938 4083; x_wconf 83' lang='lat' dir='ltr'>Barrus</span> <span class='ocrx_word' id='word_1_305' title='bbox 961 4014 1108 4098; x_wconf 88' lang='lat' dir='ltr'>quaedam</span> <span class='ocrx_word' id='word_1_306' title='bbox 1129 4013 1276 4095; x_wconf 86' lang='lat' dir='ltr'>praelatio</span> <span class='ocrx_word' id='word_1_307' title='bbox 1298 4013 1426 4076; x_wconf 90' lang='lat' dir='ltr'>orationi</span> <span class='ocrx_word' id='word_1_308' title='bbox 1448 4011 1632 4090; x_wconf 89' lang='lat' dir='ltr'>Dominicae,</span> <span class='ocrx_word' id='word_1_309' title='bbox 1654 4012 1714 4074; x_wconf 91' lang='lat' dir='ltr'>ritu</span> <span class='ocrx_word' id='word_1_310' title='bbox 1737 4011 1891 4091; x_wconf 90' lang='lat' dir='ltr'>Orientali,</span> <span class='ocrx_word' id='word_1_311' title='bbox 1914 4030 2003 4093; x_wconf 88' lang='lat' dir='ltr'>quem</span> <span class='ocrx_word' id='word_1_312' title='bbox 2026 4012 2088 4076; x_wconf 91' lang='lat' dir='ltr'>Oc-</span> <span class='ocrx_word' id='word_1_313' title='bbox 2155 3989 2161 4000; x_wconf 49' lang='lat'><strong>⁹</strong></span> 
     </span>
    </p>
   </div>
   <div class='ocr_carea' id='block_1_8' title="bbox 401 4111 490 4154">
    <p class='ocr_par' dir='ltr' id='par_1_9' title="bbox 401 4111 490 4154">
     <span class='ocr_line' id='line_1_34' title="bbox 401 4111 490 4154; baseline -0.045 -1"><span class='ocrx_word' id='word_1_314' title='bbox 401 4111 490 4154; x_wconf 80' lang='lat' dir='ltr'>noster.</span> 
     </span>
    </p>
   </div>
   <div class='ocr_carea' id='block_1_9' title="bbox 717 4115 2091 4895">
    <p class='ocr_par' dir='ltr' id='par_1_10' title="bbox 717 4115 2091 4895">
     <span class='ocr_line' id='line_1_35' title="bbox 722 4115 2090 4202; baseline -0.001 -20"><span class='ocrx_word' id='word_1_315' title='bbox 722 4119 885 4184; x_wconf 91' lang='lat' dir='ltr'>cidentales</span> <span class='ocrx_word' id='word_1_316' title='bbox 909 4138 1030 4202; x_wconf 90' lang='lat' dir='ltr'>quoque</span> <span class='ocrx_word' id='word_1_317' title='bbox 1052 4119 1191 4196; x_wconf 91' lang='lat' dir='ltr'>retinent,</span> <span class='ocrx_word' id='word_1_318' title='bbox 1214 4117 1363 4198; x_wconf 89' lang='lat' dir='ltr'>praemitti</span> <span class='ocrx_word' id='word_1_319' title='bbox 1385 4117 1473 4179; x_wconf 90' lang='lat' dir='ltr'>solet.</span> <span class='ocrx_word' id='word_1_320' title='bbox 1518 4117 1561 4180; x_wconf 92' lang='lat' dir='ltr'>lta</span> <span class='ocrx_word' id='word_1_321' title='bbox 1584 4117 1719 4195; x_wconf 90' lang='lat' dir='ltr'>dicimus,</span> <span class='ocrx_word' id='word_1_322' title='bbox 1741 4115 1919 4196; x_wconf 77' lang='lat' dir='ltr'>Praeceptis</span> <span class='ocrx_word' id='word_1_323' title='bbox 1940 4119 2090 4180; x_wconf 82' lang='lat' dir='ltr'>salutari-</span> 
     </span>
     <span class='ocr_line' id='line_1_36' title="bbox 721 4215 2087 4296; baseline -0.002 -14"><span class='ocrx_word' id='word_1_324' title='bbox 721 4219 777 4282; x_wconf 81' lang='lat' dir='ltr'>bac</span> <span class='ocrx_word' id='word_1_325' title='bbox 798 4221 904 4281; x_wconf 85' lang='lat' dir='ltr'>moniti</span> <span class='ocrx_word' id='word_1_326' title='bbox 924 4229 953 4282; x_wconf 90' lang='lat' dir='ltr'>et</span> <span class='ocrx_word' id='word_1_327' title='bbox 974 4220 1080 4282; x_wconf 82' lang='lat' dir='ltr'>diaiac</span> <span class='ocrx_word' id='word_1_328' title='bbox 1100 4219 1285 4279; x_wconf 81' lang='lat' dir='ltr'>institutione</span> <span class='ocrx_word' id='word_1_329' title='bbox 1303 4217 1440 4296; x_wconf 79' lang='lat' dir='ltr'>fomaati,</span> <span class='ocrx_word' id='word_1_330' title='bbox 1464 4218 1609 4278; x_wconf 77' lang='lat' dir='ltr'>andernes</span> <span class='ocrx_word' id='word_1_331' title='bbox 1632 4217 1742 4280; x_wconf 83' lang='lat' dir='ltr'>dicere.</span> <span class='ocrx_word' id='word_1_332' title='bbox 1778 4215 1869 4278; x_wconf 89' lang='lat' dir='ltr'>Pater</span> <span class='ocrx_word' id='word_1_333' title='bbox 1889 4222 2005 4294; x_wconf 89' lang='lat' dir='ltr'>noster,</span> <span class='ocrx_word' id='word_1_334' title='bbox 2029 4223 2087 4279; x_wconf 90' lang='lat' dir='ltr'>etc.</span> 
     </span>
     <span class='ocr_line' id='line_1_37' title="bbox 721 4315 2087 4400; baseline -0.001 -20"><span class='ocrx_word' id='word_1_335' title='bbox 721 4318 825 4380; x_wconf 89' lang='lat' dir='ltr'>Oratio</span> <span class='ocrx_word' id='word_1_336' title='bbox 849 4337 936 4400; x_wconf 89' lang='lat' dir='ltr'>quam</span> <span class='ocrx_word' id='word_1_337' title='bbox 959 4319 1043 4400; x_wconf 79' lang='lat' dir='ltr'>Syri,</span> <span class='ocrx_word' id='word_1_338' title='bbox 1074 4317 1131 4379; x_wconf 92' lang='lat' dir='ltr'>boc</span> <span class='ocrx_word' id='word_1_339' title='bbox 1153 4317 1222 4378; x_wconf 93' lang='lat' dir='ltr'>loco</span> <span class='ocrx_word' id='word_1_340' title='bbox 1243 4316 1370 4378; x_wconf 91' lang='lat' dir='ltr'>recitant</span> <span class='ocrx_word' id='word_1_341' title='bbox 1393 4334 1540 4397; x_wconf 84' lang='lat' dir='ltr'>expressa</span> <span class='ocrx_word' id='word_1_342' title='bbox 1563 4322 1610 4377; x_wconf 93' lang='lat' dir='ltr'>est</span> <span class='ocrx_word' id='word_1_343' title='bbox 1633 4334 1673 4378; x_wconf 86' lang='lat' dir='ltr'>ex</span> <span class='ocrx_word' id='word_1_344' title='bbox 1701 4315 1834 4393; x_wconf 89' lang='lat' dir='ltr'>Graeca,</span> <span class='ocrx_word' id='word_1_345' title='bbox 1865 4334 1944 4396; x_wconf 86' lang='lat' dir='ltr'>quae</span> <span class='ocrx_word' id='word_1_346' title='bbox 1973 4315 2087 4397; x_wconf 88' lang='lat' dir='ltr'>incipit.</span> 
     </span>
     <span class='ocr_line' id='line_1_38' title="bbox 717 4403 2090 4502; baseline -0.002 -21"><span class='ocrx_word' id='word_1_347' title='bbox 717 4409 751 4481; x_wconf 90' lang='grc' dir='ltr'><strong><em>Ὁ</em></strong></span> <span class='ocrx_word' id='word_1_348' title='bbox 780 4407 863 4490; x_wconf 84' lang='grc' dir='ltr'>Θεός</span> <span class='ocrx_word' id='word_1_349' title='bbox 883 4413 938 4480; x_wconf 79' lang='grc' dir='ltr'>καὶ</span> <span class='ocrx_word' id='word_1_350' title='bbox 959 4408 1080 4502; x_wconf 80' lang='grc' dir='ltr'><strong><em>πατήρ,</em></strong></span> <span class='ocrx_word' id='word_1_351' title='bbox 1103 4412 1164 4478; x_wconf 85' lang='grc' dir='ltr'>τοῦ</span> <span class='ocrx_word' id='word_1_352' title='bbox 1185 4408 1299 4501; x_wconf 79' lang='grc' dir='ltr'><strong><em>κυρίου</em></strong></span> <span class='ocrx_word' id='word_1_353' title='bbox 1320 4411 1377 4480; x_wconf 86' lang='grc' dir='ltr'>καὶ</span> <span class='ocrx_word' id='word_1_354' title='bbox 1400 4413 1499 4489; x_wconf 86' lang='grc' dir='ltr'><em>Θεοῦ,</em></span> <span class='ocrx_word' id='word_1_355' title='bbox 1521 4411 1577 4477; x_wconf 80' lang='grc' dir='ltr'>καὶ</span> <span class='ocrx_word' id='word_1_356' title='bbox 1599 4409 1744 4500; x_wconf 77' lang='grc' dir='ltr'><strong><em>σωτῆρος</em></strong></span> <span class='ocrx_word' id='word_1_357' title='bbox 1766 4405 1856 4500; x_wconf 76' lang='grc' dir='ltr'><em>ἡμῶν</em></span> <span class='ocrx_word' id='word_1_358' title='bbox 1877 4403 1990 4500; x_wconf 78' lang='grc' dir='ltr'><em>Ἰησοῦ,</em></span> <span class='ocrx_word' id='word_1_359' title='bbox 2020 4435 2090 4478; x_wconf 92' lang='lat' dir='ltr'>cum</span> 
     </span>
     <span class='ocr_line' id='line_1_39' title="bbox 720 4514 2087 4599; baseline 0 -18"><span class='ocrx_word' id='word_1_360' title='bbox 720 4518 781 4581; x_wconf 87' lang='lat' dir='ltr'>levi</span> <span class='ocrx_word' id='word_1_361' title='bbox 804 4518 984 4598; x_wconf 89' lang='lat' dir='ltr'>discrimine,</span> <span class='ocrx_word' id='word_1_362' title='bbox 1007 4515 1088 4599; x_wconf 88' lang='lat' dir='ltr'>quod</span> <span class='ocrx_word' id='word_1_363' title='bbox 1111 4515 1289 4578; x_wconf 88' lang='lat' dir='ltr'>observatur</span> <span class='ocrx_word' id='word_1_364' title='bbox 1312 4534 1433 4598; x_wconf 84' lang='lat' dir='ltr'>quoque</span> <span class='ocrx_word' id='word_1_365' title='bbox 1454 4517 1532 4578; x_wconf 89' lang='lat' dir='ltr'>inter</span> <span class='ocrx_word' id='word_1_366' title='bbox 1555 4515 1627 4578; x_wconf 91' lang='lat' dir='ltr'>alias</span> <span class='ocrx_word' id='word_1_367' title='bbox 1641 4514 1777 4596; x_wconf 89' lang='lat' dir='ltr'>ejusdem</span> <span class='ocrx_word' id='word_1_368' title='bbox 1789 4515 1910 4598; x_wconf 91' lang='lat' dir='ltr'>linguae</span> <span class='ocrx_word' id='word_1_369' title='bbox 1924 4515 2087 4599; x_wconf 87' lang='lat' dir='ltr'>Liturgias.</span> 
     </span>
     <span class='ocr_line' id='line_1_40' title="bbox 719 4614 2089 4694; baseline -0.003 -12"><span class='ocrx_word' id='word_1_370' title='bbox 719 4617 851 4682; x_wconf 82' lang='lat' dir='ltr'>lacobus</span> <span class='ocrx_word' id='word_1_371' title='bbox 873 4616 1058 4680; x_wconf 90' lang='lat' dir='ltr'>Edessenns.</span> <span class='ocrx_word' id='word_1_372' title='bbox 1104 4614 1178 4678; x_wconf 85' lang='lat' dir='ltr'>Cam</span> <span class='ocrx_word' id='word_1_373' title='bbox 1199 4614 1353 4678; x_wconf 83' lang='lat' dir='ltr'>Sacerdos</span> <span class='ocrx_word' id='word_1_374' title='bbox 1381 4635 1484 4678; x_wconf 86' lang='lat' dir='ltr'>omnes</span> <span class='ocrx_word' id='word_1_375' title='bbox 1512 4617 1667 4678; x_wconf 78' lang='lat' dir='ltr'>motiones</span> <span class='ocrx_word' id='word_1_376' title='bbox 1695 4615 1875 4689; x_wconf 65' lang='lat' dir='ltr'>absolvam,</span> <span class='ocrx_word' id='word_1_377' title='bbox 1904 4614 1960 4682; x_wconf 86' lang='lat' dir='ltr'>dat</span> <span class='ocrx_word' id='word_1_378' title='bbox 1980 4633 2089 4694; x_wconf 83' lang='lat' dir='ltr'>pacem</span> 
     </span>
     <span class='ocr_line' id='line_1_41' title="bbox 718 4713 2090 4798; baseline -0.003 -19"><span class='ocrx_word' id='word_1_379' title='bbox 718 4719 839 4798; x_wconf 84' lang='lat' dir='ltr'>populo,</span> <span class='ocrx_word' id='word_1_380' title='bbox 861 4716 919 4780; x_wconf 92' lang='lat' dir='ltr'>hoc</span> <span class='ocrx_word' id='word_1_381' title='bbox 942 4724 989 4779; x_wconf 92' lang='lat' dir='ltr'>est</span> <span class='ocrx_word' id='word_1_382' title='bbox 1010 4718 1086 4779; x_wconf 85' lang='lat' dir='ltr'>dicit</span> <span class='ocrx_word' id='word_1_383' title='bbox 1106 4717 1169 4778; x_wconf 89' lang='lat' dir='ltr'>Pax</span> <span class='ocrx_word' id='word_1_384' title='bbox 1191 4732 1258 4777; x_wconf 85' lang='lat' dir='ltr'>curn</span> <span class='ocrx_word' id='word_1_385' title='bbox 1281 4715 1416 4778; x_wconf 90' lang='lat' dir='ltr'>omnibus</span> <span class='ocrx_word' id='word_1_386' title='bbox 1438 4716 1545 4792; x_wconf 81' lang='lat' dir='ltr'>vobis;</span> <span class='ocrx_word' id='word_1_387' title='bbox 1573 4723 1604 4778; x_wconf 89' lang='lat' dir='ltr'>et</span> <span class='ocrx_word' id='word_1_388' title='bbox 1627 4723 1674 4777; x_wconf 89' lang='lat' dir='ltr'>ter</span> <span class='ocrx_word' id='word_1_389' title='bbox 1693 4716 1780 4796; x_wconf 76' lang='lat' dir='ltr'>sigaw</span> <span class='ocrx_word' id='word_1_390' title='bbox 1804 4715 1906 4778; x_wconf 73' lang='lat' dir='ltr'>mucis</span> <span class='ocrx_word' id='word_1_391' title='bbox 1925 4713 2011 4793; x_wconf 79' lang='lat' dir='ltr'>sacta</span> <span class='ocrx_word' id='word_1_392' title='bbox 2032 4713 2090 4776; x_wconf 91' lang='lat' dir='ltr'>be·</span> 
     </span>
     <span class='ocr_line' id='line_1_42' title="bbox 720 4813 2091 4895; baseline -0.003 -17"><span class='ocrx_word' id='word_1_393' title='bbox 720 4819 850 4894; x_wconf 83' lang='lat' dir='ltr'>aedicit,</span> <span class='ocrx_word' id='word_1_394' title='bbox 872 4818 985 4880; x_wconf 86' lang='lat' dir='ltr'>diceas.</span> <span class='ocrx_word' id='word_1_395' title='bbox 1023 4813 1250 4878; x_wconf 83' lang='lat' dir='ltr'>Misericordiae</span> <span class='ocrx_word' id='word_1_396' title='bbox 1271 4814 1389 4877; x_wconf 91' lang='lat' dir='ltr'>Domini</span> <span class='ocrx_word' id='word_1_397' title='bbox 1412 4817 1472 4878; x_wconf 92' lang='lat' dir='ltr'>sint</span> <span class='ocrx_word' id='word_1_398' title='bbox 1494 4833 1587 4895; x_wconf 87' lang='lat' dir='ltr'>super</span> <span class='ocrx_word' id='word_1_399' title='bbox 1608 4831 1674 4876; x_wconf 85' lang='lat' dir='ltr'>vas.</span> <span class='ocrx_word' id='word_1_400' title='bbox 1707 4813 1781 4875; x_wconf 82' lang='lat' dir='ltr'>blac</span> <span class='ocrx_word' id='word_1_401' title='bbox 1799 4813 1919 4892; x_wconf 75' lang='lat' dir='ltr'>frangit</span> <span class='ocrx_word' id='word_1_402' title='bbox 1939 4819 1970 4873; x_wconf 88' lang='lat' dir='ltr'>ct</span> <span class='ocrx_word' id='word_1_403' title='bbox 1989 4815 2091 4894; x_wconf 74' lang='lat' dir='ltr'>ripam</span> 
     </span>
    </p>
   </div>
   <div class='ocr_carea' id='block_1_10' title="bbox 589 4911 2089 5002">
    <p class='ocr_par' dir='ltr' id='par_1_11' title="bbox 589 4911 2089 5002">
     <span class='ocr_line' id='line_1_43' title="bbox 589 4911 2089 5002; baseline -0.006 -22"><span class='ocrx_word' id='word_1_404' title='bbox 589 4987 599 5002; x_wconf 37' lang='lat'><em>⁶</em></span> <span class='ocrx_word' id='word_1_405' title='bbox 719 4917 960 4992; x_wconf 80' lang='lat' dir='ltr'>Eacbaa&#39;stt&#39;am,</span> <span class='ocrx_word' id='word_1_406' title='bbox 983 4923 1044 4978; x_wconf 87' lang='lat' dir='ltr'>tam</span> <span class='ocrx_word' id='word_1_407' title='bbox 1065 4917 1171 4995; x_wconf 81' lang='lat' dir='ltr'>incipit</span> <span class='ocrx_word' id='word_1_408' title='bbox 1192 4916 1358 4980; x_wconf 76' lang='lat' dir='ltr'>omacaem</span> <span class='ocrx_word' id='word_1_409' title='bbox 1379 4915 1577 4992; x_wconf 83' lang='lat' dir='ltr'>dominicam,</span> <span class='ocrx_word' id='word_1_410' title='bbox 1606 4933 1683 4995; x_wconf 82' lang='lat' dir='ltr'>qaae</span> <span class='ocrx_word' id='word_1_411' title='bbox 1705 4913 1814 4976; x_wconf 85' lang='lat' dir='ltr'>deinde</span> <span class='ocrx_word' id='word_1_412' title='bbox 1834 4931 1856 4974; x_wconf 87' lang='lat' dir='ltr'>a</span> <span class='ocrx_word' id='word_1_413' title='bbox 1873 4912 1987 4992; x_wconf 82' lang='lat' dir='ltr'>popolo</span> <span class='ocrx_word' id='word_1_414' title='bbox 2009 4911 2089 4971; x_wconf 83' lang='lat' dir='ltr'>iate-</span> 
     </span>
    </p>
   </div>
   <div class='ocr_carea' id='block_1_11' title="bbox 718 5007 2091 5098">
    <p class='ocr_par' dir='ltr' id='par_1_12' title="bbox 718 5007 2091 5098">
     <span class='ocr_line' id='line_1_44' title="bbox 718 5007 2091 5098; baseline -0.006 -18"><span class='ocrx_word' id='word_1_415' title='bbox 718 5035 778 5098; x_wconf 79' lang='lat' dir='ltr'>pra</span> <span class='ocrx_word' id='word_1_416' title='bbox 800 5017 966 5079; x_wconf 84' lang='lat' dir='ltr'>recitatur.-</span> <span class='ocrx_word' id='word_1_417' title='bbox 988 5013 1022 5077; x_wconf 93' lang='lat' dir='ltr'>ln</span> <span class='ocrx_word' id='word_1_418' title='bbox 1043 5013 1101 5077; x_wconf 89' lang='lat' dir='ltr'>illis</span> <span class='ocrx_word' id='word_1_419' title='bbox 1123 5013 1226 5078; x_wconf 86' lang='lat' dir='ltr'>uerbis</span> <span class='ocrx_word' id='word_1_420' title='bbox 1250 5014 1426 5097; x_wconf 88' lang='lat' dir='ltr'>agnoscitur</span> <span class='ocrx_word' id='word_1_421' title='bbox 1447 5013 1534 5098; x_wconf 77' lang='lat' dir='ltr'>huJus</span> <span class='ocrx_word' id='word_1_422' title='bbox 1552 5015 1646 5096; x_wconf 91' lang='lat' dir='ltr'>partis</span> <span class='ocrx_word' id='word_1_423' title='bbox 1659 5013 1814 5098; x_wconf 86' lang='lat' dir='ltr'>Liturgiae</span> <span class='ocrx_word' id='word_1_424' title='bbox 1830 5011 1996 5094; x_wconf 88' lang='lat' dir='ltr'>dispositio.</span> <span class='ocrx_word' id='word_1_425' title='bbox 2018 5007 2091 5074; x_wconf 91' lang='lat' dir='ltr'>Usi·</span> 
     </span>
    </p>
   </div>
   <div class='ocr_carea' id='block_1_12' title="bbox 0 0 2368 6025">
    <p class='ocr_par' dir='ltr' id='par_1_13' title="bbox 0 0 2368 6025">
     <span class='ocr_line' id='line_1_45' title="bbox 0 0 2368 6025; baseline 0 0"><span class='ocrx_word' id='word_1_426' title='bbox 0 0 2368 6025; x_wconf 95' lang='lat' dir='ltr'> </span> 
     </span>
    </p>
   </div>
  </div>
 </body>
</html>
