4784 6040
551 517 940 598 necionem
991 516 1438 597 SANGTORUM.
1600 517 1674 592 411

312 709 509 804 precatoriis
541 706 734 804 Seraphim,
778 709 832 803 qui
871 708 933 781 alis
969 729 1033 780 sex
1066 709 1234 800 instructi,
1271 707 1383 782 effusis
1417 705 1560 781 vocibus
1595 709 1677 797 suis,

313 823 468 916 laudant,
495 823 654 913 clamant,
681 835 715 897 et
741 825 861 898 dicunt.

417 940 579 1035 Populus.
633 941 786 1014 Sanctus.

416 1059 591 1130 Sacerdos
622 1059 812 1130 inclinatur.
866 1057 1008 1130 Sanctus
1040 1079 1094 1145 es,
1125 1057 1286 1147 Domine,
1320 1065 1457 1153 potens,
1492 1077 1567 1125 cum
1598 1057 1678 1126 uni-
1724 1067 1831 1122 toarno
1857 1065 2002 1137 Evangeli-

312 1179 425 1268 genito
451 1174 536 1248 Filio
562 1185 639 1266 tuo,
666 1185 699 1247 et
724 1175 849 1271 Spiritu
875 1185 931 1246 tuo
959 1185 1089 1263 sancto,
1116 1197 1183 1246 una
1207 1184 1325 1245 natura
1355 1172 1516 1262 indivisa,
1549 1183 1677 1260 sancta,
1690 1160 1755 1205 ⁸²⁸²·

313 1303 347 1364 et
372 1295 482 1366 omnia
509 1291 744 1366 sanctificante.
797 1293 898 1366 Peter
925 1294 980 1388 qui
1005 1293 1092 1364 misit
1116 1290 1234 1362 Filium
1261 1311 1365 1376 suum,
1393 1287 1435 1359 ad
1451 1287 1590 1361 salutem
1605 1310 1676 1361 no-

313 1417 435 1499 stram,
463 1417 496 1480 et
521 1408 623 1484 Filius
653 1411 707 1502 qui
733 1411 922 1481 incarnatus
959 1431 1004 1479 ex
1036 1408 1198 1502 genitrice
1230 1404 1295 1478 Ilei
1327 1404 1455 1492 Maria,
1491 1425 1611 1500 passus
1644 1414 1678 1475 et

266 1589 270 1598 .
313 1523 489 1598 crucillxus
516 1535 585 1616 est,
609 1535 748 1621 propter
773 1527 951 1617 imaginem
978 1546 1074 1596 suam
1100 1545 1186 1618 quoe
1212 1530 1368 1617 corrupta
1394 1520 1514 1611 luerat,
1542 1530 1575 1592 et
1592 1518 1677 1615 Spi-

313 1645 394 1716 ritus
420 1651 572 1733 sarrctus,
599 1640 821 1714 sanctificator
847 1640 1082 1713 sacrificiorum
1096 1638 1306 1727 divinorum.

415 1758 565 1830 bleonus
589 1779 715 1830 ccccm
769 1753 852 1830 oum
879 1778 963 1848 ergo
990 1765 1203 1852 suscepturus
1230 1763 1323 1828 esset
1348 1765 1489 1827 mortem
1514 1753 1676 1828 volunta·
1716 1751 1814 1851 ‘neom
1831 1754 1928 1808 Fr¹¹¹¹⁸
1945 1754 2001 1809 ⁰⁰·

312 1877 395 1947 dem
421 1896 483 1971 pro
509 1872 607 1946 nobis
633 1872 885 1968 peccatoribus,
910 1877 983 1967 ipse
1010 1875 1083 1944 sine
1108 1880 1268 1968 peccato,
1301 1893 1343 1942 ea
1371 1881 1475 1974 pocta
1510 1894 1574 1968 quo
1602 1882 1677 1944 tra-
1690 1853 1759 1890 enm.

313 1989 469 2080 debatur,
495 2000 532 2063 ut
556 1999 742 2086 pateretur,
769 1991 1031 2084 accepitpanem
1047 1993 1082 2061 in
1098 2010 1216 2062 manus
1230 2009 1309 2061 snas
1323 1995 1470 2078 sanctas,
1496 1997 1530 2060 et
1545 1989 1678 2083 aspexit

314 2108 355 2181 ad
388 2119 421 2179 te
453 2108 561 2180 Deum
592 2116 626 2178 et
652 2107 802 2194 Patrem,
830 2115 863 2178 et
888 2108 1015 2199 gratias
1041 2126 1147 2198 agens
1173 2112 1194 2188 †
1220 2102 1407 2192 benedixit,
1433 2111 1454 2186 †
1482 2101 1676 2176 sanctitica-

311 2227 378 2314 vit,
404 2231 425 2307 †
451 2223 572 2316 fregit,
598 2232 632 2294 et
666 2222 756 2295 dedit
787 2222 954 2320 discipulis
989 2225 1059 2296 suis
1094 2231 1128 2294 et
1160 2220 1334 2317 Apostolis
1370 2224 1512 2310 sanctis,
1545 2220 1676 2292 dicens:

312 2341 483 2435 Accipite,
509 2339 597 2411 edite
624 2362 669 2410 ex
702 2361 761 2426 eo,
787 2339 862 2412 Hoc
889 2351 942 2412 est
973 2361 1096 2435 corpus
1130 2360 1240 2410 meum
1273 2337 1361 2431 quod
1393 2358 1456 2433 pro
1491 2334 1608 2424 vobis,
1644 2346 1678 2408 et

312 2479 375 2553 pro
401 2454 510 2528 multis
536 2453 718 2546 frangitur,
746 2466 779 2526 et
805 2455 919 2545 denir,
944 2458 979 2526 in
1004 2455 1234 2528 remissionem
1260 2461 1487 2549 peccatorum,
1516 2467 1549 2528 et
1574 2459 1678 2529 vitam

316 2581 494 2644 aeternam.
547 2569 702 2643 Similiter
727 2575 847 2660 otiam,
874 2581 908 2642 et
921 2569 1059 2645 calicem
1078 2581 1252 2667 postquam
1268 2581 1507 2662 coenaverunt,
1533 2575 1678 2646 miscens

316 2709 362 2760 ex
387 2689 467 2760 vino
495 2695 529 2757 et
554 2708 659 2780 aqua,
686 2691 813 2778 gratias
841 2691 928 2780 egit,
955 2694 976 2770 †
1002 2685 1184 2777 benedixit,
1211 2693 1232 2769 †
1258 2686 1477 2760 sanctificavit
1494 2695 1515 2771 †
1532 2698 1566 2761 et
1589 2688 1677 2760 dedit

314 2803 479 2899 discipulis
506 2804 590 2890 suis,
618 2810 652 2873 et
676 2803 848 2897 Apostolis
876 2806 1016 2891 seretis,
1049 2802 1178 2874 dicens:
1210 2803 1384 2898 Accipite,
1419 2803 1522 2878 bibite
1555 2827 1602 2877 ex
1635 2827 1677 2878 eo

314 2942 449 2992 omnes:
474 2918 538 2990 Hic
564 2926 616 2990 est
642 2921 777 3010 sanguis
805 2939 898 2990 meus
923 2918 1015 2990 Novi
1041 2917 1263 3008 Testamenti,
1299 2921 1354 3014 qui
1386 2941 1448 3015 pro
1483 2918 1604 3010 vobis,
1645 2930 1680 2992 et

313 3058 374 3132 pro
401 3036 509 3109 moltis
536 3033 725 3124 effunditur,
752 3045 786 3106 et
811 3034 906 3107 datur
932 3041 965 3106 in
991 3035 1219 3106 remissionem
1244 3044 1478 3130 peccatorum,
1506 3049 1540 3111 et
1574 3042 1677 3115 vitam
1726 3025 1823 3119 'cyrum

315 3163 492 3225 aeternam.
545 3150 759 3224 sanctitatem
787 3173 870 3222 vero
898 3153 1049 3245 eorporis
1076 3160 1110 3222 et
1137 3152 1306 3242 sanguinis
1333 3154 1384 3224 sui
1410 3155 1491 3248 ipsis
1523 3177 1677 3230 eommu-

313 3274 447 3360 nicans,
473 3272 564 3366 prius
592 3269 776 3357 admonuit,
803 3272 1040 3364 praecepitque
1075 3271 1145 3358 eis3
1181 3291 1256 3341 cnm
1286 3267 1350 3342 illis
1381 3269 1677 3362 communicabitis,

313 3396 512 3460 mementote
539 3397 573 3458 et
598 3389 690 3478 agite
716 3388 1063 3458 commemorationem
1090 3387 1205 3456 mortis
1232 3406 1344 3474 meae,
1372 3385 1480 3458 donec
1506 3389 1649 3460 veniam.

415 3503 575 3597 Populus.
627 3500 746 3575 Mortis
773 3511 858 3574 tuae.

415 3619 599 3692 Sacerdos.
651 3619 847 3691 Memoriam
874 3621 971 3690 etiem
999 3620 1128 3710 agimus
1160 3619 1304 3690 omniurn
1330 3617 1459 3691 illorum
1487 3644 1572 3716 quae
1600 3622 1675 3696 dis·
1723 3629 1813 3701 ignoti

312 3739 503 3833 pensatorie
528 3757 591 3832 pro
617 3735 715 3809 nobis
742 3759 761 3806 a
784 3744 818 3807 te
844 3744 917 3807 acta
945 3743 979 3806 et
999 3732 1148 3830 perlecta
1172 3743 1257 3822 sunt,
1284 3734 1417 3808 Christe
1435 3735 1528 3810 Deus
1543 3748 1674 3812 noster:

313 3856 493 3927 nativitatis
519 3862 597 3925 tuae
623 3851 794 3941 salutaris,
820 3851 1026 3947 baptismatis
1053 3851 1099 3923 tui
1125 3849 1244 3941 divini,
1270 3852 1461 3949 sepulturae
1477 3861 1553 3926 tuae
1579 3857 1675 3928 vivi-

312 3969 412 4059 ficae,
451 3968 719 4042 Resurrectiouis
759 3978 836 4040 tuae
878 3966 1081 4058 dominicae,
1123 3967 1343 4042 Ascensiouis
1386 3979 1464 4041 tuae
1502 3969 1675 4062 excelsae,

312 4087 540 4180 sessionisque
566 4095 644 4157 tuae
670 4084 712 4157 ad
739 4085 912 4158 dexteram
938 4084 1004 4155 Dei
1029 4094 1063 4156 et
1087 4083 1205 4157 Patris.
1257 4085 1380 4158 lterum
1413 4089 1512 4158 etiarn
1539 4086 1675 4161 adven-

313 4209 364 4274 tus
392 4203 438 4274 tui
463 4201 551 4296 pleni
577 4210 722 4273 tremore
748 4203 939 4273 memoriam
968 4202 1118 4292 agimus,
1144 4222 1220 4272 oum
1245 4201 1279 4271 in
1305 4200 1413 4294 gloria
1438 4225 1560 4296 magno
1583 4227 1675 4279 exo-

310 4319 416 4404 riens,
442 4320 544 4389 vivos
571 4325 604 4386 et
630 4326 778 4390 mortuos
801 4317 1006 4408 judicaturus
1033 4339 1089 4389 es:
1116 4338 1190 4387 cum
1202 4315 1328 4409 Angeli
1350 4318 1474 4409 judicio
1496 4330 1552 4394 tuo
1572 4325 1676 4394 territi

312 4443 424 4524 erunt,
449 4434 638 4505 Potestates
666 4433 920 4523 tremebundae,
947 4431 1088 4506 Ordines
1124 4430 1290 4507 coelestes
1324 4434 1524 4525 conturbati,
1558 4459 1675 4510 omnes

311 4545 462 4623 homines
487 4552 520 4620 in
547 4551 643 4620 animi
670 4549 813 4645 deliquio
840 4559 983 4637 stantes,
1007 4549 1167 4643 judicium
1193 4548 1340 4622 terribile
1365 4559 1399 4622 et
1425 4574 1581 4625 severum
1604 4577 1674 4626 ex-

310 4664 505 4761 pectabunt:
531 4674 609 4736 tunc
635 4690 709 4740 cum
731 4668 857 4760 justitio
883 4668 989 4738 minas
1015 4669 1226 4761 experietur,
1252 4689 1362 4761 neque
1392 4672 1500 4761 gratia
1536 4674 1674 4744 miseri-

311 4778 459 4856 cordiam
485 4781 692 4877 praestabis
709 4805 783 4855 cum
811 4780 976 4856 carbones
1001 4781 1176 4873 ardentes,
1202 4781 1333 4856 flamma
1360 4781 1578 4874 comburens,
1605 4808 1674 4879 ge-

311 4896 419 4971 benna
445 4899 644 4971 inextincto:
671 4906 759 4989 tune,
786 4901 1062 4996 competitiones
1088 4898 1305 4995 repellentur,
1332 4899 1586 4996 deprecationes
1607 4925 1675 4975 nou

313 5015 552 5110 suscipientur,
588 5018 757 5090 orationes
797 5037 865 5089 non
906 5014 1095 5103 audientur,
1139 5018 1396 5092 intercessiones
1438 5020 1674 5113 cujuscumque
1711 5005 1719 5020 ⁸

357 5152 479 5198 renuo.
1418 5136 1467 5211 55
