4730 6038
536 456 665 534 NOTAE
690 458 731 534 IN
757 442 962 534 subdubito
988 454 1191 532 PlllLOXbllI
1215 453 1430 532 Llllllllllllbl.
1593 449 1668 526 319

308 643 464 724 coelesti:
500 643 662 740 simulque
692 641 752 716 tibi
784 640 967 714 referemus
1001 639 1141 735 gloriam
1178 650 1211 712 et
1243 638 1392 731 leudem3
1417 641 1574 736 Patrique
1601 649 1670 730 tuo,

304 771 338 834 et
364 759 501 856 Spiritui
527 767 584 832 tuo
612 769 750 848 sancto,
775 779 882 848 nunc,
908 766 971 830 etc.

407 875 569 969 Populus.
622 875 741 950 Amen.
801 901 805 907 ·

406 991 594 1064 Diaconos.
647 990 793 1065 Benedic
817 993 969 1064 Domine.

408 1108 590 1182 Sacerdos.
643 1107 788 1181 Benedic
814 1107 975 1180 omnibns.

670 1463 1303 1514 ψ

524 1925 574 2018 lll
605 1922 851 2020 SECUNDAM
881 1924 1138 2018 PlllLOXllNI
1167 1924 1427 2018 LITURGIAM

897 2184 1072 2268 utili.

399 2417 491 2512 Quin
514 2428 709 2493 Philoxenum
731 2437 878 2512 spectant,
902 2429 979 2494 dicte
1002 2437 1070 2494 suunt
1091 2429 1130 2492 ad
1151 2430 1284 2512 priorem
1307 2427 1441 2511 ejusdem
1463 2428 1540 2492 tituli
1561 2429 1666 2494 Litur-

304 2535 394 2618 gbm,
417 2551 504 2614 quam
526 2533 563 2596 ab
577 2532 634 2596 ista
653 2533 802 2596 diversum
825 2534 944 2597 omnino
967 2551 1036 2598 esse
1059 2535 1131 2598 satis
1154 2539 1334 2596 constater
1356 2533 1526 2614 praecipuis
1549 2536 1666 2598 oratio-

305 2633 403 2718 nibus,
425 2633 602 2714 praesertim
625 2652 666 2698 eu
686 2631 782 2694 forma
803 2631 965 2696 verborum
988 2632 1113 2705 Christi,
1136 2638 1166 2696 ει
1187 2631 1388 2695 Invocationis
1411 2632 1539 2714 Spiritus
1561 2635 1665 2697 sancti.

304 2733 405 2796 Verba
432 2731 552 2794 diversa
582 2739 665 2810 sunt,
693 2731 749 2794 sed
778 2732 925 2795 sententia
954 2739 987 2794 ut
1015 2732 1045 2794 in
1074 2731 1141 2798 aliis
1169 2731 1305 2794 omnibus
1332 2730 1444 2794 eadem
1487 2731 1667 2817 Agnoscunt

304 2831 471 2894 Maronitas
493 2831 692 2910 recentiores,
715 2830 868 2895 Philoxeni
889 2830 1052 2913 liturgiam
1074 2831 1154 2912 apud
1175 2831 1327 2895 Jacobites
1351 2839 1469 2906 extare3
1492 2831 1547 2896 sed
1568 2852 1666 2916 quae-

304 2915 371 2993 rlum
395 2950 434 2994 ex
456 2929 570 2993 duabus
593 2948 667 3010 quas
689 2930 809 3010 damus,
839 2931 897 2994 illis
920 2937 991 2993 nota
1014 2927 1118 3008 luerit,
1146 2947 1208 2993 non
1235 2927 1412 3012 significant.
1456 2928 1542 3004 Quod
1567 2940 1667 2996 autern

303 3030 452 3094 Naironus
474 3028 556 3092 illum
579 3029 673 3092 luisse
695 3031 877 3112 Episcopum
898 3028 1136 3092 Berrboeensem
1159 3027 1272 3107 scribit,
1294 3047 1400 3091 verum
1422 3046 1483 3092 non
1505 3037 1561 3093 est.
1591 3032 1666 3094 Nam
1695 3037 1891 3110 Naemsscopi.
1902 3059 1927 3111 p.
1942 3043 1987 3097 52.

305 3130 452 3210 Moboupe
473 3147 528 3192 seu
550 3128 698 3210 Mecbipc,
727 3138 760 3192 ut
782 3129 899 3192 Arabes
922 3127 981 3192 boc
1002 3145 1111 3190 nomen
1134 3127 1280 3206 ellerunt,
1312 3135 1358 3190 εει
1380 3127 1561 3209 Hierapolis.
1606 3129 1666 3194 Sed

304 3228 455 3310 Liturgias
477 3227 544 3290 illas
568 3246 671 3290 omnes
695 3229 847 3310 Syriacas,
871 3227 1035 3290 Maronitae
1050 3227 1237 3290 recentiores
1256 3227 1344 3289 etiarn
1362 3227 1413 3307 qui
1432 3229 1530 3308 aliqua
1550 3227 1666 3292 doctri-

303 3344 362 3391 nae
385 3326 473 3390 laude
497 3327 679 3406 claruerunt,
702 3336 761 3392 tum
783 3326 975 3409 indiligenter
997 3333 1211 3405 tractaverunt,
1232 3332 1266 3389 ut
1286 3326 1403 3390 illorum
1422 3327 1535 3408 judicia
1557 3326 1665 3390 nullius

304 3425 447 3508 ponderis
476 3445 544 3490 esse
579 3428 716 3490 debeant.
762 3426 850 3500 Quod
880 3429 945 3510 ejus
974 3427 1086 3508 scripte
1115 3425 1201 3488 simul
1230 3443 1296 3488 eum
1326 3425 1459 3488 Homiliis
1489 3427 1665 3490 Sanctorum

303 3525 422 3587 Petrum
451 3525 570 3607 publice
600 3526 677 3590 lecta
708 3527 779 3590 dicit
806 3527 933 3590 Faustus
955 3525 1120 3602 Nouanus,
1142 3525 1304 3588 verisimile
1326 3532 1388 3588 est:
1419 3525 1564 3607 pleraque
1586 3527 1664 3590 enim

303 3621 415 3692 Iltbicu
430 3633 500 3688 sunt
521 3625 559 3690 de
576 3623 809 3690 Christianorum
832 3625 945 3706 officiis,
969 3644 1066 3707 neque
1089 3626 1145 3688 ulia
1165 3625 1299 3688 continet
1315 3625 1536 3688 vetustissimus
1560 3623 1665 3689 Codex

304 3723 527 3804 Seguierianus‚
551 3725 631 3788 nulla
656 3745 732 3807 quae
755 3725 792 3788 ad
805 3726 1011 3810 theologiam,
1034 3732 1065 3788 et
1080 3725 1116 3788 ad
1128 3725 1403 3807 monophysitarum
1418 3725 1566 3806 opinionis
1586 3743 1664 3789 con-

304 3821 499 3886 firmationem
522 3833 678 3907 spectent:
709 3827 806 3906 qualia
835 3833 934 3888 tamen
955 3825 1036 3888 illum
1058 3825 1189 3888 edidisse
1212 3833 1329 3888 constet
1352 3843 1392 3887 ex
1414 3824 1588 3887 testimoniis
1610 3843 1664 3887 re-

304 3918 372 3983 latis
399 3921 429 3984 in
460 3923 600 3987 Tractatu
630 3925 669 3988 de
699 3923 757 3988 lide
784 3925 920 4004 Petrum,
952 3933 982 3988 et
1013 3925 1041 3986 in
1070 3925 1197 3988 diversis
1220 3923 1442 4007 Theologcrum
1462 3923 1663 3989 lucebitarum

304 4021 435 4102 scriptis.

614 4335 648 4405 2.
693 4335 807 4410 Locus
832 4336 1019 4408 habitaculi
1043 4338 1239 4408 sanctitutis
1265 4341 1353 4407 tuac.

401 4541 590 4618 Duruicireu
612 4554 688 4619 baec
709 4558 802 4620 verba
825 4556 951 4642 intelligi
972 4563 1111 4639 possunt:
1134 4556 1217 4637 prior
1233 4574 1347 4632 sensus
1370 4557 1463 4620 estis
1486 4575 1575 4637 quem
1588 4575 1679 4628 ver-,

306 4655 392 4718 sione
415 4657 621 4738 expressimus
644 4660 695 4741 qui
716 4660 965 4742 praecedentibus
987 4658 1160 4742 respondet.
1190 4659 1288 4738 Alter,
1309 4661 1335 4724 si
1357 4659 1457 4724 ultima
1479 4641 1541 4724 vox
1554 4659 1665 4743 plurali

305 4772 430 4820 numero
454 4757 633 4838 accipiatur,
662 4759 743 4839 quod
764 4760 881 4824 duobus
903 4761 1021 4843 punctis
1044 4762 1240 4842 superpositis
1262 4761 1332 4842 Syri
1352 4759 1537 4842 significent,
1560 4767 1591 4823 et
1612 4760 1662 4824 illa

305 4871 399 4936 saepe
421 4856 602 4934 omittuntur,
626 4857 694 4920 telis
717 4865 764 4921 est
791 4861 875 4922 lacum
896 4859 1062 4923 habitaculi
1082 4859 1263 4923 Saxetanum
1283 4869 1415 4924 inunum:
1436 4867 1541 4924 sanctu
1562 4865 1661 4921 autem

304 4950 353 5014 bic
375 4953 502 5038 intelligi
524 4963 644 5037 oportet
665 4944 709 5038 τρὶ
731 4945 809 5042 ἅγια
831 4959 895 5022 sive
917 4978 1011 5023 samu
1032 4960 1183 5042 mysterio.
