4804 6026
774 589 1185 668 LITURGIAE.
1616 591 1672 686 15,

395 771 521 848 Calcea
554 798 628 865 me,
660 779 821 867 Domine,
857 776 899 849 ad
940 780 1231 874 praeparationem
1264 775 1443 871 Evangelii
1474 780 1587 873 pacis,
1628 790 1665 852 ut

292 899 463 964 conteram
490 903 665 988 serpentes
692 904 726 966 et
752 896 919 990 scorpios,
946 915 1143 989 omnemque
1162 898 1320 967 viantem
1353 897 1488 984 inimici,
1515 899 1551 968 in
1577 917 1663 968 sae-

292 1007 376 1080 cula.
402 1009 522 1080 Amen.

399 1125 480 1196 Tum
505 1127 636 1218 accipit
661 1127 827 1214 deutrum,
855 1132 890 1197 et
915 1126 1008 1197 dicit.

394 1239 563 1337 Deprimo,
590 1243 734 1314 Domine
760 1245 865 1331 Deus,
892 1239 954 1315 sub
982 1240 1162 1314 scabellum
1195 1243 1316 1338 pedum
1352 1265 1503 1316 meorum
1530 1264 1664 1317 omnem

292 1355 523 1430 sublimitatem
557 1357 773 1430 extollentem
805 1379 844 1432 se
877 1358 1041 1430 adversus
1079 1361 1250 1432 scientiam
1291 1369 1399 1449 tuam,
1435 1362 1481 1431 ita
1522 1367 1559 1431 ut
1600 1383 1664 1456 per

293 1473 448 1544 auxilium
475 1481 577 1560 tuum,
603 1483 776 1546 conteram
800 1477 977 1569 passiones
1004 1473 1158 1546 carnales
1183 1478 1218 1547 iu
1245 1475 1390 1548 saecula.

392 1591 535 1682 Accipit
560 1586 767 1678 Χιτιόνιον,
799 1594 965 1684 sectoque
990 1613 1092 1685 super
1126 1590 1209 1662 illud
1241 1591 1373 1684 triplici
1404 1593 1501 1683 eiquo
1538 1595 1663 1680 crucia,

289 1704 400 1774 induit
426 1704 519 1794 illud,
547 1711 582 1777 et
607 1707 700 1778 dicit.

395 1820 498 1894 Indue
525 1845 579 1894 me
604 1824 748 1895 Domine
774 1831 872 1898 veste
898 1825 1154 1920 incorruptionis
1179 1846 1242 1920 per
1266 1826 1422 1896 virtutem
1448 1822 1591 1918 Spiritus
1617 1825 1664 1895 tui
1751 1861 1752 1864 π

291 1941 414 2010 saneti:
442 1947 475 2009 et
499 1948 635 2032 praesta
661 1937 737 2010 mihi
765 1948 800 2010 ut
817 1939 968 2035 placeam
988 1939 1048 2012 tibi
1059 1937 1207 2014 moribus
1224 1938 1322 2012 bonis
1350 1951 1384 2013 et
1408 1942 1521 2029 rectis,
1548 1942 1662 2011 omni-

289 2052 351 2126 bus
378 2052 494 2126 diebus
519 2056 610 2126 vitae
635 2077 732 2128 meae
757 2056 909 2128 Domine.
1710 2137 1715 2142 ,

392 2170 517 2265 Siqnat
542 2175 596 2240 ter
624 2172 783 2243 Orarium
810 2175 922 2243 crucis
954 2175 1070 2264 eiquo,
1104 2171 1252 2266 illudque
1285 2174 1428 2265 imponit
1462 2171 1551 2244 collo
1587 2193 1662 2263 suo,

290 2287 499 2380 immittitque
524 2309 627 2380 anper
648 2295 771 2381 peetus
798 2292 1027 2376 transversim,
1054 2293 1090 2360 iu
1112 2293 1259 2383 sannam
1285 2291 1417 2377 mucia,
1444 2289 1585 2358 dicens:

395 2405 600 2495 Praecinges
626 2427 681 2476 me
706 2408 829 2476 virtute
855 2408 889 2476 in
915 2403 1018 2495 bello,
1045 2415 1079 2477 et
1105 2404 1271 2501 deprimes
1293 2407 1504 2498 insurgentes
1531 2401 1661 2475 adver-

289 2539 363 2591 sum
390 2543 455 2608 me,
483 2517 599 2592 subtus
614 2542 678 2592 me.

392 2635 516 2728 Siqnut
542 2643 597 2709 ter
622 2660 743 2709 sonam
769 2640 882 2710 mama
907 2640 1016 2730 siquo,
1043 2645 1079 2710 et
1104 2640 1210 2729 clepit
1235 2659 1310 2708 earn
1334 2639 1433 2708 circa
1457 2657 1558 2708 renea
1583 2659 1663 2710 nuos

289 2747 453 2824 dicens:-
1675 2751 1685 2758 “

390 2867 582 2960 Accingere
615 2868 729 2960 gladio
765 2891 868 2968 super
900 2891 1000 2942 renes
1034 2880 1125 2959 tuos,
1160 2890 1181 2941 o
1216 2875 1353 2964 potens:
1388 2871 1502 2963 speeie
1537 2877 1593 2939 tua
1629 2878 1663 2940 et

288 2980 398 3074 gloria
426 2992 493 3074 tua,
521 2995 583 3056 etc.

393 3100 534 3194 Accipit
558 3100 761 3194 manipulum
797 3106 831 3171 et
855 3103 969 3193 aiquat
995 3101 1086 3172 illum
1111 3101 1164 3173 bie
1189 3103 1285 3196 siqno
1314 3102 1443 3188 arctois,
1476 3099 1662 3194 alligetque

289 3212 435 3286 bracbio
460 3220 611 3304 sinistro,
640 3222 674 3288 et
699 3218 792 3287 dicit.

391 3332 497 3403 Arma
531 3335 680 3424 Justitiae
711 3333 767 3403 luo
804 3331 953 3404 membra
992 3354 1089 3422 mea,
1121 3333 1281 3421 Domine,
1322 3331 1364 3402 ad
1404 3331 1513 3403 omnia
1555 3353 1661 3428 opera

287 3444 378 3518 bona
414 3458 447 3519 et
480 3457 590 3521 recta:
624 3448 753 3520 faciens
788 3469 851 3521 nos
879 3446 999 3543 templa
1031 3470 1114 3546 pura
1141 3457 1174 3518 et
1199 3467 1285 3518 vasa
1311 3445 1432 3536 electa,
1458 3468 1544 3541 quae
1570 3469 1660 3520 cou-

288 3565 426 3634 venient
452 3567 633 3638 ministerio
660 3564 790 3658 gloriae
816 3574 892 3636 tuae
919 3585 1067 3661 semper:
1094 3562 1207 3652 Pater,
1235 3572 1297 3634 etc.

397 3679 444 3751 lit
471 3681 547 3751 dum
572 3680 663 3752 illum
695 3682 813 3752 induit.
865 3681 962 3754 Doce
994 3700 1110 3752 manus
1145 3700 1238 3752 meas
1266 3677 1309 3750 ad
1333 3679 1506 3775 praelium,
1534 3689 1568 3750 et
1594 3702 1659 3752 ro-

288 3790 374 3866 bora
401 3797 485 3867 sieut
513 3819 625 3868 arcum
653 3820 789 3870 aereum
816 3795 951 3869 brachia
978 3818 1062 3869 mea.

392 3913 533 4007 Accipit
557 3912 760 4006 manipulum
786 3912 938 4000 atterum,
965 3915 1143 4008 aiquatque
1170 3935 1244 3984 eum
1275 3912 1379 3984 semel
1411 3915 1508 4005 eiquo
1536 3913 1658 3998 erucis,

178 4029 183 4048 '
289 4032 323 4097 et
349 4026 494 4124 deutero
521 4028 665 4101 bractio
692 4032 924 4122 circumponit,
952 4027 1087 4098 dicens:

392 4143 499 4218 Arma
521 4147 680 4237 justitiae,
708 4155 770 4217 eto.
797 4143 937 4216 interea.
972 4132 1124 4217 Dextera
1150 4154 1205 4216 tua
1233 4144 1369 4237 adjuvet
1394 4165 1465 4233 me,
1492 4155 1525 4215 et
1552 4142 1659 4216 disei-

288 4257 377 4354 pliua
404 4270 458 4332 tua
485 4284 539 4334 me
566 4261 695 4333 doceat.
1127 4258 1132 4263 ’

394 4375 520 4472 Siqaut
545 4379 701 4465 Fuinom,
728 4381 803 4450 sive
831 4374 998 4465 casulam,
1026 4385 1080 4449 ter
1105 4380 1202 4470 eiquo
1230 4380 1353 4464 crucia
1380 4378 1520 4447 dicens:

393 4491 598 4567 Sacerdotes
624 4495 671 4565 tui
697 4492 871 4565 induantur
893 4496 1064 4586 justitiam,
1091 4505 1154 4565 etc.

393 4609 569 4683 Sacerdos
594 4609 797 4697 inclinatur,
830 4617 865 4681 et
897 4613 1053 4682 uaoeuett
1090 4613 1127 4680 iu
1157 4609 1300 4681 medium
1333 4609 1419 4680 oeli:
1450 4615 1517 4680 tum
1550 4609 1658 4681 incli-

289 4729 392 4796 netur
418 4746 536 4797 carum
559 4749 675 4798 menan
699 4728 804 4813 uitae,
830 4727 979 4820 dicitque
1004 4725 1094 4798 banc
1121 4729 1310 4797 orationem
1332 4748 1400 4818 pro
1426 4747 1464 4798 ee
1490 4729 1565 4819 ipro
1596 4747 1659 4796 ae·-

291 4848 392 4912 creto.

393 4958 535 5029 Domine
563 4956 657 5030 Deus
684 4960 892 5054 omnipotens
920 4961 976 5054 qai
1000 4961 1139 5032 remittis
1173 4960 1361 5053 iniquitates
1392 4956 1571 5047 humanas,
1604 4959 1658 5050 qui
1741 5005 1744 5012 ·

291 5091 360 5146 non
387 5077 441 5146 vis
461 5084 602 5147 mortem
628 5077 830 5170 peccatoris:
858 5073 900 5147 ad
927 5085 961 5148 te
987 5075 1132 5148 extendo
1154 5095 1271 5149 manus
1289 5073 1400 5149 cordis
1427 5076 1502 5163 mei,
1530 5083 1563 5146 et
1589 5083 1661 5145 ate
