4784 6040
672 569 749 644 438
1174 575 1531 653 LITURGIA

775 758 959 831 Sacerdos.
1011 759 1184 853 Rogamus
1211 773 1244 835 te
1271 761 1368 834 dator
1393 765 1588 854 sanctitatis,
1615 775 1649 837 et
1674 764 1815 859 largitor
1841 773 1953 842 omnis
1968 773 2056 869 piu-²

671 879 794 966 ritatis;
822 881 953 973 suscipe
979 881 1078 950 etiam
1104 901 1190 950 nunc
1216 878 1457 950 inclinationem
1489 902 1667 954 servorum
1698 895 1829 956 tuorum
1863 889 1919 981 qui
1950 888 2036 960 eolla

671 991 852 1085 demittunt,
878 1003 912 1066 et
936 992 1076 1067 benedic
1102 997 1358 1089 congregationi
1384 995 1590 1068 adorantium
1616 1006 1661 1086 te,
1687 1003 1919 1095 pergratiam
1937 1013 2036 1076 tuam

668 1109 772 1206 lmplc
808 1119 983 1186 sanctitate
1017 1116 1143 1186 animas
1177 1122 1211 1185 ct
1240 1134 1385 1207 corpora
1423 1122 1554 1185 nostra:
1594 1111 1701 1186 libera
1734 1137 1798 1188 nos
1834 1140 1855 1190 a
1893 1129 2034 1214 peccato

670 1227 758 1321 quod
785 1232 817 1300 in
844 1230 941 1303 nobis
968 1241 1031 1320 est,
1057 1241 1093 1303 ut
1119 1238 1234 1302 sancte
1260 1227 1469 1326 perficiamus
1495 1231 1710 1303 ministerium
1736 1228 1821 1323 boc,
1854 1234 2034 1307 secundum

667 1345 903 1417 institutionem
929 1347 1004 1419 Deo
1032 1346 1177 1439 dignam,
1204 1347 1364 1437 unigeniti
1389 1343 1465 1417 Filii
1492 1348 1553 1418 tui:
1580 1369 1656 1417 cnm
1683 1370 1749 1443 quo
1766 1347 1865 1420 decet
1890 1359 1924 1421 te
1949 1350 2035 1444 glo-

667 1463 729 1548 ria,
756 1459 874 1547 honor,
902 1473 935 1534 et
960 1468 1108 1560 potentia
1134 1486 1208 1535 cum
1235 1461 1359 1559 Spiritu
1385 1470 1441 1535 tuo
1469 1464 1689 1558 sanctissimo.

769 1577 930 1672 Papulas.
983 1581 1103 1652 Amen.

781 1855 957 1928 Sacerdos
983 1857 1120 1928 eleoaaa
1144 1877 1261 1926 ooccm
1287 1855 1372 1925 dicit
1400 1853 1596 1926 Orationem
1621 1878 1724 1948 saper
1751 1854 1909 1928 oblatam.

768 2045 994 2137 Abscondite,
1021 2043 1076 2141 quui
1103 2069 1123 2117 a
1150 2047 1311 2118 creaturis
1345 2043 1453 2116 videri
1478 2065 1547 2116 nou
1572 2056 1689 2141 potes,
1723 2053 1856 2118 creator
1889 2051 2030 2123 omnium

666 2172 699 2234 et
726 2163 821 2236 dives
848 2168 882 2235 in
909 2160 1081 2250 omnibus;
1114 2161 1180 2234 dita
1216 2175 1279 2234 nos
1310 2160 1500 2233 muneribus
1533 2163 1597 2234 tuis
1623 2159 1759 2250 divinis,
1795 2171 1831 2234 ut
1864 2167 2031 2259 possimus

664 2289 810 2352 tractare
837 2283 996 2376 mysteria
1021 2277 1124 2366 baec,
1156 2300 1243 2373 quae
1276 2282 1394 2349 mentis
1421 2287 1554 2372 captum
1585 2287 1759 2373 superant3
1795 2284 1872 2374 quuia
1904 2303 1971 2354 non
1997 2285 2032 2354 in

660 2399 788 2489 justitia
814 2406 929 2469 nostra
956 2395 1106 2467 fiduciam
1130 2393 1303 2482 babemus,
1330 2392 1390 2466 sed
1415 2391 1692 2466 immisericordia
1717 2403 1786 2485 tua,
1812 2419 1898 2492 quae
1913 2399 2030 2471 Filium

665 2523 755 2584 tuum
783 2513 985 2606 unigenitum
1012 2509 1055 2582 ad
1080 2532 1143 2584 nos
1171 2510 1310 2582 demisit.
1362 2510 1416 2581 Da
1440 2506 1540 2582 nobis
1567 2531 1699 2605 quoque
1725 2510 1969 2605 confidentiam,
1996 2525 2032 2588 ut

664 2651 726 2724 per
752 2631 911 2724 mysteria
936 2625 1020 2699 baec
1052 2636 1167 2699 sancta
1199 2624 1460 2713 sanctificemur;
1496 2629 1740 2698 verumetiam
1773 2648 1837 2699 nos
1863 2628 2031 2702 circumda

665 2744 890 2837 magnitudine
922 2766 1092 2816 munerum
1131 2753 1261 2814 tuorum
1298 2740 1494 2813 divinorum.
1548 2742 1599 2815 Te
1633 2742 1775 2814 Domine
1812 2743 2031 2841 deprecamur

609 2897 614 2912 ·
665 2870 699 2932 ct
732 2863 873 2957 petimus
909 2885 929 2932 a
961 2871 1010 2949 te,
1045 2861 1206 2931 miserere
1237 2859 1361 2948 nostri,
1394 2867 1429 2928 et
1460 2856 1585 2950 largire
1617 2858 1715 2932 nobis
1747 2857 1904 2954 Spiritum
1937 2874 2028 2935 tuum

664 2987 826 3066 sanctum,
853 2979 908 3072 qui
934 2975 1096 3048 mentibus
1122 2975 1214 3071 puris
1240 2973 1366 3046 illucet:
1399 2975 1473 3069 ipse
1497 2977 1612 3045 veniat
1638 2983 1672 3046 et
1697 2976 1951 3048 commisceatur
1976 2973 2028 3048 bis

664 3091 899 3182 oblationibus,
925 3102 961 3164 ut
987 3095 1051 3164 sint
1076 3090 1187 3180 nobis,
1214 3097 1248 3162 et
1273 3093 1433 3162 universo
1459 3088 1583 3185 populo
1615 3086 1827 3164 baereditatis
1855 3102 1949 3182 tuae,
1985 3093 2028 3165 ad

662 3213 795 3282 veniam
836 3219 870 3281 ct
909 3210 1139 3280 remissionem
1176 3215 1387 3301 peccatorum
1418 3215 1625 3278 nostrorum:
1663 3215 1697 3277 et
1727 3229 1773 3278 ex
1812 3217 1878 3279 tota
1919 3210 2029 3280 anima

661 3337 776 3398 nostra
808 3328 934 3419 gratias
970 3345 1109 3417 agamus
1145 3321 1204 3394 tibi
1233 3321 1326 3394 Deus
1357 3320 1471 3410 Pater,
1507 3330 1541 3393 ct
1574 3320 1658 3394 Filio
1690 3331 1762 3395 tuo‘
1780 3325 1965 3417 unigenito,
1993 3334 2030 3397 et

661 3442 797 3540 Spiritui
823 3452 880 3514 tuo
907 3452 1033 3516 sancto.

764 3558 926 3653 Populos.
977 3559 1098 3630 Amen.

763 3677 951 3748 Diaconos.
1003 3673 1135 3747 Stemus
1162 3670 1329 3743 decenter.

764 3793 926 3888 Populos.
977 3786 1234 3862 Misericordia.-

762 3910 946 3982 Saccrdos.
1000 3905 1158 3979 Caritas·

762 4025 924 4119 Papulas.
976 4022 1120 4096 Etcum
1147 4022 1355 4117 spiritutuo.

763 4145 947 4218 Sacerdos.
1000 4142 1138 4216 Sursum
1165 4140 1277 4213 corda.

764 4261 926 4357 Populos.
979 4257 1150 4333 Habemus
1177 4256 1219 4328 ad
1244 4255 1431 4328 Dominum.

763 4376 948 4450 Sacerdos.
1002 4375 1136 4448 Gratias
1163 4392 1301 4466 agamus
1328 4372 1412 4443 Deo.

763 4493 924 4588 Papulas.
977 4495 1120 4586 Dignum
1147 4499 1181 4562 ct
1202 4491 1325 4583 justum
1352 4497 1412 4559 est.

763 4610 939 4682 Sacerdos
973 4609 1164 4681 inclinatas.
1217 4601 1406 4677 Secundum
1431 4603 1604 4675 veritatem
1631 4603 1689 4678 tibi
1715 4601 2023 4678 Dominevdebeur

661 4726 825 4816 adoratio,
851 4738 885 4799 et
910 4735 965 4798 tua
991 4735 1043 4799 est
1068 4724 1141 4798 laus
1169 4744 1253 4820 quac
1286 4718 1344 4793 tibi
1377 4718 1528 4793 refertur.
1583 4720 1743 4807 Quamvis
1769 4732 1877 4794 autom
1904 4741 2021 4793 omnes

659 4852 834 4916 creaturae
860 4862 926 4914 non
954 4841 1131 4931 sufficiant,
1157 4840 1200 4912 ad
1225 4849 1258 4911 te
1283 4836 1481 4910 laudandum
1507 4839 1591 4909 sicut
1616 4846 1766 4934 oportet,
1793 4840 1933 4933 suscipis
1961 4845 2020 4908 ta-

660 4983 735 5031 men
772 4959 998 5032 adorationem
1034 4955 1076 5030 ab
1110 4953 1279 5044 omnibns,
1316 4955 1391 5050 quia
1424 4963 1458 5026 tu
1492 4952 1600 5028 bonus
1632 4975 1687 5050 cs,
1728 4962 1776 5027 et·
1789 4955 2019 5029 miserationes

658 5086 736 5149 tuae
762 5097 862 5171 super
889 5095 1004 5148 omnes
1032 5071 1258 5145 extenduntur.
