4784 6040
685 673 764 748 444
1191 671 1551 750 LITURGIA

685 859 751 933 hoc
777 865 952 956 mysticum
980 871 1014 932 et
1041 863 1130 933 omni
1163 881 1224 956 spe
1254 858 1355 933 beata
1386 859 1529 956 plenum.
1582 857 1747 948 Domine,
1783 860 1918 954 suscipe
1950 855 2059 930 obse-

686 979 870 1049 crationem
896 984 1045 1049 nostram
1070 986 1207 1071 propter
1235 996 1309 1066 eos,
1336 986 1370 1048 et
1397 973 1472 1046 dele
1487 985 1627 1069 peccatu
1645 986 1745 1070 etque
1760 972 1912 1047 deiectus
1932 995 2060 1062 eorum,

688 1092 809 1165 dealba
835 1092 982 1166 macules
1010 1114 1143 1165 eorum:
1171 1094 1246 1186 quia
1272 1114 1341 1164 non
1370 1101 1422 1163 est
1453 1113 1563 1186 neque
1595 1089 1673 1181 fuit,
1703 1093 1790 1163 inter
1822 1113 1941 1164 omnes
1967 1091 2061 1161 carni

686 1205 863 1299 alligatos,
890 1213 945 1304 qui
970 1230 1074 1304 purus
1102 1212 1235 1281 omnino
1263 1213 1307 1280 sit
1333 1216 1367 1280 et
1391 1211 1553 1280 innocens
1580 1229 1694 1280 coram
1711 1219 1757 1294 te,
1783 1209 1848 1279 nisi
1864 1229 1949 1279 unus
1966 1205 2058 1279 solus
2122 1223 2125 1235 ·

685 1322 845 1396 Dominus
872 1333 987 1398 noster
1014 1336 1048 1397 et
1078 1325 1181 1397 Filius
1215 1333 1305 1412 tuus,
1336 1345 1399 1420 per
1435 1346 1533 1419 quem
1567 1345 1630 1396 nos
1665 1327 1763 1396 etiam
1796 1323 2058 1396 misericordiam

687 1441 848 1536 consequi
875 1462 1068 1537 speramus,
1096 1452 1129 1514 et
1160 1444 1394 1513 remissionem
1426 1447 1661 1535 peccatorum,
1696 1461 1783 1536 quoe
1813 1446 1952 1535 propter
1983 1461 2059 1510 eum

686 1566 754 1642 est,
782 1566 850 1629 tam
876 1555 973 1630 nobis
1001 1581 1099 1652 qumu
1125 1555 1199 1629 illis.

789 1671 952 1766 Populus.
1005 1672 1157 1760 Quietem
1183 1683 1329 1768 praesta.

790 1786 975 1861 Sacerdos.
1028 1789 1153 1862 Libero
1180 1792 1280 1861 etiam
1307 1799 1342 1861 et
1365 1809 1552 1885 praeserva
1577 1809 1662 1876 nos,
1688 1789 1850 1876 Domine,
1876 1785 1918 1858 alr
1944 1788 2057 1859 omni-

685 1900 747 1973 hus
775 1905 902 1977 insidiis
934 1904 1030 1978 molis
1063 1904 1198 1999 maligni
1231 1904 1415 1978 adversarii
1448 1907 1573 1978 nostri:
1608 1903 1763 1998 quamdin
1797 1912 1906 1975 autem
1933 1906 1966 1974 in
1992 1902 2058 1976 hoc

686 2019 808 2091 mundo
836 2020 1012 2114 degemus,
1047 2024 1136 2093 muni
1160 2020 1259 2094 nobis
1292 2024 1368 2092 viss
1402 2020 1563 2093 decursus
1595 2024 1719 2092 nostri:
1754 2019 1810 2092 lac
1841 2041 1904 2093 nos
1938 2019 2057 2111 dignos

686 2134 752 2206 fine
777 2134 882 2226 hono,
910 2147 944 2210 et
969 2141 1063 2209 exitu
1087 2159 1150 2233 per
1175 2137 1437 2212 misericordiam
1464 2135 1564 2210 felici.
1610 2135 1752 2232 Depelle
1779 2160 1799 2209 o
1825 2137 1923 2210 nohis
1949 2156 2057 2232 exer-

687 2253 786 2322 citum
812 2273 955 2346 nequam
981 2250 1145 2326 latronum
1172 2256 1206 2324 in
1232 2261 1313 2326 uere
1339 2251 1532 2343 volantium,
1561 2262 1595 2326 et
1614 2264 1748 2349 praesto
1768 2253 1867 2326 nohis
1881 2263 1917 2325 ut
1936 2250 2057 2322 sudia-

687 2389 760 2438 mus
787 2389 907 2440 vocem
940 2366 1028 2441 illam
1063 2366 1186 2441 laetam
1221 2368 1384 2442 dicentem
1417 2368 1460 2441 sd
1494 2391 1578 2460 nos,
1610 2371 1724 2442 venite
1757 2367 1923 2442 benedicti
1955 2371 2058 2465 petris

686 2487 770 2572 mei,
796 2484 967 2578 possidete
993 2483 1252 2576 haereditatem,
1280 2508 1366 2580 quae
1391 2496 1510 2580 parata
1536 2496 1588 2558 est
1613 2484 1728 2559 vobis:
1763 2489 1856 2557 utin
1882 2483 1946 2558 hoc
1972 2489 2058 2558 sicut

687 2607 722 2668 et
747 2601 780 2669 in
807 2597 976 2688 omnibus,
1009 2598 1214 2694 glorificetur
1240 2610 1274 2673 et
1297 2600 1450 2674 laudetur
1476 2600 1518 2674 ab
1546 2600 1699 2675 omnihus
1726 2624 1848 2676 nomen
1874 2611 1963 2674 tunm
1988 2598 2057 2672 ho-

685 2714 869 2786 norandum
906 2715 1058 2788 omnibus
1093 2715 1217 2806 modis,
1258 2727 1291 2790 et
1323 2714 1552 2808 benedictum,
1588 2718 1750 2814 simulque
1783 2719 1919 2792 Domini
1952 2718 2057 2791 nostri

685 2827 767 2900 Jesn
795 2828 930 2921 Christi,
956 2841 991 2903 et
1016 2830 1160 2927 Spiritus
1187 2835 1302 2906 suncti.

790 2944 952 3038 Populos.
1005 2945 1058 3019 Ut.
1190 3027 1191 3032 ,

790 3061 974 3134 Sacerdos.
1027 3064 1112 3138 Pax.

788 3177 951 3272 Populos.
1003 3178 1148 3252 Etcum
1177 3183 1385 3277 spiritutuo.

789 3293 974 3367 Sacerdos.
1026 3294 1280 3370 Misericordiae
1306 3295 1371 3368 Dei
1398 3299 1480 3387 sint,
1507 3305 1571 3370 etc.

788 3410 952 3505 Populus.
1004 3409 1049 3483 Et
1075 3435 1150 3484 cum
1176 3415 1291 3508 spiritu
1318 3423 1384 3485 tuo.

794 3526 971 3599 Sacerdos
993 3531 1129 3624 sraopit
1154 3535 1190 3600 et
1213 3533 1337 3625 sipnat.

789 3643 969 3717 Diaconos
995 3645 1081 3715 dicit
1107 3644 1328 3718 Catholicam.

925 3917 1101 3992 Sacerdos
1127 3920 1213 3991 dicit
1240 3921 1436 3993 Orationem
1462 3929 1542 3994 ante
1567 3923 1670 3995 Pater
1695 3930 1822 3994 noster.

768 4107 846 4180 ”Ad
878 4118 911 4179 te
945 4109 1037 4180 Deus
1073 4108 1192 4197 Pater,
1218 4083 1281 4205 'qui
1314 4132 1416 4185 causa
1448 4133 1486 4184 es
1520 4114 1663 4184 omniurn
1696 4115 1886 4208 spirituum,
1921 4109 2057 4182 offertur

686 4227 793 4297 orntio
820 4234 934 4296 nostra
961 4224 1139 4298 secundum
1167 4226 1350 4300 docuinam
1375 4229 1452 4301 Deo
1480 4229 1613 4322 dignum
1639 4232 1800 4323 unigeniti
1825 4227 1899 4300 Filii
1926 4231 1973 4300 tui
1999 4228 2056 4298 di-

685 4338 775 4426 lecti,
802 4337 935 4411 Domini
950 4340 1015 4412 Dei
1032 4345 1141 4416 nostri
1165 4343 1249 4416 Jesu
1276 4341 1408 4419 consu.
1436 4346 1619 4444 Acceptum
1645 4349 1746 4440 igitur
1772 4369 1846 4418 cam
1871 4342 1972 4435 habe,
1996 4367 2057 4441 per

688 4477 837 4527 amorem
863 4465 952 4528 tuum
980 4479 1063 4550 ergo
1095 4455 1246 4533 homines
1277 4462 1473 4536 immensum
1505 4473 1539 4536 et
1570 4473 1760 4561 paternum:
1794 4460 1962 4536 sanctifico
1994 4483 2057 4534 nos

687 4594 749 4668 per
775 4571 932 4669 Spiritum
958 4582 1046 4646 tuum
1075 4585 1236 4665 sanctum,
1263 4576 1322 4650 tihi
1349 4579 1675 4672 consubstantialem,
1703 4582 1757 4675 qui
1783 4590 1919 4653 sanctos
1941 4599 2057 4651 omncs

689 4687 833 4783 perficit:
860 4698 896 4760 ut
921 4711 983 4784 per
1010 4711 1085 4762 eum
1112 4692 1324 4766 sanctificatis
1350 4693 1531 4784 mentibus,
1565 4696 1679 4769 oribus
1712 4705 1746 4768 et
1777 4694 1898 4788 linguis
1924 4698 2057 4780 nostris,

690 4804 918 4900 abstersisque
941 4816 975 4878 et
995 4805 1187 4902 purificatis,
1213 4830 1297 4903 puro
1317 4819 1351 4882 et
1375 4811 1491 4885 sancte
1513 4835 1699 4886 mereamur
1715 4815 1877 4886 invocare
1893 4823 1927 4886 te
1950 4811 2057 4884 Deum

690 4920 825 4994 Patrem
852 4925 1130 5017 omnipotentem,
1163 4946 1297 5000 oremus
1330 4936 1364 4999 et
1390 4928 1552 5004 dicamus:
1585 4928 1686 5002 Pater
1717 4940 1833 5004 noster
1865 4930 1920 5024 qui
1954 4948 1992 5000 es
2023 4930 2057 4998 in

686 5037 801 5110 coelis.

791 5152 954 5248 Populos.
1007 5154 1257 5250 Sanctificetur,
1284 5169 1346 5232 etc.
