4712 6032
638 551 716 626 240
1217 555 1448 631 NOTAE

638 733 792 798 Jacobitas
814 737 984 816 pertinebat
1005 755 1093 818 quarn
1115 737 1224 818 reliqui
1245 739 1351 800 Patres
1373 747 1513 802 veteres:
1537 739 1595 802 nisi
1617 740 1697 820 quod
1722 759 1789 803 cum
1804 738 2014 804 Antiochenae

637 834 795 898 Ecclesiae
812 836 983 916 Episcopus
998 835 1100 914 luerit,
1124 835 1222 898 locum
1244 834 1288 897 illi
1310 838 1390 898 inter
1412 836 1639 916 eosdederuut,
1662 839 1803 919 aquibus
1814 857 1886 902 suas
1900 849 2014 904 temere

639 931 790 995 deducunt
812 935 955 1016 origines.
1001 935 1037 996 Ut
1060 937 1152 1017 igitur
1173 935 1270 1011 Petri,
1293 936 1344 1015 qui
1366 934 1446 996 illam
1468 935 1636 998 Ecclesiam
1659 934 1794 999 fundavit
1817 939 1938 1000 nomine
1960 938 2015 1000 Li-

639 1033 755 1113 turgias
786 1031 874 1095 duas:
905 1052 993 1094 unam
1023 1033 1131 1115 ignatii
1160 1034 1281 1094 nomine
1310 1034 1512 1113 scripserunt,
1541 1036 1580 1096 ita
1610 1033 1698 1098 lacile
1727 1034 1781 1098 luit
1805 1047 1836 1098 ut
1858 1037 2014 1100 Eustatbio

640 1145 761 1209 quoque
774 1147 862 1192 unam
877 1131 1093 1194 adscriberent.
1130 1131 1210 1193 lllam
1233 1133 1312 1192 inter
1334 1149 1386 1194 eas
1410 1149 1488 1212 quae
1510 1134 1541 1193 in
1563 1149 1620 1194 usu
1643 1135 1722 1214 apud
1736 1135 1901 1199 Maronitas
1914 1134 2015 1198 lorcnt

379 1214 457 1267 ‘⁴¹¹⁶‘-
491 1214 628 1281 ΨΜ
640 1230 809 1289 numeravit
833 1229 954 1292 Gabriel
977 1229 1091 1293 Sionita
1112 1231 1143 1292 in
1166 1228 1300 1311 Epistola
1328 1229 1366 1292 ad
1389 1229 1560 1308 Nibusium,
1591 1230 1743 1294 Abrabam
1772 1232 1962 1296 Echellensis
1985 1235 2015 1296 iu

314 1301 355 1419 ζ’
373 1283 435 1420 2197.
451 1367 514 1419 319.
566 1327 728 1417 162.N⁰‘5⁸
752 1326 789 1388 ad
813 1327 917 1390 llebed
946 1329 1037 1392 Jesu:
1068 1337 1099 1392 et
1121 1329 1249 1391 Faustus
1272 1328 1421 1390 ll'aironus
1450 1329 1481 1390 in
1511 1329 1638 1410 Evoplia
1667 1348 1733 1394 sua.
1779 1330 1866 1393 Edita
1895 1350 2014 1412 quoque

337 1387 442 1438 ΜΝ
525 1385 551 1436 p.
642 1433 689 1487 est
717 1426 748 1486 in
777 1427 892 1489 blissali
920 1427 1116 1490 Maronitioo:
1149 1427 1203 1490 sed
1232 1445 1298 1488 curn
1329 1427 1630 1507 interpolationibus,
1658 1447 1736 1510 quae
1764 1433 1794 1493 in
1822 1430 1888 1490 aliis
1916 1427 2014 1493 iactae

641 1532 721 1588 sunt.
767 1525 920 1588 Sinceram
942 1527 1105 1590 lectionem
1126 1527 1311 1588 restituimus
1334 1545 1374 1588 ex
1395 1525 1509 1589 Codice
1525 1526 1698 1591 Colbertino
1722 1529 1819 1591 bonae
1841 1535 1941 1603 notae,
1964 1529 2015 1610 qui

642 1643 708 1686 earn
731 1626 997 1705 repraesentabat:
1023 1645 1089 1688 nam
1112 1629 1142 1688 in
1165 1625 1264 1688 multis
1287 1625 1486 1688 desideratur.
1521 1626 1596 1689 Cum
1618 1646 1693 1688 vero
1717 1628 1846 1688 omnium
1861 1627 2016 1710 Liturgia-

641 1741 708 1786 rum
731 1743 789 1785 una
811 1727 961 1787 sententia
984 1727 1033 1804 sit,
1057 1725 1136 1788 idem
1151 1724 1327 1805 disciplinae
1343 1725 1438 1798 color,
1461 1725 1597 1788 doctrina
1613 1725 1651 1787 de
1667 1727 1862 1789 Sacramento
1885 1743 2013 1807 prorsus

642 1824 764 1886 eadem:
788 1823 950 1886 discrimen
972 1843 1048 1886 vero
1072 1824 1199 1900 nullum,
1222 1831 1435 1905 praeterquam
1458 1826 1488 1886 in
1511 1825 1673 1886 verborum
1695 1826 1846 1903 ubertate,
1869 1833 1919 1887 aut
1941 1825 2016 1887 stri-

642 1923 730 1985 ctiori
748 1923 942 2003 simplicitate
965 1925 1062 2005 possit
1084 1924 1291 2000 animadverti,
1315 1941 1393 2002 quae
1416 1923 1453 1985 ad
1477 1923 1551 1986 alias
1574 1925 1738 1987 observata
1760 1933 1845 2003 sunt,
1870 1925 1907 1988 ad
1930 1925 2015 1986 istius

642 2038 763 2101 quoque
787 2023 1019 2103 explicationem
1041 2030 1167 2103 possunt
1189 2021 1338 2100 sulilccre,
1361 2024 1388 2085 si
1409 2040 1507 2103 pauca
1529 2022 1706 2103 excipimus.

1024 2283 1059 2354 2.
1098 2282 1175 2353 Hoc
1202 2290 1254 2353 est
1280 2305 1405 2375 corpus
1429 2305 1547 2372 meum,
1575 2290 1639 2353 etc.

755 2471 791 2550 ln
814 2485 905 2546 habet
926 2485 1081 2566 singulare
1104 2484 1153 2547 illa
1176 2486 1338 2548 verborum
1352 2484 1461 2547 Christi
1483 2483 1623 2560 formula,
1647 2485 1727 2565 quod
1751 2493 1857 2548 contra
1879 2485 2015 2570 reliqua-

640 2605 706 2649 rum
729 2588 858 2649 omnium
882 2585 1006 2662 Graeci,
1037 2587 1171 2669 Coptici,
1201 2597 1232 2650 et
1254 2587 1370 2669 Syriaci
1392 2589 1466 2650 ritus
1488 2587 1691 2670 liturgiarum
1714 2589 1895 2669 exemplum,
1918 2587 2016 2669 parti-

642 2684 709 2748 cula
745 2684 811 2764 illa,
844 2687 925 2767 qnod
950 2707 1009 2767 pro
1041 2688 1128 2750 nobis
1154 2687 1308 2768 frangitur
1336 2695 1365 2748 et
1397 2689 1546 2749 daturin
1574 2689 1783 2750 remissionem
1807 2695 2015 2767 peccatorum,
2067 2675 2069 2680 ¹

642 2785 798 2846 omittitur:
832 2803 909 2865 quae
940 2793 1038 2848 tamen
1066 2805 1106 2848 ex
1132 2787 1309 2868 rigidiorum
1338 2785 1562 2866 'lbeologorum
1592 2787 1734 2867 opinione
1758 2786 1931 2849 necessaria
1953 2803 2016 2848 non

642 2891 704 2944 est:
734 2883 814 2947 unde
845 2885 1092 2965 praetermittitur
1121 2885 1232 2967 ubique
1262 2888 1293 2948 in
1315 2884 1429 2948 blissali
1452 2884 1565 2948 Romae
1595 2885 1684 2947 edito.
1730 2887 1892 2966 Sequentia
1915 2892 2016 2947 autern

642 2981 746 3060 verba,
768 2986 965 3064 mascipientes
986 2986 1062 3048 illud
1079 2987 1184 3066 fideles
1202 2992 1373 3066 praeparat
1394 2986 1437 3046 od
1459 2987 1552 3046 vitam
1574 2994 1739 3060 oetemmm,
1762 2985 1931 3066 significant
1957 2983 2017 3044 Sa-

642 3089 827 3144 cramentum
842 3081 933 3166 digne
944 3092 1119 3165 susceptum
1137 3087 1264 3166 gratiam
1288 3083 1429 3147 conferre
1452 3083 1590 3146 fidelibus
1614 3085 1652 3147 ad
1666 3086 1914 3165 consequendam
1924 3085 2016 3145 uitam

642 3186 803 3242 aeternam.

922 3357 957 3428 3.
1001 3357 1046 3428 Ut
1068 3381 1135 3450 per
1162 3359 1316 3451 illapsum
1342 3380 1435 3427 soum
1462 3357 1635 3446 ecblbeot,
1664 3365 1727 3428 etc.
1814 3398 1823 3406 -

740 3546 794 3626 Εο
817 3560 847 3620 in
870 3559 939 3622 loco
963 3560 1039 3624 duae
1062 3581 1155 3624 voces
1179 3569 1359 3638 occurrunt,
1392 3579 1515 3641 quarum
1545 3560 1602 3622 bac
1629 3563 1660 3623 in
1688 3563 1825 3624 oratione
1855 3579 1927 3622 usus
1949 3559 2016 3621 ire-

642 3663 852 3740 quentissimus
868 3671 931 3725 est:
955 3666 1080 3743 tungros
1092 3677 1256 3732 ttnttbttto.
1279 3657 1497 3748 ἐπιφοίτησις,
1512 3656 1710 3740 ἐπισκίασις,
1727 3681 1743 3724 a
1761 3663 1856 3726 verbo
1868 3675 1917 3760 qam
1933 3663 2015 3744 quod

641 3759 753 3842 legitur
780 3762 810 3822 in
840 3763 982 3824 versione
1010 3765 1133 3844 Syriaca
1163 3763 1264 3826 Lucae
1291 3763 1318 3829 l.
1342 3761 1394 3828 35.
1444 3763 1545 3825 Virtus
1572 3763 1714 3824 udissimi
1739 3761 1931 3825 obumbrabit
1950 3761 2015 3836 tibi,

641 3847 842 3922 ἐπισκιάσειε
865 3869 899 3922 ut
921 3862 1108 3945 significetur
1129 3863 1253 3944 illapsus
1277 3863 1405 3944 Spiritus
1428 3864 1525 3924 sancti
1552 3863 1582 3923 in
1611 3861 1645 3922 B.
1675 3861 1847 3944 Virginem,
1879 3860 1917 3923 ad
1947 3860 2015 3922 lor-

641 3960 779 4021 mandum
802 3979 843 4020 ex
865 3979 902 4023 ea
930 3980 1060 4042 corpus,
1088 3980 1160 4024 mox
1188 3962 1397 4024 assumendum
1421 3979 1438 4023 a
1461 3961 1564 4023 Verbo
1588 3961 1654 4024 Dei.
1699 3961 1737 4023 Ut
1760 3962 1840 4023 enim
1862 3960 1933 4022 alibi
1955 3979 2016 4022 ex-

641 4056 782 4137 plicatum
805 4067 862 4137 est,
886 4079 922 4122 ea
946 4062 1170 4142 comparatione
1193 4062 1364 4124 Orientales
1386 4062 1429 4124 uti
1452 4060 1637 4142 potissimum
1660 4060 1771 4135 solent,
1795 4060 1832 4121 ad
1855 4059 2016 4139 explican-

641 4155 707 4218 dam
738 4160 961 4238 propositorum
990 4160 1206 4223 elementorum
1236 4163 1265 4224 in
1295 4179 1407 4242 corpus
1438 4168 1468 4222 et
1498 4161 1676 4242 sanguinem
1713 4158 1823 4222 Christi
1851 4157 2016 4220 mirabilem

641 4258 927 4324 transmutationem.
972 4258 1078 4321 Altera
1108 4278 1170 4322 vox
1199 4269 1246 4323 est
1273 4273 1349 4328 tritt]
1377 4278 1433 4322 seu
1457 4259 1573 4321 Graeca
1596 4245 1752 4341 ἀναδείξῃ
1781 4275 1858 4336 quae
1882 4258 2015 4318 occurrit

641 4355 671 4414 in
685 4353 807 4436 Syriaca
819 4356 924 4420 lacobi
937 4358 1083 4441 Liturgia‚
1107 4359 1197 4422 etde
1220 4379 1279 4440 qua
1301 4361 1417 4441 pariter
1439 4341 1550 4421 dictum
1573 4364 1630 4434 est,
1654 4358 1806 4435 certisque
1829 4355 2015 4438 argumentis

641 4453 886 4536 demonstratum,
909 4458 1133 4540 intelligendam
1155 4459 1234 4521 illam
1258 4477 1337 4535 esse,
1360 4476 1421 4521 non
1444 4466 1502 4520 tam
1527 4475 1566 4518 ex
1589 4457 1714 4537 Syriaca
1738 4473 1825 4536 quarn
1839 4475 1878 4516 ex
1898 4455 2016 4516 Graeca

641 4554 769 4636 origine,
791 4555 832 4616 ita
855 4565 887 4618 ut
909 4574 969 4619 non
991 4557 1168 4638 simpliciter
1189 4559 1398 4620 dernenstrore
1420 4565 1451 4618 ct
1473 4557 1643 4635 designare,
1666 4552 1720 4616 sed
1743 4551 1863 4634 efficere
1885 4561 1915 4615 et
1939 4570 2016 4613 con-

640 4672 765 4715 secrare
786 4655 943 4737 significet.
990 4655 1020 4720 Si
1044 4659 1110 4736 quis
1132 4659 1321 4737 pervicacius
1344 4655 1475 4733 insistat,
1500 4655 1644 4733 tricisque
1667 4653 1869 4734 grammaticis
1894 4649 2014 4730 simpli-

641 4768 707 4813 cem
730 4760 761 4814 et
783 4761 828 4815 tot
843 4754 1064 4839 aliisLiturgiis
1079 4775 1255 4836 expressam
1278 4757 1456 4818 sententiam
1481 4754 1646 4817 obscurare
1669 4751 1790 4828 nitatur,
1813 4747 2016 4830 exsequenti

642 4848 785 4927 formula,
814 4871 892 4934 quae
922 4854 959 4917 ad
989 4854 1115 4918 culicem
1145 4854 1278 4918 retertur
1307 4854 1407 4940 refelli
1434 4861 1551 4935 potest,
1579 4854 1611 4913 in
1638 4870 1697 4933 qua
1726 4868 1788 4912 vox
1810 4861 1891 4924 unilt
1914 4846 2017 4926 sacia!

640 4959 813 5032 usurpatur,
837 4953 1146 5035 significationemque
1169 4954 1293 5016 alterius
1316 4955 1401 5018 vocis
1423 4953 1614 5015 determinat.
1641 4951 1722 5013 ldem
1746 4951 1823 5012 enim
1837 4966 1895 5030 pro
1913 4946 2015 5024 misto,

641 5050 723 5128 quod
746 5051 825 5115 calix
848 5054 996 5134 continet,
1019 5053 1188 5136 postulatur
1209 5053 1402 5134 miraculum,
1433 5071 1469 5116 ac
1491 5071 1548 5132 pro
1572 5069 1651 5132 pane
1673 5052 1704 5113 in
1726 5049 1813 5112 altari
1835 5045 2014 5130 proposito:
