4730 6038
716 508 790 584 312
1216 505 1573 583 LITURGld

713 697 916 792 Baptismum
942 705 1031 768 mum
1058 693 1230 767 sublimem
1256 705 1290 766 et
1321 691 1564 765 admirandum:
1598 691 1829 764 miraculorum
1862 701 1951 766 tuam
1986 715 2077 789 ope-

713 815 888 898 rationem,
915 810 957 882 ad
984 833 1082 905 quam
1116 818 1244 882 mentes
1277 808 1530 905 obstupescunt:
1566 811 1756 903 passionem
1793 819 1881 882 tuam
1914 809 2078 905 placidam

714 937 748 999 et
775 927 967 998 salutarem:
994 936 1133 998 mortem
1160 934 1247 997 mam
1272 927 1385 997 vivam
1419 935 1453 997 et
1487 925 1728 998 vivificantem:
1755 925 1970 1021 seprdturam
1990 935 2078 998 tuam

663 1057 664 1062 ’
712 1042 845 1138 plenam
862 1065 923 1138 spe
938 1053 971 1114 et
985 1041 1106 1115 salute:
1120 1043 1351 1114 ascensionem
1364 1050 1453 1114 tuam
1466 1041 1508 1113 de
1520 1051 1609 1113 terra
1625 1044 1658 1112 in
1674 1042 1820 1115 coelum:
1835 1044 2020 1115 sessionem
2036 1040 2078 1112 ad

714 1157 886 1230 dexteram
907 1159 972 1231 Dei
995 1159 1119 1230 Patris:
1150 1157 1327 1230 adventum
1350 1168 1481 1230 tauma
1508 1157 1605 1228 coelo
1630 1157 1810 1229 secuudum
1832 1166 1867 1228 et
1886 1154 2078 1243 terribilem,

715 1273 844 1368 quando
867 1297 980 1347 coram
1008 1285 1041 1347 te
1066 1273 1200 1346 ordines
1216 1271 1357 1345 llammei
1379 1271 1521 1360 stabunt,
1539 1283 1573 1344 et
1592 1275 1794 1369 principatus
1818 1272 2005 1368 spirituales
2021 1271 2078 1344 tibi

712 1392 926 1463 ministerium
945 1387 1161 1462 exhibebunt:
1188 1410 1262 1460 curn
1288 1392 1568 1461 resurrectionem
1594 1387 1760 1462 hominum
1784 1390 1928 1461 omnium
1953 1388 2078 1461 facies:

714 1516 748 1577 et
773 1508 806 1576 in
829 1509 955 1598 justitia
970 1507 1148 1600 unicuique
1163 1504 1342 1576 secundum
1359 1526 1462 1598 opera
1487 1527 1547 1576 sua
1571 1504 1754 1578 retribues:
1774 1527 1848 1576 cum
1871 1525 1975 1600 opera
1999 1507 2078 1597 igne

714 1623 1000 1709 examinabuntur,
1023 1625 1198 1716 omniaque
1211 1629 1342 1694 secreta
1363 1632 1397 1693 et
1415 1601 1544 1692 occulta
1564 1623 1597 1692 in
1618 1631 1767 1716 apertum
1788 1619 1986 1716 prodibunt:
2004 1642 2078 1692 cum

711 1739 803 1832 impii
831 1747 864 1808 et
890 1740 991 1832 iniqui
1018 1735 1174 1808 tenebras
1201 1737 1401 1824 exteriores,
1434 1747 1468 1808 et
1500 1735 1672 1809 stridorem
1709 1736 1850 1808 dentium
1885 1734 2077 1807 baeredita-

711 1850 807 1924 bunt:
835 1853 982 1944 maligni,
1009 1873 1242 1949 oppressores,
1269 1861 1303 1924 et
1327 1850 1419 1924 fures
1444 1856 1478 1923 in
1503 1856 1615 1945 ignem
1641 1852 1766 1925 foveae
1798 1850 1965 1926 inferioris
1992 1875 2078 1948 pro-

709 1972 880 2062 jicientur:
907 1973 941 2041 in
967 1970 1127 2060 vincullS,
1161 1969 1316 2059 baratro,
1351 1972 1439 2040 tinea
1475 1978 1509 2039 et
1540 1989 1657 2040 verme
1693 1971 1726 2039 in
1759 1979 1929 2041 aeternum
1961 1968 2079 2043 futuri:

710 2109 785 2158 cum
812 2090 870 2182 pii,
893 2088 973 2178 justi
999 2096 1034 2158 et
1059 2090 1177 2169 sancti,
1203 2089 1236 2157 in
1265 2083 1486 2158 tabernaculis
1511 2083 1587 2157 luce
1609 2083 1790 2178 splendidis
1816 2082 2020 2175 habitabunt,
2047 2097 2079 2158 et

668 2243 669 2246 π
711 2207 746 2275 in
773 2206 982 2275 vestimentis
1007 2205 1099 2298 puris
1126 2224 1227 2297 super
1252 2198 1374 2272 nubem
1400 2200 1541 2272 lucidam
1568 2198 1787 2272 extollentur:
1823 2211 1857 2272 et
1892 2201 1933 2273 ad
1968 2200 2080 2273 thala-

712 2342 802 2392 mum
828 2317 952 2410 gaudio
978 2318 1123 2414 plenmn,
1150 2321 1185 2388 in
1211 2316 1341 2388 domum
1369 2320 1464 2409 regni
1492 2316 1681 2388 ascendent
1734 2317 1898 2390 Miserere
1923 2315 2079 2405 Domine,

713 2436 769 2507 illa
804 2434 886 2507 bora
920 2439 1154 2508 sententiamrn
1188 2433 1418 2522 ferendarum,
1454 2454 1616 2525 agnorum
1650 2433 1747 2506 ovilis
1781 2436 1845 2520 tui,
1877 2436 1933 2528 qui
1959 2435 2081 2524 signati

714 2560 791 2626 sunt
816 2573 916 2622 cruce
944 2560 998 2623 tua
1026 2551 1178 2624 salutari:
1211 2560 1246 2621 et
1272 2549 1402 2651 depelle
1427 2547 1591 2621 llammam
1619 2573 1638 2621 a
1665 2549 1860 2646 corporibus
1895 2553 1927 2621 in
1961 2547 2080 2644 quibus

715 2665 943 2738 absconditum
970 2678 1023 2738 est
1048 2688 1170 2762 corpus
1196 2677 1285 2737 tuum
1313 2677 1480 2739 sanctum:
1508 2677 1541 2738 et
1566 2663 1706 2762 prohibe
1721 2687 1871 2737 vermem
1897 2674 1931 2736 et
1957 2668 2079 2738 tineam

715 2781 758 2854 ab
793 2780 914 2854 ovibus
951 2803 1036 2876 quae
1076 2781 1291 2854 comederunt
1323 2792 1355 2855 ta
1389 2805 1463 2854 cum
1494 2781 1577 2854 lide:
1610 2793 1752 2877 protege
1784 2784 1884 2854 etiam
1922 2801 2079 2875 corpora,

716 2920 802 2992 quae
830 2901 991 2989 sanguine
1020 2909 1076 2970 tuo
1102 2901 1203 2970 tincta
1231 2909 1317 2989 sunt,
1345 2897 1526 2970 atenebris
1554 2902 1642 2970 omni
1659 2897 1735 2970 luce
1749 2896 1949 2970 carentibus.
1982 2895 2079 2969 Con-

715 3036 817 3088 serva
845 3035 977 3108 quoque
1005 3017 1158 3110 captivos
1185 3025 1261 3088 tuos
1288 3040 1307 3088 a
1334 3013 1476 3086 vinculis
1512 3013 1727 3110 perditionis:
1760 3025 1794 3086 et
1827 3025 1965 3110 propter
1996 3012 2080 3084 haec

714 3140 749 3201 et
783 3129 900 3204 similia
934 3128 1088 3202 Ecclesia
1121 3139 1156 3202 et
1188 3152 1276 3222 grex
1308 3140 1382 3201 tuus
1419 3131 1616 3226 deprecatur
1648 3142 1703 3222 te,
1734 3141 1768 3202 et
1801 3133 1934 3203 Patrem
1979 3140 2079 3218 tuum,

620 3241 623 3247 ’
715 3247 838 3318 diceus.

819 3361 978 3454 Populea.
1031 3359 1204 3432 Miserere.

817 3475 1000 3548 Sacerdos.
1053 3476 1125 3548 Nos
1153 3498 1294 3571 quoque.

818 3593 979 3686 Papulae.
1031 3591 1082 3663 'l'e
1107 3591 1290 3665 laudamus.

817 3709 1004 3780 Diaconos.
1058 3707 1163 3794 Quam
1191 3707 1335 3780 timenda
1362 3717 1414 3778 est
1438 3706 1522 3778 haec
1549 3706 1648 3795 hora,
1681 3719 1744 3781 etc.

818 3823 991 3895 Sacerdos
1025 3824 1208 3896 inclinatae
1234 3825 1317 3896 dicit
1343 3824 1597 3895 invocationem
1622 3823 1775 3917 Spiritus
1800 3828 1921 3896 sancti.

817 3940 981 4012 ltliserere
1021 3941 1126 4012 nostri
1159 3940 1319 4024 Domine,
1356 3940 1535 4014 secundum
1566 3939 1801 4012 multitudinem
1833 3943 2081 4012 miserationum

713 4066 858 4127 tuarum:
894 4065 1034 4152 peccata
1062 4059 1162 4140 etiam
1188 4067 1222 4128 et
1248 4056 1367 4130 delicta
1403 4079 1487 4151 quae
1523 4059 1743 4128 commisimus
1775 4078 1890 4129 coram
1923 4067 1973 4144 te,
2006 4054 2081 4128 dele

716 4181 750 4242 et
785 4171 922 4243 munda:
959 4171 1117 4265 absterge
1153 4195 1285 4268 qrroque
1326 4172 1472 4245 maculas
1511 4183 1645 4246 nostras
1679 4171 1829 4268 hyssopo
1861 4184 1935 4261 tuo,
1971 4175 2081 4245 omnia

716 4284 906 4360 dealbante:
942 4299 975 4359 et
1003 4291 1095 4361 mitte
1128 4311 1229 4385 super
1264 4311 1326 4362 nos
1366 4300 1400 4360 et
1434 4311 1534 4384 super
1569 4289 1755 4362 oblationes
1789 4292 1871 4361 istas
1906 4311 1993 4383 quae
2023 4286 2082 4360 tibi

717 4403 914 4492 olleruntar,
942 4408 1090 4500 spiritum
1123 4416 1212 4478 tuum
1245 4416 1411 4496 sanctum,
1445 4416 1479 4478 et
1509 4405 1582 4478 illas
1616 4404 1800 4480 sanctifica:
1835 4405 1925 4478 illum
1957 4407 2082 4478 Domi-

715 4541 793 4590 num
820 4514 1061 4609 vivificantem,
1090 4521 1263 4617 aequalem
1289 4521 1347 4595 tibi
1377 4524 1538 4614 essentia,
1572 4521 1698 4615 gloria,
1731 4526 1854 4594 virtute
1887 4532 1921 4594 et
1954 4520 2082 4596 volun-

715 4645 802 4726 tate,
842 4645 876 4708 et
910 4640 1079 4730 unigenito
1111 4638 1197 4710 Filio
1233 4649 1289 4712 tuo
1321 4642 1429 4737 ipsum
1462 4641 1517 4733 qui
1550 4637 1680 4713 locutus
1715 4648 1767 4712 est
1797 4661 1859 4737 per
1884 4638 2082 4733 Prophetas,

717 4751 1001 4847 sanctificavitque
1022 4753 1190 4828 efficacem
1213 4760 1440 4852 operationem
1467 4778 1561 4828 suam
1587 4759 1621 4828 in
1646 4755 1852 4852 Martyribus
1879 4765 1912 4828 et
1938 4754 2083 4829 Sanctia.

821 4867 982 4960 Papulae.
1036 4871 1148 4943 Orate.
