4814 6060
493 616 802 696 lGllATll
850 622 1396 722 PATRIARCHAE,
1436 645 1486 708 tc.
1615 631 1691 706 513

415 803 601 876 Sacerdos.
655 803 790 878 Exaudi
816 829 872 878 me
897 810 1051 884 Domine.

419 921 500 991 Tora
526 923 587 991 ott.
640 919 685 993 Et
710 920 865 1014 illabens,
890 923 992 997 faeiat
1017 949 1138 1022 panem
1166 927 1298 1022 quidem
1324 932 1422 1002 istum
1450 952 1574 1028 corpus
1601 955 1689 1007 san-

311 1045 398 1107 ctum
426 1035 550 1108 Christi
576 1037 641 1110 Dei
667 1041 782 1110 nostri.

414 1151 577 1244 Populos.
630 1153 750 1225 Amen.

414 1267 599 1339 Sacerdos.
653 1267 697 1341 Et
723 1272 853 1341 mistum
882 1271 968 1365 quod
1001 1275 1034 1344 in
1068 1273 1174 1346 calice
1206 1286 1276 1363 est,
1313 1280 1509 1369 sanguinem
1537 1279 1687 1372 ejusdem

312 1381 434 1457 Christi
452 1383 516 1456 Dei
542 1388 648 1459 nostri
676 1396 712 1458 ut
732 1409 795 1482 per
821 1390 977 1460 unionem
998 1412 1112 1462 eorum
1141 1391 1428 1482 sacramentalem,
1454 1396 1488 1465 in
1514 1395 1688 1471 animabus

310 1502 449 1572 nostris:
484 1511 517 1572 et
549 1503 764 1597 corporibuS‚
797 1508 863 1574 sint
894 1503 992 1578 nobis
1025 1505 1067 1577 od
1101 1506 1366 1580 emundationem
1395 1532 1415 1580 a
1448 1509 1607 1602 maculis,
1643 1514 1687 1585 ad

312 1627 524 1709 augmentum
550 1641 656 1690 verae
681 1618 771 1708 fidei,
799 1618 841 1691 ad
867 1622 1022 1693 virtutem
1059 1620 1324 1716 adipiscendam,
1357 1633 1391 1693 et
1425 1623 1467 1694 ad
1498 1624 1687 1700 libertatem

311 1731 353 1804 ab
389 1731 541 1804 omnibus
576 1738 738 1826 angustiis
774 1735 1004 1822 obtinendam,
1037 1735 1197 1810 malorum
1235 1738 1482 1834 depulsionem,
1523 1739 1687 1816 bonorum

313 1847 564 1940 abundantiam,
603 1848 870 1924 benedictionum
911 1852 1112 1941 firmitatem,
1153 1853 1354 1926 concordiae
1392 1853 1687 1947 confirmationem,

310 1963 578 2059 tranquillitatem
604 1966 739 2058 laetam,
766 1965 948 2041 sedulitatis
976 1971 1233 2041 incrementum:
1263 1969 1304 2041 ad
1331 1955 1489 2042 viaticum
1515 1971 1609 2064 longi
1626 1976 1686 2045 iti-

309 2083 416 2152 neris:
444 2079 486 2152 ad
513 2079 733 2153 arrhabonem
754 2085 846 2154 vitae
863 2093 1045 2156 venturae:
1073 2095 1108 2156 et
1134 2085 1176 2156 ad
1202 2084 1333 2180 plenam
1361 2088 1573 2160 securitatem
1601 2089 1687 2163 abs-

311 2219 376 2290 que
408 2195 623 2284 confusione,
657 2219 770 2270 coram
799 2198 884 2270 solio
912 2207 969 2271 tuo
996 2200 1182 2290 tremendo,
1209 2211 1243 2272 et
1259 2201 1412 2274 terribili:
1440 2209 1476 2272 ut
1502 2201 1544 2275 ab
1572 2207 1686 2276 omni-

309 2313 384 2401 buS,
412 2335 473 2407 per
501 2315 610 2383 omnia
638 2323 672 2384 et
696 2323 835 2408 propter
862 2317 972 2386 omnia
999 2313 1185 2388 reseramus
1213 2313 1271 2387 tibi
1296 2315 1441 2409 gloriam
1468 2326 1530 2389 ete.

413 2427 589 2499 Sacerdos
615 2429 808 2501 inclinatos.
863 2428 1004 2525 Suscipe
1031 2430 1228 2503 sacrificium
1254 2431 1320 2504 hoo
1346 2432 1490 2505 Domine
1516 2455 1579 2528 pro
1602 2435 1684 2505 uni-

309 2567 411 2618 versa
437 2542 592 2617 Ecclesia
621 2555 674 2617 tua
703 2557 835 2634 sancta,
863 2555 898 2617 et
930 2545 1143 2619 Orthodoxa:
1179 2569 1241 2642 pro
1274 2545 1496 2634 Patriarehis,
1530 2557 1564 2618 et
1595 2547 1686 2645 Epi-

310 2663 440 2757 seopis‚
480 2659 735 2748 Sacerdotibus,
770 2663 930 2735 Diaconis
966 2673 1001 2734 et
1034 2662 1171 2758 reliquis
1206 2660 1363 2736 clericis:
1399 2684 1463 2760 pro
1498 2686 1552 2736 me
1587 2667 1685 2737 etiam

308 2776 456 2865 infirmo,
484 2775 625 2868 iniecto,
652 2787 685 2849 et
710 2799 872 2873 percusso
901 2775 1069 2852 ulceribus
1097 2779 1236 2875 peccati.
1445 2875 1449 2882 Ι

412 2893 563 2964 Eleoons
594 2915 720 2964 rocem
778 2891 966 2974 Ecclesiam
997 2903 1089 2966 tuam
1131 2901 1326 2966 coronatam
1369 2897 1458 2968 omni
1500 2896 1685 2968 sanctitatis

310 3031 439 3101 genere
473 3031 556 3081 orna
589 3019 622 3082 et
653 3009 796 3082 illustra:
832 3010 993 3083 Pastores
1029 3019 1064 3080 et
1094 3020 1247 3082 rectores
1281 3011 1355 3100 ejus
1389 3012 1445 3103 qui
1476 3009 1619 3084 fideliter
1651 3021 1686 3083 et

309 3124 425 3198 sedulo
452 3132 612 3221 praesunt
638 3125 764 3214 eidem,
792 3126 955 3220 sapientia
986 3134 1020 3195 et
1052 3123 1176 3196 auxilio
1206 3124 1347 3215 adjuva.
1400 3123 1472 3197 Eos
1508 3145 1593 3196 vero
1630 3127 1686 3219 qui

310 3241 472 3314 adversus
500 3261 574 3312 eam
602 3241 819 3332 contendunt,
845 3239 1037 3314 fortitudine
1062 3237 1189 3312 brachii
1222 3242 1269 3311 tui
1302 3250 1440 3312 contere
1477 3249 1511 3311 et
1544 3237 1685 3334 dissipa:

309 3379 491 3450 omnesque
517 3355 603 3430 lilios
630 3361 703 3448 ejus
729 3355 790 3430 sub
826 3356 888 3430 alis
921 3354 1171 3430 misericordiae
1203 3364 1281 3426 turae
1318 3376 1491 3450 congrega
1528 3364 1562 3426 et
1596 3375 1684 3449 pro-

307 3482 401 3566 tege:
429 3481 567 3544 cunctos
594 3475 693 3543 etiam
721 3494 843 3546 servos
871 3482 905 3544 et
932 3473 1128 3546 adoratores
1155 3481 1230 3543 tuos
1263 3470 1304 3543 ab
1334 3471 1486 3543 oinnibus
1520 3469 1683 3562 angustiis

307 3609 492 3682 praeserva
518 3598 552 3660 et
580 3586 727 3660 custodi:
754 3596 789 3659 et
813 3587 998 3663 referemus
1025 3586 1082 3659 tibi
1109 3586 1271 3679 gloriam,
1299 3595 1362 3657 ete.

411 3702 587 3775 Sacerdos
612 3703 807 3775 inclinatos.
860 3704 913 3777 Ne
940 3713 1080 3800 propter
1105 3705 1294 3796 iniquitates
1329 3725 1424 3775 meas
1451 3702 1595 3775 Domine
1622 3722 1683 3771 re·

303 3821 401 3909 jicias
429 3817 615 3892 oblationes
642 3818 721 3907 has,
749 3842 835 3913 quae
860 3819 1012 3892 manibus
1048 3823 1131 3890 meis
1164 3818 1300 3890 infirmis
1334 3816 1467 3890 oblatae
1503 3815 1560 3889 tibi
1595 3825 1683 3904 sunt,

306 3934 365 4006 sed
393 3939 527 4030 suscipe
555 3957 614 4008 eas
641 3939 871 4030 pergratiam
899 3947 1009 4025 tuam,
1036 3946 1071 4007 et
1096 3935 1152 4006 fao
1178 3937 1371 4006 memoriam
1398 3934 1540 4021 bonam,
1568 3935 1682 4006 omni-

305 4049 368 4123 bus
396 4053 451 4144 qui
490 4049 617 4122 illarum
653 4053 836 4148 participes
868 4061 964 4142 sunt,
998 4062 1031 4123 et
1063 4072 1180 4123 eorum
1214 4051 1356 4122 omnium
1391 4052 1445 4144 qui
1482 4057 1683 4143 optaverunt

306 4165 427 4238 offerre
455 4166 515 4238 sed
541 4164 731 4238 facultatem
757 4189 826 4240 aon
858 4165 1060 4256 habuerunt3
1093 4176 1128 4239 ut
1163 4187 1278 4239 corum
1317 4167 1460 4237 omnium
1498 4165 1552 4257 qui
1589 4185 1680 4256 quo-

305 4305 445 4376 cumque
473 4294 625 4377 tempore
651 4293 686 4354 et
712 4305 918 4378 quacumque
944 4285 1075 4354 ratione
1103 4303 1217 4354 euram
1243 4278 1365 4352 babent
1395 4277 1572 4351 Ecclesiae
1604 4289 1681 4349 tuac

305 4407 452 4470 sanctae.
1570 4455 1573 4464 .

407 4513 558 4584 Elaeam
591 4537 717 4586 ooeem.
772 4513 914 4609 Suscipe
952 4535 1084 4610 quoque
1122 4535 1184 4607 per
1222 4515 1364 4604 gratiam
1398 4519 1487 4582 tuam
1521 4508 1680 4595 decimas,

302 4631 484 4726 primitias,
512 4639 545 4718 et
573 4627 760 4704 oblationes
788 4652 905 4703 eorum
932 4633 987 4725 qui
1015 4649 1089 4700 oum
1115 4627 1180 4700 lide
1214 4649 1296 4698 vera
1333 4648 1393 4698 eas
1424 4633 1681 4719 separaverunt,

303 4753 338 4815 et
363 4745 542 4818 attulerunt
569 4745 612 4817 ad
637 4743 827 4819 Ecclesiam
855 4756 943 4817 tuam
971 4754 1130 4816 sanctam.
1183 4744 1324 4815 Praesta
1352 4739 1416 4813 illis
1434 4761 1548 4812 earum
1566 4737 1680 4811 bene·

300 4859 398 4950 ficio,
425 4865 773 4934 commemorationem
802 4861 843 4934 ad
871 4860 976 4933 altare
1003 4871 1092 4931 tuum
1120 4858 1287 4948 coeleste,
1313 4879 1381 4930 non
1407 4877 1506 4926 manu
1541 4852 1679 4924 lactum:

301 4995 413 5071 neque
440 4978 583 5068 gemitus
619 4987 653 5048 et
685 4977 938 5050 obsecrationes
973 4975 1221 5071 deprecantium
1254 4985 1288 5045 te
1323 4971 1491 5067 despicias
1524 4969 1680 5055 Domine,

299 5087 401 5184 plene
436 5091 674 5167 misericordia.
735 5089 806 5164 Eos
842 5095 898 5186 qui
930 5092 1118 5185 angustiam
1152 5090 1286 5186 spiritus
1313 5083 1505 5184 spatiuntur,
1545 5104 1680 5192 recrea:
