4814 6060
547 680 587 757 ur
613 677 821 756 rumoun
845 678 991 757 renum
1016 677 1282 756 ruminante
1299 679 1553 804 ,anuoouunt
1666 642 1741 758 seo

363 864 538 942 scurabant,
561 870 592 926 et
613 861 766 926 inllabant.
811 863 923 925 Verum
946 862 983 926 ab
1006 863 1158 926 Arabibus
1181 881 1283 928 rerum
1307 864 1451 943 dominis,
1482 865 1521 927 ad
1544 864 1640 948 Syros
1663 865 1742 932 baec

364 965 507 1047 contagio
530 962 679 1044 pervasit:
709 961 830 1024 Arabes
853 963 932 1026 euim
954 971 1025 1026 tuno
1048 981 1083 1026 se
1105 964 1296 1026 ornatissime
1320 963 1433 1028 dixisse
1457 965 1646 1044 existimant,
1675 984 1743 1029 cum

365 1077 534 1142 synonyma
546 1068 577 1123 et
589 1061 722 1140 epitheta
737 1060 971 1138 accumulantes,
986 1063 1113 1124 vocibus
1130 1063 1259 1143 antiquis
1272 1071 1301 1125 et
1314 1059 1443 1127 exoletis
1457 1083 1514 1146 per
1529 1050 1743 1141 ὁμοιόπτωτα

366 1157 542 1238 distributis,
566 1178 617 1222 res
641 1158 739 1222 claras
763 1168 792 1221 et
815 1161 966 1242 simplices
989 1162 1155 1242 involvunt,
1179 1169 1212 1224 ut
1234 1162 1467 1226 obscurissimae
1490 1163 1572 1227 liant.
1608 1165 1674 1226 Hoc
1692 1165 1743 1228 vi-

365 1259 408 1321 tio
431 1257 589 1321 laborasse
611 1259 762 1339 sequioris
786 1261 853 1322 aevi
876 1261 971 1341 Syros
999 1260 1078 1338 illos,
1102 1260 1304 1341 posteriorum
1331 1260 1534 1344 Liturgiarum
1562 1263 1740 1344 scriptores,

367 1375 407 1418 ex
429 1356 494 1437 ipsa
516 1358 660 1421 versione
684 1373 854 1440 agnoscere
877 1357 965 1421 facile
983 1367 1039 1438 est,
1063 1377 1142 1440 quae
1164 1359 1384 1443 idcircolonge
1399 1362 1467 1442 plus
1491 1378 1580 1444 quam
1603 1361 1742 1444 reliquae

366 1455 546 1519 difficultatis
569 1457 686 1533 obtulit,
708 1464 742 1519 ut
763 1457 840 1520 aliae
864 1457 971 1521 eodem
988 1459 1058 1522 stilo
1072 1460 1214 1541 scriptae.
1237 1458 1271 1521 ln
1293 1459 1351 1522 ista
1373 1478 1448 1523 vero
1471 1479 1570 1542 pauca
1592 1461 1740 1543 quaedam

367 1554 604 1620 observabimus.

800 1849 835 1921 2.
874 1851 1027 1922 Macime
1052 1873 1136 1924 cero
1162 1851 1299 1947 rdnqeli.

482 2059 575 2137 lsrra
605 2071 643 2134 de
673 2070 850 2134 llierarcbia
886 2071 985 2134 divina
1014 2069 1218 2155 Theologianr
1243 2068 1312 2154 Syri
1342 2080 1372 2135 et
1399 2072 1538 2154 plerique
1570 2071 1741 2136 Orientales

367 2189 556 2237 communem
578 2174 699 2253 babent,
722 2182 878 2256 acceptam
906 2193 947 2237 ex
974 2175 1122 2255 Dionysio
1143 2173 1351 2256 Areopagitae
1380 2175 1499 2238 tributis
1530 2173 1633 2251 libris,
1664 2191 1741 2258 quos

366 2273 451 2336 Pauli
472 2273 621 2356 discipulo
644 2274 796 2336 vindicant
816 2272 975 2337 Jacobitae
1003 2291 1079 2355 prae
1109 2274 1257 2352 caeteris,
1288 2292 1326 2337 co
1356 2274 1472 2355 tnagis,
1503 2274 1583 2357 quod
1614 2275 1652 2338 ab
1680 2274 1741 2338 illis

366 2374 493 2453 primum
515 2371 664 2454 producta
687 2372 807 2436 luerunt
831 2391 871 2436 ex
893 2373 999 2436 iisdem
1025 2373 1110 2436 libris
1133 2373 1304 2436 testimonia
1332 2373 1363 2434 iu
1389 2374 1643 2455 disputationibus
1674 2389 1742 2436 cum

361 2471 563 2558 orthodoxis.
586 2473 646 2536 Sed
668 2471 718 2534 isti
740 2473 830 2536 etiam
853 2479 883 2534 et
908 2472 1017 2536 Graeci
1038 2491 1154 2551 omnes,
1176 2489 1238 2536 non
1261 2471 1348 2534 aliter
1370 2473 1408 2536 de
1431 2472 1515 2535 libris
1538 2473 1644 2536 iisdem
1666 2492 1742 2536 seu-

368 2572 453 2650 tiunt,
477 2573 528 2653 qui
552 2573 676 2652 syriace
699 2579 731 2633 et
751 2571 884 2634 Arabioe
908 2570 1018 2635 dudum
1041 2573 1182 2636 conversi
1205 2577 1284 2634 sunt.

711 2878 746 2949 3.
787 2879 937 2972 Accepit
957 2901 1084 2972 ponens
1107 2877 1308 2972 perfectam,
1336 2886 1401 2951 elo.

460 3085 521 3165 His
542 3096 645 3160 verbis
670 3098 783 3161 autoris
805 3099 986 3162 recentioris
1010 3097 1169 3160 character
1192 3098 1380 3179 agnoscitur,
1403 3099 1455 3179 qui
1477 3105 1583 3161 contra
1605 3105 1744 3162 veterum

367 3201 569 3284 Liturgiarum
592 3219 717 3279 rnorem,
738 3202 939 3282 importunam
963 3200 1000 3264 de
1023 3202 1141 3282 Azymo
1171 3201 1305 3284 glossam
1332 3199 1470 3264 inseruit.
1514 3200 1590 3262 Nam
1620 3220 1660 3264 ex
1680 3199 1746 3282 Sy-

367 3319 471 3364 rorum
493 3300 652 3379 senteutia,
676 3309 708 3362 ut
731 3302 820 3364 etiarn
843 3300 1040 3376 Graecorum,
1062 3301 1149 3381 panis
1165 3299 1330 3382 perlectus,
1353 3299 1563 3362 lennentatum
1578 3299 1743 3382 significat:

367 3409 401 3462 ut
423 3404 506 3481 patet
528 3417 568 3461 ex
591 3396 793 3480 disputatione
816 3399 941 3464 loannis
959 3397 1356 3475 Patriarcbae'Antiocheni,
1380 3415 1459 3479 quae
1482 3396 1572 3460 extat'
1586 3397 1746 3461 iuCodice

369 3499 556 3564 Colbertino.
585 3498 698 3561 'lamen
722 3498 791 3580 Syri
815 3499 941 3563 ulterius
963 3499 1134 3581 progressi,
1157 3515 1265 3579 panem
1288 3496 1457 3577 perlectum
1480 3495 1517 3559 ad
1527 3495 1746 3559 Eucharistiam

369 3597 580 3662 celebrandam
604 3615 673 3660 esse
696 3596 867 3676 voluerunt,
891 3617 958 3661 eum
981 3599 1033 3680 qui
1054 3596 1218 3661 nonmodo
1241 3595 1438 3658 fermentatus
1461 3595 1551 3672 foret,
1574 3593 1631 3657 sed
1654 3595 1744 3658 etiarn

370 3701 419 3760 cui
440 3715 547 3779 parum
569 3695 641 3760 salis
665 3706 696 3758 et
718 3695 777 3760 olei
808 3691 1034 3762 admisceretur.
1077 3695 1159 3760 lstud
1181 3694 1316 3758 Joanncs
1338 3693 1546 3756 Antiochenus
1570 3693 1745 3774 nugacissi-

368 3797 424 3860 mis
447 3796 623 3859 ratiunculis
646 3796 768 3858 ellicere
791 3805 917 3860 conatus
947 3805 1005 3874 est,
1028 3813 1107 3878 quae
1130 3795 1317 3876 Coptitarum
1339 3793 1520 3856 Patriarebis
1541 3790 1614 3855 licet
1637 3790 1743 3855 eadem

369 3897 579 3959 communione
602 3895 769 3976 conjunctis
793 3913 854 3959 non
877 3896 1102 3975 satisfecerunt,
1125 3894 1201 3958 adeo
1224 3901 1257 3956 ut
1273 3892 1564 3975 Syrumquemdam,
1586 3891 1743 3974 quiobla-

368 4005 429 4059 tam
452 3995 493 4058 ita
515 4000 650 4076 paratam
673 3993 711 4056 ad
733 3994 830 4058 altaro
859 3995 1018 4075 detulerat,
1042 3995 1261 4059 contumeliose
1283 3993 1428 4076 rejecerit
1450 3990 1660 4055 cbristodutus
1682 3991 1743 4052 Pa-

367 4091 500 4156 triarcba
534 4092 637 4156 vat.
666 4100 700 4155 ut
728 4093 838 4155 dictum
871 4101 920 4157 est
954 4095 985 4157 iu
1018 4095 1151 4158 Historia
1187 4092 1424 4156 Patriarcharum
1456 4089 1742 4156 Alexandrinorum.
1807 4104 1871 4160 ittet
1894 4102 1968 4160 Patr.
1994 4105 2070 4162 Ata.

370 4191 459 4265 Quod
481 4200 580 4255 autem
603 4193 783 4255 narrationis
806 4193 1011 4274 Evangelicae
1033 4193 1127 4257 verba
1156 4210 1218 4256 non
1239 4191 1432 4273 simpliciter,
1460 4198 1493 4253 ut
1515 4191 1546 4252 in
1567 4188 1742 4270 Evangeliis
1769 4209 1797 4260 a·
1814 4191 1876 4242 ⁴2⁵·

369 4298 400 4352 et
421 4291 559 4372 Epistola
581 4290 612 4352 l··
638 4291 721 4354 Pauli
743 4291 780 4353 ad
804 4291 977 4356 Corinthios
1006 4292 1169 4376 leguntur,
1199 4299 1288 4354 autor
1315 4291 1402 4372 hujus
1431 4290 1587 4372 Liturgiae
1617 4288 1742 4368 referat,

369 4407 462 4452 causa
486 4390 543 4451 alia
566 4407 626 4452 non
649 4392 770 4453 videtur
793 4391 885 4456 luisse
893 4438 903 4469 ,
934 4411 1023 4473 quam
1045 4399 1078 4454 ut
1100 4393 1167 4456 aliis
1190 4391 1352 4454 fusioribus
1380 4409 1418 4452 ea
1448 4389 1644 4469 exprimeret,
1668 4405 1744 4450 sen·-

368 4491 462 4552 tentia
492 4491 572 4552 enim
600 4489 706 4551 eadem
737 4492 857 4552 omnino
880 4499 936 4556 est.
981 4491 1058 4554 Dum
1081 4494 1139 4571 ait,
1169 4511 1209 4552 ec
1239 4507 1297 4571 qao
1327 4489 1523 4568 conpositum
1546 4485 1608 4565 [ait
1635 4505 1746 4567 coepas

370 4590 436 4666 ιῙιιι
456 4595 604 4664 amictant,
626 4589 659 4650 in
687 4589 817 4669 Virgine,
840 4589 980 4674 designat
1006 4597 1194 4654 communem
1217 4587 1431 4667 Orientalibus,
1456 4584 1654 4667 explicandae
1675 4603 1745 4647 mu-

368 4688 490 4750 tationis
513 4704 591 4768 quae
614 4685 647 4748 flt
668 4687 696 4748 in
721 4687 937 4753 elementorum
966 4689 1198 4753 consecratione
1226 4687 1413 4766 methodum,
1442 4703 1531 4768 quam
1553 4703 1572 4748 a
1595 4683 1745 4769 Gregorio

369 4783 511 4866 Nysseno
533 4793 690 4867 acceptam
712 4786 850 4868 plerique
874 4789 1023 4870 Theologi
1046 4789 1143 4852 secuti
1166 4793 1245 4849 sunt.
1290 4785 1412 4848 Scilicet
1435 4784 1578 4865 Spiritum
1599 4792 1745 4862 sanctum,

370 4890 404 4944 ut
427 4902 467 4944 ex
489 4901 582 4946 carne
605 4885 737 4968 Virginis
766 4885 898 4965 blariao,
932 4905 1011 4968 quae
1039 4888 1126 4967 panis
1150 4885 1291 4948 alimento
1312 4885 1424 4946 nutrita
1453 4882 1572 4959 luerat,
1606 4881 1747 4944 lormavit

372 4998 485 5060 corpus
508 4983 539 5043 in
562 4999 622 5062 quo
644 4982 702 5044 Dei
724 4983 815 5044 Filius
839 4985 1010 5048 incarnatus
1029 4991 1091 5063 est,
1113 4967 1154 5048 ita
1175 4985 1206 5047 in
1221 4983 1308 5045 altari
1330 4982 1467 5045 eumdem
1487 4979 1630 5062 Spiritum
1646 4979 1746 5041 omni-

369 5081 503 5160 potentia
532 5081 647 5160 divina,
686 5101 726 5146 ex
754 5101 834 5164 pane
856 5083 988 5148 formare
1011 5103 1124 5166 corpus
1147 5083 1234 5145 idem.
1274 5081 1318 5144 lta
1341 5080 1436 5145 fusius
1459 5080 1592 5145 Severus
1614 5077 1747 5159 Episco-

369 5194 427 5257 pus
450 5177 731 5263 Asohmoninansis,
755 5190 785 5246 et
808 5181 858 5247 alii
878 5185 1035 5250 Jacobitae
1058 5182 1217 5266 Theologi.

407 5306 531 5351 renusu
1488 5290 1534 5366 '¹11
