4712 6032
658 683 735 756 222
1169 677 1527 755 LITURGIrl

659 866 829 956 omnibus,
865 867 1069 962 glorificetur
1094 876 1129 936 et
1154 863 1307 936 laudetur
1331 883 1453 935 nomen
1479 870 1571 933 tuum
1603 860 1703 934 valde
1736 860 1966 934 honorandum
1999 874 2034 936 et

658 983 880 1071 benedictum,
907 980 1070 1076 sirnulqua
1090 981 1226 1052 Domini
1251 980 1357 1051 nostri
1373 978 1456 1050 lesu
1472 975 1594 1050 Christi
1622 985 1656 1048 at
1670 976 1813 1072 Spiritus
1839 979 1887 1049 tui
1913 983 2032 1068 sancti,

659 1121 768 1190 nunc,
796 1109 859 1170 etc.

763 1213 925 1306 Papulas.
977 1209 1032 1282 Ut

746 1330 949 1401 -Sacerdaa
1002 1329 1087 1401 Pax.

766 1445 929 1539 Papulae.
981 1441 1126 1515 Etcum
1153 1443 1269 1536 spiritu
1296 1449 1363 1510 tuo.
1428 1513 1433 1518 ,
1470 1519 1473 1536 1

766 1559 951 1630 Sacerdos.
1004 1556 1236 1630 Misericordia
1264 1555 1353 1642 Dei,
1380 1564 1443 1628 etc.

768 1674 932 1767 Papulas.
984 1671 1129 1744 Etcum
1157 1673 1367 1768 spiritutuo.

770 1773 951 1860 Diacaaae
976 1789 1062 1858 dicit
1080 1786 1300 1857 Catholicam.
1327 1783 1504 1855 Sacerdos
1526 1787 1660 1876 fraaqit
1686 1790 1720 1854 et
1746 1786 1860 1878 aipaat
1872 1783 2037 1854 Oblatum.

771 1904 960 1974 Diacoaaa.
1011 1901 1175 1994 Angelus.

900 2220 1077 2291 Sacerdos
1104 2221 1189 2290 dicit
1217 2219 1415 2289 Orationem
1441 2225 1522 2288 atate
1542 2219 1649 2291 ‚Pater
1674 2185 1800 2292 noster.

720 2522 723 2527 ,
770 2442 863 2512 Vere
890 2443 976 2511 enim
1004 2451 1037 2512 et
1064 2437 1192 2533 absque
1218 2437 1339 2527 dubio,
1374 2448 1409 2510 tu
1443 2462 1481 2513 es
1508 2437 1610 2510 Pater
1643 2449 1776 2510 sanctus
1816 2439 1892 2511 Filii
1923 2444 2038 2530 sancti,

668 2559 724 2652 qui
751 2559 924 2629 sanctitate
953 2553 1102 2650 aequalis
1130 2564 1181 2626 est
1209 2577 1281 2626 cum
1309 2553 1433 2650 Spiritu
1460 2563 1591 2628 sancto:
1627 2556 1682 2648 qui
1714 2552 1865 2649 perlecto
1899 2565 1932 2626 et
1966 2579 2039 2630 cum

558 2707 566 2720 ·
667 2693 795 2746 summa
827 2679 993 2766 potestate
1029 2673 1062 2740 iu
1102 2672 1224 2742 sanctis
1260 2672 1464 2763 requiesciS,
1497 2678 1531 2739 et
1563 2677 1725 2764 perpetuo
1762 2667 2042 2743 sanctificationes

667 2808 797 2874 aarum,
825 2789 880 2880 qui
908 2796 941 2857 te
968 2783 1172 2857 sanctificant
1198 2787 1350 2879 suscipis.
1378 2785 1429 2855 'lu
1457 2806 1495 2856 es
1520 2782 1597 2854 fons
1623 2782 1868 2873 incolumitatis,
1896 2795 1929 2856 et
1944 2789 2039 2878 origo

669 2899 887 2987 auxiliorum,
914 2909 948 2971 tu
976 2921 1013 2971 es
1040 2903 1172 2991 genitor
1198 2898 1459 2989 misericordiae,
1487 2908 1521 2970 et
1537 2908 1634 2992 pater
1661 2899 1868 2986 clementiae,
1895 2901 2041 2974 misera-

560 3016 562 3030 ‘
668 3024 735 3105 tor,
762 3014 892 3103 fautor,
919 3013 1051 3105 adjutor
1077 3025 1111 3086 et
1138 3015 1331 3101 auxiliator,
1359 3035 1473 3086 curam
1499 3011 1625 3085 babens
1652 3036 1853 3110 pauperum,
1886 3024 1920 3085 et
1945 3013 2041 3085 relu-

668 3135 760 3223 gium
786 3129 989 3216 aillictorum,
1016 3152 1131 3202 comes
1157 3131 1285 3201 itineris
1311 3131 1549 3220 navigantium,
1576 3139 1693 3224 portus
1721 3139 1755 3200 et
1780 3133 1914 3225 requies
1927 3133 2041 3222 jacta-

668 3255 796 3333 turum,
832 3243 997 3337 refugium
1030 3254 1263 3340 peecatorum:
1296 3242 1445 3316 medicus
1478 3243 1586 3316 bouus
1612 3244 1835 3318 infirmorum:
1869 3248 1924 3340 qui
1951 3233 2048 3316 amas

669 3359 840 3456 lacrymas
867 3362 1120 3455 poenitentium:
1148 3359 1345 3431 emundator
1371 3359 1529 3452 sordium,
1556 3363 1589 3430 in
1616 3360 1679 3431 illis
1707 3363 1761 3454 qui
1779 3361 1938 3455 inquinati
1957 3367 2043 3446 sunt,

601 3563 610 3580 ι
668 3443 811 3568 lalgitor
838 3474 1020 3562 donomm,
1053 3472 1227 3549 thesaurus
1264 3474 1458 3548 divitiarum.
1520 3475 1573 3545 'lu
1607 3473 1648 3545 ab
1682 3477 1790 3560 initio,
1825 3475 1866 3547 ab
1896 3485 2043 3559 aeterno,

671 3616 691 3664 a
719 3589 855 3663 sacculo
883 3601 916 3662 et
942 3600 1118 3684 perpetuo,
1146 3600 1279 3662 sanctus
1307 3611 1355 3674 es,
1382 3587 1567 3683 plenusque
1594 3591 1793 3679 sanctitate,
1820 3592 2044 3664 sanctificator

673 3716 706 3777 et
732 3703 904 3798 perfector
930 3713 1132 3792 sanctorum,
1161 3716 1194 3776 et
1219 3724 1282 3776 nos
1309 3701 1594 3794 glorificationem,
1624 3701 1887 3800 hymnorumque
1916 3706 2044 3778 decan-

671 3823 831 3891 tationem
858 3818 1026 3890 oilerimus
1053 3819 1132 3902 tibi,
1169 3840 1243 3890 eam
1279 3821 1384 3914 ipsam
1418 3840 1514 3911 quam
1531 3843 1563 3914 ,a
1590 3817 1675 3888 Filio
1703 3831 1820 3892 sancto
1848 3831 1925 3908 tuo,
1960 3820 2044 3892 Filio

671 3943 729 4004 tuo
756 3933 876 4004 dilecto
906 3941 1056 4003 amanter
1083 3931 1271 4005 didicimus:
1298 3936 1506 4028 petimusque
1531 3943 1567 4004 ut
1594 3933 1691 4006 nobis
1713 3936 1865 4024 omnibus
1881 3948 2045 4032 praestes,

672 4057 709 4118 ut
735 4046 838 4118 corde
867 4070 966 4143 puro,
994 4046 1054 4121 sed
1082 4047 1237 4120 ardenter
1264 4071 1427 4124 succenso
1454 4071 1516 4144 per
1542 4049 1649 4121 uelum
1676 4049 1885 4140 laudabilem,
1914 4054 2045 4124 oratio-

672 4183 735 4233 nes
762 4171 797 4232 et
823 4161 1077 4258 deprecationes
1103 4172 1236 4234 nostras
1264 4184 1378 4234 coram
1403 4172 1437 4234 te
1466 4163 1675 4254 effundendo,
1702 4189 1776 4237 curn
1794 4171 1951 4240 mentium
1967 4167 2047 4238 illu-

672 4278 867 4363 minatione,
902 4280 1084 4348 animorum
1112 4281 1323 4368 castimonia,
1356 4277 1609 4373 linguarumque
1637 4281 1820 4375 triumphali
1846 4282 2046 4368 laudatione,

675 4388 855 4463 clamemus
883 4390 926 4463 ad
953 4401 1005 4480 te,
1032 4415 1165 4466 oremus
1194 4403 1228 4464 et
1254 4392 1422 4484 dicamus,
1455 4394 1555 4465 Pater
1581 4407 1696 4468 noster
1724 4400 1845 4489 quies
1872 4400 1905 4468 irr
1932 4396 2046 4468 coelis.

780 4505 942 4598 Populus.
997 4505 1227 4580 Sanctificetur
1252 4529 1375 4581 nomen
1401 4519 1500 4580 tuum.
1742 4515 1744 4523 ’

752 4609 955 4692 ¹Sacerdos
989 4621 1127 4691 eleaaae
1159 4646 1285 4695 vocem.
1336 4623 1407 4710 Ne,
1442 4624 1605 4711 Domine,
1638 4629 1808 4718 permittas
1842 4649 1905 4700 nos
1928 4632 2048 4721 jactari

675 4733 914 4808 vexationibus
941 4735 1126 4828 mundanis,
1153 4742 1226 4810 sive
1255 4738 1447 4826 diabolicis,
1482 4739 1568 4811 ultra
1594 4738 1626 4811 id
1655 4739 1743 4834 quod
1775 4763 1972 4834 possumus,
2003 4747 2048 4815 ita

675 4858 711 4920 ut
738 4853 871 4921 omuino
899 4853 931 4920 in
958 4851 1156 4942 infirmitate,
1183 4854 1390 4946 aegritudine
1417 4865 1451 4926 et
1477 4854 1704 4928 confractione
1731 4856 1842 4929 cordis
1870 4862 1989 4947 simus,
2018 4870 2051 4931 et

676 4987 696 5034 a
731 4965 914 5037 domestica
948 4964 1171 5039 familiaritate
1202 4978 1257 5039 tua
1289 4969 1387 5040 alieni
1421 4971 1615 5062 efficiamur,
1649 4975 1677 5044 si
1711 4976 1817 5046 nostri
1844 4997 1957 5046 curam
1983 4997 2050 5046 non

676 5075 842 5152 habueris.
896 5079 949 5150 Ne
977 5085 1023 5153 sis
1052 5084 1300 5176 immisericors,
1326 5085 1486 5176 Domina,
1513 5108 1623 5181 neque
1650 5099 1786 5174 avertas
1812 5089 1934 5163 laciem
1962 5100 2050 5164 tuam
