4814 6060
575 530 652 606 494
1085 529 1443 608 LITURGIA

576 743 705 792 sumus:
743 723 798 814 qui
833 743 878 791 en·
904 718 1036 814 populis
1064 717 1181 789 alienis
1207 717 1357 789 translati
1392 739 1505 789 sumus
1540 714 1583 788 ad
1616 716 1812 808 religionem
1847 725 1950 791 tuam:

559 829 630 929 'qui
657 844 829 930 portamus
856 837 987 926 signum
1014 843 1103 906 tuum
1138 831 1344 920 admirabile,
1371 855 1481 928 neque
1507 830 1610 905 ullam
1637 832 1679 904 de
1706 844 1739 905 te
1773 830 1951 904 confinio-

573 972 650 1021 nem
677 948 847 1022 habemus.
901 948 955 1021 Ne
983 946 1164 1022 erubescas
1198 948 1382 1034 danobis,
1411 970 1431 1021 ο
1460 947 1626 1036 clemens,
1662 951 1739 1043 quia
1774 950 1950 1020 veritatem

573 1077 663 1137 tuam
690 1089 757 1138 nou
784 1067 1009 1160 corrupimus:
1045 1087 1089 1136 ne
1116 1063 1267 1157 abneges
1295 1085 1358 1136 nos
1385 1086 1500 1137 coram
1527 1063 1613 1137 solio
1641 1066 1818 1157 aequitatis
1853 1071 1950 1152 tuae:
2063 1127 2069 1134 .

573 1203 618 1251 ne
643 1181 760 1254 fiamus
788 1179 881 1253 cibus
908 1183 996 1272 ignis
1024 1183 1162 1269 urentis,
1190 1183 1265 1275 quia
1293 1201 1416 1276 corpus
1442 1191 1476 1251 et
1502 1173 1641 1270 san'guis
1664 1181 1764 1252 vivus
1792 1181 1825 1248 in
1852 1178 1950 1268 nobis

573 1298 747 1370 recondita
781 1309 863 1369 sunt.
931 1295 985 1369 Ne
1019 1298 1234 1391 projiciamur
1272 1299 1306 1367 in
1341 1293 1450 1368 medio
1484 1293 1697 1366 tenebrarum
1733 1296 1951 1384 exteriorum,

575 1417 630 1509 qui
663 1413 834 1487 illuminati
866 1434 979 1485 suanus
1013 1413 1089 1484 luce
1131 1411 1274 1506 Spiritus
1307 1414 1353 1483 tui
1385 1410 1596 1484 vivificantis.
1654 1410 1707 1481 Ne
1739 1406 1886 1482 dieamus
1918 1413 1952 1482 in

575 1528 738 1626 supplicio
765 1552 875 1624 neque
903 1531 945 1600 sit
971 1531 1026 1623 qui
1053 1527 1264 1600 consoletur:
1299 1549 1343 1598 ue
1377 1530 1580 1599 cruciatuum
1614 1525 1732 1600 dolore
1767 1547 1952 1618 gemamus,

573 1666 683 1738 neque
710 1649 752 1718 sit
778 1645 862 1718 ullus
896 1647 950 1740 qui
982 1647 1188 1716 misereatur.
1242 1643 1387 1714 Domine
1412 1643 1556 1714 Domine
1583 1653 1748 1715 memento
1775 1640 1951 1715 Ecclesiae

574 1771 671 1849 tuae,
699 1784 797 1855 quam
824 1761 975 1848 salvasti,
1003 1771 1037 1832 et
1063 1781 1167 1855 parce
1194 1761 1291 1850 gregi
1318 1769 1376 1830 tuo
1404 1781 1502 1852 quem
1529 1759 1715 1848 redemisti;
1742 1757 1848 1831 libera
1876 1779 1951 1829 eam

576 1876 824 1949 acruciatibus
851 1879 1017 1964 aeternis,
1053 1886 1087 1947 et
1114 1875 1247 1968 dignam
1282 1873 1370 1945 illam
1407 1874 1502 1946 effice
1533 1874 1706 1972 voluptate
1741 1874 1951 1960 indeficienti,

575 1995 651 2086 quia
678 2003 816 2088 propter
841 1991 926 2066 haec
954 2002 1053 2087 atque
1081 1989 1146 2064 alia
1173 1989 1336 2084 ejusmodi
1362 1989 1505 2063 vocibus
1532 1990 1752 2082 gemebundis
1780 1989 1950 2085 depreca-

574 2118 627 2179 tur
653 2119 699 2198 tc,
727 2116 761 2180 et
786 2131 848 2204 per
874 2119 907 2180 te
935 2119 1033 2204 atque
1060 2118 1171 2178 tecum
1196 2104 1331 2177 Patrem
1358 2115 1446 2176 tuum
1475 2105 1599 2178 dicens.

678 2225 840 2318 Populus.
895 2225 1059 2298 Miserere
1085 2212 1203 2308 nostri,
1231 2232 1294 2294 etc.
1452 2219 1738 2294 secernentes
1767 2241 1908 2315 quoque.

679 2339 841 2434 Populus.
869 2339 920 2412 'le
946 2339 1128 2413 laudamus.
1159 2337 1343 2408 Diaconos.
1371 2336 1480 2422 Quam
1506 2337 1652 2409 timenda
1679 2344 1730 2410 est
1756 2335 1841 2408 haec
1857 2336 1950 2409 hora.

607 2695 784 2766 Sacerdos
810 2694 994 2773 inclinatas
1019 2694 1105 2766 dicit
1134 2691 1331 2763 Orationem
1357 2691 1592 2762 Innovationis
1610 2689 1763 2784 Spiritus
1788 2671 1909 2760 sancti.

680 2909 814 2980 Veniat
827 2907 969 3005 Spiritus
997 2922 1144 3002 sanctus,
1173 2916 1229 3008 qui
1256 2937 1301 2985 cx
1327 2923 1362 2985 te
1386 2915 1487 2985 Pater
1514 2911 1670 2985 coelestis
1703 2922 1836 2985 secreto
1862 2935 1950 3008 pro-

575 3025 680 3112 cedit,
708 3028 763 3120 qui
789 3048 851 3121 per
875 3023 1062 3121 Prophetas
1089 3027 1220 3102 locutus
1247 3039 1311 3119 est,
1339 3039 1372 3101 et
1397 3027 1561 3125 profunda
1595 3040 1652 3100 tua
1679 3038 1862 3118 scmtatur,
1895 3031 1950 3124 qui

576 3139 746 3212 descendit
773 3161 874 3236 super
899 3141 1081 3215 lordanem
1109 3156 1142 3215 et
1169 3149 1321 3240 apparuit
1346 3148 1379 3216 in
1407 3147 1522 3240 specie
1541 3143 1726 3229 columbae,
1753 3143 1850 3214 simul
1876 3165 1950 3215 cum

573 3280 663 3330 voce
702 3260 923 3353 incorporea.
964 3269 998 3329 et
1037 3281 1111 3332 eum
1152 3261 1239 3334 Filio
1278 3269 1333 3333 tuo
1372 3259 1492 3332 dilecto
1529 3269 1621 3332 ortus
1658 3268 1709 3332 est
1742 3258 1859 3350 nohis,
1894 3261 1950 3354 qui

576 3400 595 3447 a
624 3385 657 3445 te
683 3375 854 3472 procedit,
890 3384 923 3446 et
958 3398 978 3445 a
1009 3376 1188 3471 splendore
1222 3389 1276 3452 tuo
1313 3382 1451 3474 accipit:
1486 3381 1540 3472 qui
1567 3375 1754 3471 Apostolos
1782 3384 1858 3446 tuos
1886 3396 1948 3444 sa-

574 3493 705 3586 pientes
733 3489 859 3579 rdeon,
894 3494 949 3585 qui
983 3502 1150 3590 martyres
1183 3505 1259 3567 tuos
1288 3516 1415 3566 corona
1457 3493 1588 3586 gloriae
1629 3492 1819 3565 coronavit:
1859 3487 1950 3560 illum

574 3604 704 3700 absquo
730 3616 880 3701 tempore
906 3605 996 3677 illum
1023 3606 1065 3680 ab
1094 3619 1232 3685 aeterno
1259 3612 1474 3682 existentem:
1502 3608 1591 3681 illum
1614 3611 1670 3704 qui
1696 3605 1860 3701 procedit,
1887 3603 1948 3676 sed

573 3720 662 3793 nulla
689 3743 764 3794 cum
792 3722 970 3794 divisione:
1005 3734 1038 3794 et
1064 3724 1191 3820 perficit
1223 3725 1378 3797 sednon
1405 3703 1649 3821 temporaliter,
1683 3732 1717 3794 et
1743 3721 1888 3793 divinum
1915 3724 1949 3791 in

573 3837 706 3909 modum
733 3836 974 3932 perfectionem
1001 3838 1141 3912 confert.
1172 3839 1231 3914 llle
1258 3845 1373 3914 veniat
1399 3863 1461 3936 par
1487 3840 1730 3943 beneplacitum
1756 3848 1857 3922 tuum,
1885 3858 1948 3909 se-

573 3951 715 4024 cundum
743 3974 891 4024 amorem
919 3963 1008 4025 arum
1035 3977 1118 4047 erga
1145 3955 1307 4045 homines,
1335 3967 1369 4028 et
1395 3956 1548 4029 illabatur
1575 3954 1787 4052 superhaec
1814 3961 1950 4050 myste-

515 4169 516 4174 ,
573 4071 636 4156 ria,
663 4079 697 4139 et
724 4067 907 4140 sanctificet
932 4069 987 4142 illa
1016 4081 1115 4167 atque
1135 4073 1304 4168 perficiat,
1331 4075 1468 4166 ejiciens
1499 4071 1596 4145 simul
1621 4094 1696 4144 cum
1723 4093 1839 4144 eorum
1863 4092 1948 4144 sau-

574 4183 792 4275 allocutione,
820 4187 1042 4277 cogitationes
1075 4187 1259 4263 immundas
1287 4192 1418 4261 animae
1444 4211 1560 4275 meae,
1594 4209 1778 4284 pummque
1809 4197 1842 4258 et
1874 4188 1947 4258 sine

575 4298 730 4372 sordibus
758 4323 811 4371 me
838 4299 988 4396 perficiat
1014 4325 1127 4374 coram
1155 4314 1189 4376 te
1215 4305 1309 4377 Deus
1335 4305 1450 4393 Pater,
1476 4325 1597 4398 meque
1623 4313 1657 4374 et
1682 4305 1948 4374 circumstantem

573 4414 748 4510 populum,
789 4415 923 4487 mundet
955 4428 1055 4512 atque
1089 4419 1257 4513 purificet,
1291 4430 1325 4492 ut
1359 4423 1466 4515 parati
1501 4429 1535 4490 et
1569 4418 1660 4511 digni
1696 4417 1745 4488 his
1779 4417 1947 4511 mysteriis

574 4529 696 4604 Cluisti
724 4531 789 4602 Dei
814 4535 932 4622 nostri,
960 4555 1183 4629 appareamus
1211 4534 1339 4630 absque
1370 4536 1500 4607 macula
1531 4537 1680 4629 peccati,
1713 4555 1775 4629 per
1807 4533 1948 4624 gratiam

573 4655 607 4716 et
633 4645 894 4719 misericordiam
923 4659 1021 4720 tuam.
1100 4650 1262 4744 Populos.
1289 4651 1409 4724 Amen.
1514 4651 1698 4722 Sacerdos.
1725 4647 1858 4721 Exaudi
1883 4668 1948 4718 me.

676 4761 838 4854 Populus.
892 4761 998 4858 Kyn'e
1025 4763 1162 4839 eleison.

677 4877 863 4949 Sacerdos.
917 4877 961 4950 Ut
990 4880 1187 4980 adveniens,
1214 4885 1431 4977 requiescens
1459 4891 1492 4953 et
1518 4877 1658 4953 illabens
1685 4899 1786 4975 super
1812 4883 1947 4972 myste-

575 4995 624 5066 ria
651 4991 745 5082 haee,
774 5015 893 5090 panem
921 4995 1050 5088 quidem
1077 4999 1177 5070 istum
1203 5005 1399 5072 transmutet
1429 4991 1443 5033 ³
1470 5004 1491 5079 †
1526 5000 1560 5068 in
1585 5016 1708 5089 corpus
1736 4991 1858 5066 Christi
1882 4989 1947 5062 Dei
