4782 6068
1142 1027 1644 1211 titutum

858 1361 1358 1484 neosuononun
1424 1389 1437 1454 1
1502 1363 1982 1514 sanctonum

1055 1603 1139 1681 stu
1173 1601 1289 1681 ORDO
1317 1600 1735 1682 sternutationis.

590 1909 591 1915 κ
709 1872 837 1946 Primo.
895 1872 912 1912 ²
937 1874 1052 1950 Gloria
1078 1879 1112 1948 in
1139 1877 1287 1950 arcebis
1310 1876 1402 1949 Deo:
1429 1882 1465 1947 et
1489 1876 1590 1948 Pater
1615 1887 1734 1951 noster
1760 1880 1815 1973 qui
1841 1899 1880 1952 es
1905 1881 1940 1952 in
1966 1881 2084 1955 coelis.

1331 2082 1464 2156 Oratio.

777 2277 948 2383 Roscii
973 2306 1119 2380 Domine
1145 2318 1180 2381 et
1204 2308 1297 2380 Deus
1323 2317 1441 2380 noster
1466 2303 1686 2382 infirmitatem
1708 2319 1856 2383 nostram
1882 2333 1945 2406 per
1971 2314 2089 2384 mise-

707 2423 883 2499 ricordiam
910 2433 1011 2513 tuam,
1037 2434 1073 2495 ut
1098 2424 1363 2496 administremus
1378 2426 1571 2520 mysterium
1597 2435 1747 2498 sanetum
1774 2425 1862 2521 quod
1891 2426 2001 2519 daurm
2028 2438 2088 2502 est

708 2539 751 2612 ad
777 2543 1044 2630 renovationem,
1070 2549 1105 2612 et
1130 2540 1270 2614 salutem
1296 2551 1436 2614 naturae
1461 2549 1598 2614 nostrae
1625 2540 1769 2614 humilis:
1794 2564 1857 2637 per
1883 2546 2085 2619 miseratio-

707 2677 769 2731 nes
794 2653 872 2726 Filii
899 2658 944 2726 tui
971 2653 1095 2746 dilecti,
1121 2659 1265 2729 omnium
1291 2657 1435 2730 Domini.

813 2771 943 2842 Diebus
970 2773 1208 2872 communibus.
1243 2772 1426 2862 odoretur,
1451 2772 1664 2866 glorificetur,
1690 2773 1854 2866 laudetur,
1881 2774 2083 2866 celebretur,

561 2983 567 2994 ι
708 2888 873 2961 exaltetur
900 2897 934 2959 et
958 2885 1172 2963 benedicatur
1197 2892 1231 2961 in
1258 2888 1355 2963 coelo
1391 2893 1485 2962 etin
1512 2899 1614 2978 terra,
1640 2913 1762 2962 nomen
1789 2891 2012 2982 adorandum,
2045 2903 2085 2966 et

707 3003 892 3096 gloriosum
918 3003 1087 3077 Trinitatis
1115 3016 1202 3094 tuae,
1229 3027 1363 3101 semper
1388 3005 1567 3098 gloriosae,
1594 3006 1737 3078 Domine
1768 3011 1922 3081 omnium.

810 3119 942 3191 Diebus
968 3121 1194 3194 commonibus
1219 3105 1337 3192 dicuat
1366 3121 1547 3212 Pessimum,
1573 3121 1717 3196 Domine
1754 3126 1826 3218 quis
1859 3123 2020 3198 habitabit
2045 3129 2082 3200 in

707 3236 922 3311 tabernaculo
949 3246 1019 3328 tuo,
1045 3241 1212 3334 integrum
1238 3260 1312 3308 cam
1337 3259 1399 3308 suo
1427 3259 1571 3326 conone,
1598 3241 1749 3330 mysterii
1767 3238 2086 3314 sacramentorum.

809 3354 970 3425 Eleaatio
996 3357 1101 3426 uocis.
1155 3355 1238 3441 Quis
1264 3352 1440 3450 praebebit
1461 3353 1611 3446 jubilum,
1638 3363 1703 3426 etc.

1323 3631 1454 3702 Oratis.

812 3815 935 3892 Coram
961 3819 1092 3911 Dono,
1118 3822 1272 3909 Domine,
1299 3819 1475 3917 praeclaro
1508 3822 1691 3913 majestatis
1719 3829 1806 3910 tuae,
1834 3830 1868 3893 et
1893 3819 1979 3895 solio
2006 3844 2082 3894 ex-

708 3936 810 4028 celso,
837 3945 936 4032 atque
963 3936 1095 4008 sublimi
1119 3936 1251 4031 gloriae
1276 3947 1366 4026 tuae,
1393 3939 1485 4008 etin
1512 3934 1594 4006 sede
1620 3934 1758 4008 terribili
1783 3936 1982 4010 fortitudinis
2010 3962 2085 4010 ca-

707 4057 813 4126 ritatis
840 4063 930 4142 tuae,
957 4051 1118 4150 altarique
1144 4055 1395 4150 propitiatorio,
1432 4051 1520 4146 quod
1555 4050 1711 4125 voluntas
1745 4063 1800 4126 tua
1836 4051 2010 4144 stabilivit,
2041 4057 2080 4129 in

707 4172 848 4264 regione
874 4192 1022 4265 pascuae
1048 4179 1136 4258 tuae,
1163 4193 1236 4242 cum
1263 4167 1406 4241 millibus
1434 4164 1613 4240 Cherubim
1638 4167 1847 4242 laudantibus
1877 4180 1919 4256 te,
1948 4179 1981 4241 et
2009 4170 2078 4242 de-

706 4290 776 4360 cies
802 4285 944 4360 millibus
959 4285 1134 4384 Seraphim
1161 4284 1441 4358 sanctificantibus
1468 4294 1513 4373 te,
1541 4284 1742 4375 accedimus,
1769 4284 1958 4374 odoramus,
1985 4309 2077 4358 con-

704 4402 834 4476 fitemur
860 4415 894 4477 et
920 4402 1142 4498 glorificamus
1170 4413 1215 4491 te,
1242 4424 1385 4497 semper,
1413 4405 1556 4474 omnium
1582 4400 1735 4473 Domine.

798 4521 849 4592 'lc
874 4522 1055 4608 mercoriis,
1082 4525 1117 4590 et
1140 4521 1250 4590 sectis
1276 4521 1387 4611 seriis.
1446 4517 1579 4590 Nomen
1611 4527 1700 4588 tuum
1717 4539 1887 4618 ¹maguum
1921 4529 1954 4590 et
1986 4541 2077 4591 san-

704 4646 804 4728 etum,
829 4636 1036 4734 praeclarum
1065 4645 1099 4707 et
1123 4633 1350 4709 benedictum:
1375 4634 1509 4707 beatum
1537 4642 1571 4704 et
1595 4631 1928 4730 incomprehensibile
1955 4633 2075 4708 Trini-

704 4755 779 4824 tatis
807 4762 884 4825 tuae
909 4754 1092 4845 gloriosae,
1119 4761 1154 4822 et
1179 4753 1322 4844 gratiam
1347 4760 1435 4824 tuam
1463 4772 1546 4843 erga
1573 4771 1680 4842 genus
1707 4760 1877 4841 nostrum,
1911 4749 2074 4828 debemus

705 4847 912 4963 quocumque
939 4878 1090 4964 tempore
1116 4867 1279 4956 confiteri,
1306 4866 1449 4939 adorare
1476 4874 1510 4936 et
1535 4864 1734 4958 glorificare,
1760 4871 1904 4938 omnium
1917 4866 2074 4942 Domine.

807 4987 1077 5080 Respoasorima
1103 4984 1149 5055 ad
1175 4983 1359 5075 cancellos,
1384 4991 1559 5077 utsupra.
1592 4981 1675 5068 Quis
1694 4985 1874 5078 praecepit.
1908 4981 2075 5060 Pontifici.

705 5102 813 5188 Quam
839 5103 944 5198 spirat
968 5102 1001 5172 in
1026 5098 1125 5175 nobis
1150 5101 1294 5173 Domine
1320 5111 1354 5173 et
1372 5099 1465 5174 Deus
1492 5110 1607 5173 noster
1634 5099 1719 5172 odor
1745 5102 1861 5172 suavis
1888 5099 2075 5176 dulcedinis
