<?xml version="1.0" encoding="UTF-8"?>
<!DOCTYPE html PUBLIC "-//W3C//DTD XHTML 1.0 Transitional//EN"
    "http://www.w3.org/TR/xhtml1/DTD/xhtml1-transitional.dtd">
<html xmlns="http://www.w3.org/1999/xhtml" xml:lang="en" lang="en">
 <head>
  <title>
</title>
<meta http-equiv="Content-Type" content="text/html;charset=utf-8" />
  <meta name='ocr-system' content='tesseract 3.04.00' />
  <meta name='ocr-capabilities' content='ocr_page ocr_carea ocr_par ocr_line ocrx_word'/>
</head>
<body>
  <div class='ocr_page' id='page_1' title='image "./liturgiarumorie04renagoog_0353.png"; bbox 0 0 4730 6038; ppageno 0'>
   <div class='ocr_carea' id='block_1_1' title="bbox 631 600 1490 678">
    <p class='ocr_par' dir='ltr' id='par_1_1' title="bbox 631 600 1490 678">
     <span class='ocr_line' id='line_1_1' title="bbox 631 600 1490 678; baseline 0.002 -3"><span class='ocrx_word' id='word_1_1' title='bbox 631 600 706 676; x_wconf 84' lang='grc'><strong>316</strong></span> <span class='ocrx_word' id='word_1_2' title='bbox 1131 600 1490 678; x_wconf 81' lang='lat' dir='ltr'><strong>LITURGIA</strong></span> 
     </span>
    </p>
   </div>
   <div class='ocr_carea' id='block_1_2' title="bbox 625 787 1995 5037">
    <p class='ocr_par' dir='ltr' id='par_1_2' title="bbox 732 787 1065 880">
     <span class='ocr_line' id='line_1_2' title="bbox 732 787 1065 880; baseline 0.003 -23"><span class='ocrx_word' id='word_1_3' title='bbox 732 787 894 880; x_wconf 73' lang='lat' dir='ltr'><strong>Populus.</strong></span> <span class='ocrx_word' id='word_1_4' title='bbox 946 788 1065 861; x_wconf 86' lang='lat' dir='ltr'><strong>Arnen.</strong></span> 
     </span>
    </p>

    <p class='ocr_par' dir='ltr' id='par_1_3' title="bbox 625 900 1995 1696">
     <span class='ocr_line' id='line_1_3' title="bbox 734 900 1994 994; baseline 0.002 -20"><span class='ocrx_word' id='word_1_5' title='bbox 734 902 908 975; x_wconf 74' lang='lat' dir='ltr'><strong><em>Sacerdos</em></strong></span> <span class='ocrx_word' id='word_1_6' title='bbox 940 903 1130 976; x_wconf 73' lang='lat' dir='ltr'><strong>inclinatae.</strong></span> <span class='ocrx_word' id='word_1_7' title='bbox 1183 900 1353 976; x_wconf 79' lang='lat' dir='ltr'><strong>Memento</strong></span> <span class='ocrx_word' id='word_1_8' title='bbox 1378 904 1521 975; x_wconf 93' lang='lat' dir='ltr'><strong>Domine</strong></span> <span class='ocrx_word' id='word_1_9' title='bbox 1547 901 1590 974; x_wconf 89' lang='lat' dir='ltr'><strong>ad</strong></span> <span class='ocrx_word' id='word_1_10' title='bbox 1604 901 1708 975; x_wconf 87' lang='lat' dir='ltr'><strong>altare</strong></span> <span class='ocrx_word' id='word_1_11' title='bbox 1724 913 1813 975; x_wconf 92' lang='lat' dir='ltr'><strong>tuum</strong></span> <span class='ocrx_word' id='word_1_12' title='bbox 1833 901 1994 994; x_wconf 85' lang='lat' dir='ltr'><strong>eoeleste,</strong></span> 
     </span>
     <span class='ocr_line' id='line_1_4' title="bbox 628 1016 1994 1113; baseline 0.001 -23"><span class='ocrx_word' id='word_1_13' title='bbox 628 1029 662 1090; x_wconf 91' lang='lat' dir='ltr'><strong>et</strong></span> <span class='ocrx_word' id='word_1_14' title='bbox 688 1017 730 1092; x_wconf 91' lang='lat' dir='ltr'><strong>ad</strong></span> <span class='ocrx_word' id='word_1_15' title='bbox 745 1018 824 1091; x_wconf 93' lang='lat' dir='ltr'><strong>illud</strong></span> <span class='ocrx_word' id='word_1_16' title='bbox 845 1041 959 1092; x_wconf 89' lang='lat' dir='ltr'><strong>coram</strong></span> <span class='ocrx_word' id='word_1_17' title='bbox 981 1040 1047 1113; x_wconf 89' lang='lat' dir='ltr'><strong>quo</strong></span> <span class='ocrx_word' id='word_1_18' title='bbox 1070 1019 1299 1107; x_wconf 77' lang='lat' dir='ltr'><strong>consistimus,</strong></span> <span class='ocrx_word' id='word_1_19' title='bbox 1325 1016 1560 1110; x_wconf 79' lang='lat' dir='ltr'><strong>sacerdotum,</strong></span> <span class='ocrx_word' id='word_1_20' title='bbox 1585 1018 1823 1108; x_wconf 87' lang='lat' dir='ltr'><strong>Diaconorum,</strong></span> <span class='ocrx_word' id='word_1_21' title='bbox 1851 1020 1994 1092; x_wconf 90' lang='lat' dir='ltr'><strong>omnium</strong></span> 
     </span>
     <span class='ocr_line' id='line_1_5' title="bbox 628 1131 1994 1230; baseline -0.001 -23"><span class='ocrx_word' id='word_1_22' title='bbox 628 1157 759 1230; x_wconf 90' lang='lat' dir='ltr'><strong>quoque</strong></span> <span class='ocrx_word' id='word_1_23' title='bbox 786 1137 840 1229; x_wconf 91' lang='lat' dir='ltr'><strong>qui</strong></span> <span class='ocrx_word' id='word_1_24' title='bbox 866 1133 908 1206; x_wconf 93' lang='lat' dir='ltr'><strong>ad</strong></span> <span class='ocrx_word' id='word_1_25' title='bbox 934 1137 1149 1209; x_wconf 89' lang='lat' dir='ltr'><strong>ministerium</strong></span> <span class='ocrx_word' id='word_1_26' title='bbox 1176 1143 1266 1206; x_wconf 87' lang='lat' dir='ltr'><strong>tuum</strong></span> <span class='ocrx_word' id='word_1_27' title='bbox 1292 1137 1419 1208; x_wconf 90' lang='lat' dir='ltr'><strong>animas</strong></span> <span class='ocrx_word' id='word_1_28' title='bbox 1446 1155 1525 1210; x_wconf 91' lang='lat' dir='ltr'><strong>snas</strong></span> <span class='ocrx_word' id='word_1_29' title='bbox 1548 1145 1845 1208; x_wconf 87' lang='lat' dir='ltr'><strong>consecraverunt:</strong></span> <span class='ocrx_word' id='word_1_30' title='bbox 1872 1131 1994 1208; x_wconf 72' lang='lat' dir='ltr'><strong>subta-</strong></span> 
     </span>
     <span class='ocr_line' id='line_1_6' title="bbox 625 1248 1993 1344; baseline 0.001 -22"><span class='ocrx_word' id='word_1_31' title='bbox 625 1254 770 1336; x_wconf 70' lang='lat' dir='ltr'><strong>riomm,</strong></span> <span class='ocrx_word' id='word_1_32' title='bbox 797 1249 1055 1340; x_wconf 81' lang='lat' dir='ltr'><strong>monachorum,</strong></span> <span class='ocrx_word' id='word_1_33' title='bbox 1081 1261 1115 1323; x_wconf 91' lang='lat' dir='ltr'><strong>ot</strong></span> <span class='ocrx_word' id='word_1_34' title='bbox 1142 1252 1286 1322; x_wconf 91' lang='lat' dir='ltr'><strong>omnium</strong></span> <span class='ocrx_word' id='word_1_35' title='bbox 1310 1248 1472 1338; x_wconf 90' lang='lat' dir='ltr'><strong>bdelium,</strong></span> <span class='ocrx_word' id='word_1_36' title='bbox 1498 1252 1532 1321; x_wconf 94' lang='lat' dir='ltr'><strong>in</strong></span> <span class='ocrx_word' id='word_1_37' title='bbox 1558 1269 1696 1344; x_wconf 91' lang='lat' dir='ltr'><strong>quorum</strong></span> <span class='ocrx_word' id='word_1_38' title='bbox 1722 1251 1880 1325; x_wconf 91' lang='lat' dir='ltr'><strong>membris</strong></span> <span class='ocrx_word' id='word_1_39' title='bbox 1907 1249 1993 1324; x_wconf 64' lang='lat' dir='ltr'><strong>absa</strong></span> 
     </span>
     <span class='ocr_line' id='line_1_7' title="bbox 628 1367 1993 1462; baseline 0.001 -24"><span class='ocrx_word' id='word_1_40' title='bbox 628 1367 778 1439; x_wconf 89' lang='lat' dir='ltr'><strong>conditus</strong></span> <span class='ocrx_word' id='word_1_41' title='bbox 812 1376 865 1438; x_wconf 91' lang='lat' dir='ltr'><strong>est</strong></span> <span class='ocrx_word' id='word_1_42' title='bbox 896 1369 1032 1458; x_wconf 90' lang='lat' dir='ltr'><strong>sanguis</strong></span> <span class='ocrx_word' id='word_1_43' title='bbox 1066 1375 1158 1458; x_wconf 77' lang='lat' dir='ltr'><strong>tuus,</strong></span> <span class='ocrx_word' id='word_1_44' title='bbox 1185 1375 1338 1461; x_wconf 79' lang='lat' dir='ltr'><strong>tanquam</strong></span> <span class='ocrx_word' id='word_1_45' title='bbox 1364 1368 1484 1462; x_wconf 88' lang='lat' dir='ltr'><strong>pignus</strong></span> <span class='ocrx_word' id='word_1_46' title='bbox 1510 1367 1621 1456; x_wconf 88' lang='lat' dir='ltr'><strong>vitae;</strong></span> <span class='ocrx_word' id='word_1_47' title='bbox 1647 1367 1808 1461; x_wconf 92' lang='lat' dir='ltr'><strong>propitius</strong></span> <span class='ocrx_word' id='word_1_48' title='bbox 1844 1369 1993 1440; x_wconf 81' lang='lat' dir='ltr'><strong>existens</strong></span> 
     </span>
     <span class='ocr_line' id='line_1_8' title="bbox 628 1482 1995 1578; baseline 0.003 -26"><span class='ocrx_word' id='word_1_49' title='bbox 628 1483 755 1554; x_wconf 87' lang='lat' dir='ltr'><strong>delictis</strong></span> <span class='ocrx_word' id='word_1_50' title='bbox 781 1484 911 1556; x_wconf 90' lang='lat' dir='ltr'><strong>illorum</strong></span> <span class='ocrx_word' id='word_1_51' title='bbox 938 1494 973 1555; x_wconf 93' lang='lat' dir='ltr'><strong>et</strong></span> <span class='ocrx_word' id='word_1_52' title='bbox 996 1487 1139 1574; x_wconf 79' lang='lat' dir='ltr'><strong>nostris,</strong></span> <span class='ocrx_word' id='word_1_53' title='bbox 1165 1485 1359 1578; x_wconf 89' lang='lat' dir='ltr'><strong>animasque</strong></span> <span class='ocrx_word' id='word_1_54' title='bbox 1385 1503 1500 1556; x_wconf 89' lang='lat' dir='ltr'><strong>eorum</strong></span> <span class='ocrx_word' id='word_1_55' title='bbox 1528 1491 1562 1554; x_wconf 90' lang='lat' dir='ltr'><strong>et</strong></span> <span class='ocrx_word' id='word_1_56' title='bbox 1586 1484 1722 1578; x_wconf 90' lang='lat' dir='ltr'><strong>spiritus</strong></span> <span class='ocrx_word' id='word_1_57' title='bbox 1753 1482 1924 1557; x_wconf 88' lang='lat' dir='ltr'><strong>collocans</strong></span> <span class='ocrx_word' id='word_1_58' title='bbox 1960 1485 1995 1556; x_wconf 94' lang='lat' dir='ltr'><strong>in</strong></span> 
     </span>
     <span class='ocr_line' id='line_1_9' title="bbox 626 1598 1147 1696; baseline 0.002 -26"><span class='ocrx_word' id='word_1_59' title='bbox 626 1598 821 1672; x_wconf 80' lang='lat' dir='ltr'><strong>habitaculis</strong></span> <span class='ocrx_word' id='word_1_60' title='bbox 847 1599 931 1696; x_wconf 80' lang='lat' dir='ltr'><strong>lueis</strong></span> <span class='ocrx_word' id='word_1_61' title='bbox 959 1609 992 1672; x_wconf 90' lang='lat' dir='ltr'><strong>et</strong></span> <span class='ocrx_word' id='word_1_62' title='bbox 1018 1603 1147 1696; x_wconf 87' lang='lat' dir='ltr'><strong>quietis.</strong></span> 
     </span>
    </p>

    <p class='ocr_par' dir='ltr' id='par_1_4' title="bbox 626 1714 1994 2971">
     <span class='ocr_line' id='line_1_10' title="bbox 729 1714 1213 1811; baseline 0.002 -26"><span class='ocrx_word' id='word_1_63' title='bbox 729 1715 890 1809; x_wconf 77' lang='lat' dir='ltr'><strong>Popotm.</strong></span> <span class='ocrx_word' id='word_1_64' title='bbox 943 1714 1048 1811; x_wconf 72' lang='lat' dir='ltr'><strong>Myris</strong></span> <span class='ocrx_word' id='word_1_65' title='bbox 1075 1715 1213 1788; x_wconf 87' lang='lat' dir='ltr'><strong>eleison.</strong></span> 
     </span>
     <span class='ocr_line' id='line_1_11' title="bbox 629 1830 1994 1934; baseline -0.001 -32"><span class='ocrx_word' id='word_1_66' title='bbox 629 1923 634 1934; x_wconf 31' lang='lat'>¹</span> <span class='ocrx_word' id='word_1_67' title='bbox 730 1831 905 1903; x_wconf 79' lang='lat' dir='ltr'><strong>Sacerdos</strong></span> <span class='ocrx_word' id='word_1_68' title='bbox 931 1831 1069 1902; x_wconf 81' lang='lat' dir='ltr'><strong>elaeone</strong></span> <span class='ocrx_word' id='word_1_69' title='bbox 1094 1853 1220 1904; x_wconf 79' lang='lat' dir='ltr'><strong>vocem,</strong></span> <span class='ocrx_word' id='word_1_70' title='bbox 1273 1831 1345 1902; x_wconf 86' lang='lat' dir='ltr'><strong>Fac</strong></span> <span class='ocrx_word' id='word_1_71' title='bbox 1371 1830 1514 1902; x_wconf 91' lang='lat' dir='ltr'><strong>Domine</strong></span> <span class='ocrx_word' id='word_1_72' title='bbox 1540 1832 1720 1925; x_wconf 85' lang='lat' dir='ltr'><strong>pervenire</strong></span> <span class='ocrx_word' id='word_1_73' title='bbox 1752 1849 1873 1902; x_wconf 88' lang='lat' dir='ltr'><strong>servos</strong></span> <span class='ocrx_word' id='word_1_74' title='bbox 1906 1836 1994 1916; x_wconf 75' lang='lat' dir='ltr'><strong>tuos,</strong></span> 
     </span>
     <span class='ocr_line' id='line_1_12' title="bbox 628 1942 1993 2050; baseline -0.003 -32"><span class='ocrx_word' id='word_1_75' title='bbox 628 1950 683 2043; x_wconf 93' lang='lat' dir='ltr'><strong>qui</strong></span> <span class='ocrx_word' id='word_1_76' title='bbox 711 1946 938 2019; x_wconf 83' lang='lat' dir='ltr'><strong>decubuerunt</strong></span> <span class='ocrx_word' id='word_1_77' title='bbox 963 1969 1036 2019; x_wconf 94' lang='lat' dir='ltr'><strong>cum</strong></span> <span class='ocrx_word' id='word_1_78' title='bbox 1064 1969 1125 2044; x_wconf 91' lang='lat' dir='ltr'><strong>spe</strong></span> <span class='ocrx_word' id='word_1_79' title='bbox 1151 1959 1207 2021; x_wconf 92' lang='lat' dir='ltr'><strong>tua</strong></span> <span class='ocrx_word' id='word_1_80' title='bbox 1233 1945 1375 2034; x_wconf 85' lang='lat' dir='ltr'><strong>iulide,</strong></span> <span class='ocrx_word' id='word_1_81' title='bbox 1410 1945 1453 2017; x_wconf 91' lang='lat' dir='ltr'><strong>ad</strong></span> <span class='ocrx_word' id='word_1_82' title='bbox 1478 1945 1567 2017; x_wconf 91' lang='lat' dir='ltr'><strong>bona</strong></span> <span class='ocrx_word' id='word_1_83' title='bbox 1599 1945 1656 2050; x_wconf 76' lang='lat' dir='ltr'><strong>illa</strong></span> <span class='ocrx_word' id='word_1_84' title='bbox 1691 1944 1872 2031; x_wconf 76' lang='lat' dir='ltr'><strong>coelestia,</strong></span> <span class='ocrx_word' id='word_1_85' title='bbox 1904 1942 1993 2015; x_wconf 88' lang='lat' dir='ltr'><strong>deli-</strong></span> 
     </span>
     <span class='ocr_line' id='line_1_13' title="bbox 627 2059 1993 2159; baseline -0.002 -25"><span class='ocrx_word' id='word_1_86' title='bbox 627 2068 764 2159; x_wconf 91' lang='lat' dir='ltr'><strong>ciasqne</strong></span> <span class='ocrx_word' id='word_1_87' title='bbox 789 2063 1030 2136; x_wconf 86' lang='lat' dir='ltr'><strong>indeficientes:</strong></span> <span class='ocrx_word' id='word_1_88' title='bbox 1059 2075 1093 2136; x_wconf 92' lang='lat' dir='ltr'><strong>et</strong></span> <span class='ocrx_word' id='word_1_89' title='bbox 1118 2064 1240 2157; x_wconf 91' lang='lat' dir='ltr'><strong>gaudia</strong></span> <span class='ocrx_word' id='word_1_90' title='bbox 1266 2063 1322 2134; x_wconf 91' lang='lat' dir='ltr'><strong>illa</strong></span> <span class='ocrx_word' id='word_1_91' title='bbox 1347 2059 1600 2150; x_wconf 79' lang='lat' dir='ltr'><strong>indefectibiba‚</strong></span> <span class='ocrx_word' id='word_1_92' title='bbox 1632 2071 1667 2133; x_wconf 83' lang='lat' dir='ltr'><strong>et</strong></span> <span class='ocrx_word' id='word_1_93' title='bbox 1691 2062 1880 2157; x_wconf 87' lang='lat' dir='ltr'><strong>voluptates</strong></span> <span class='ocrx_word' id='word_1_94' title='bbox 1907 2082 1993 2154; x_wconf 88' lang='lat' dir='ltr'><strong>quae</strong></span> 
     </span>
     <span class='ocr_line' id='line_1_14' title="bbox 627 2175 1994 2276; baseline -0.003 -24"><span class='ocrx_word' id='word_1_95' title='bbox 627 2203 694 2252; x_wconf 92' lang='lat' dir='ltr'><strong>non</strong></span> <span class='ocrx_word' id='word_1_96' title='bbox 719 2188 876 2275; x_wconf 86' lang='lat' dir='ltr'><strong>pereunt:</strong></span> <span class='ocrx_word' id='word_1_97' title='bbox 904 2177 946 2250; x_wconf 91' lang='lat' dir='ltr'><strong>ad</strong></span> <span class='ocrx_word' id='word_1_98' title='bbox 972 2191 1101 2276; x_wconf 88' lang='lat' dir='ltr'><strong>portum</strong></span> <span class='ocrx_word' id='word_1_99' title='bbox 1129 2184 1162 2251; x_wconf 94' lang='lat' dir='ltr'><strong>in</strong></span> <span class='ocrx_word' id='word_1_100' title='bbox 1190 2200 1255 2275; x_wconf 91' lang='lat' dir='ltr'><strong>quo</strong></span> <span class='ocrx_word' id='word_1_101' title='bbox 1290 2180 1527 2273; x_wconf 88' lang='lat' dir='ltr'><strong>conquiescunt</strong></span> <span class='ocrx_word' id='word_1_102' title='bbox 1558 2176 1686 2270; x_wconf 86' lang='lat' dir='ltr'><strong>fatigati</strong></span> <span class='ocrx_word' id='word_1_103' title='bbox 1721 2188 1755 2249; x_wconf 89' lang='lat' dir='ltr'><strong>et</strong></span> <span class='ocrx_word' id='word_1_104' title='bbox 1783 2179 1915 2269; x_wconf 88' lang='lat' dir='ltr'><strong>jactati:</strong></span> <span class='ocrx_word' id='word_1_105' title='bbox 1951 2175 1994 2249; x_wconf 90' lang='lat' dir='ltr'><strong>ad</strong></span> 
     </span>
     <span class='ocr_line' id='line_1_15' title="bbox 627 2292 1994 2390; baseline -0.003 -22"><span class='ocrx_word' id='word_1_106' title='bbox 627 2299 817 2369; x_wconf 91' lang='lat' dir='ltr'><strong>convivium</strong></span> <span class='ocrx_word' id='word_1_107' title='bbox 845 2295 942 2385; x_wconf 79' lang='lat' dir='ltr'><strong>illud,</strong></span> <span class='ocrx_word' id='word_1_108' title='bbox 967 2298 1002 2366; x_wconf 95' lang='lat' dir='ltr'><strong>in</strong></span> <span class='ocrx_word' id='word_1_109' title='bbox 1030 2318 1095 2389; x_wconf 94' lang='lat' dir='ltr'><strong>quo</strong></span> <span class='ocrx_word' id='word_1_110' title='bbox 1123 2295 1464 2390; x_wconf 78' lang='lat' dir='ltr'><strong>exultantMartyres</strong></span> <span class='ocrx_word' id='word_1_111' title='bbox 1491 2292 1796 2384; x_wconf 69' lang='lat' dir='ltr'><strong>adornantes,</strong></span> <span class='ocrx_word' id='word_1_112' title='bbox 1828 2314 1994 2365; x_wconf 89' lang='lat' dir='ltr'><strong>coenam-</strong></span> 
     </span>
     <span class='ocr_line' id='line_1_16' title="bbox 627 2408 1994 2508; baseline -0.001 -24"><span class='ocrx_word' id='word_1_113' title='bbox 627 2436 692 2508; x_wconf 90' lang='lat' dir='ltr'><strong>que</strong></span> <span class='ocrx_word' id='word_1_114' title='bbox 717 2421 951 2507; x_wconf 88' lang='lat' dir='ltr'><strong>praeparatam</strong></span> <span class='ocrx_word' id='word_1_115' title='bbox 976 2412 1085 2485; x_wconf 89' lang='lat' dir='ltr'><strong>beatis</strong></span> <span class='ocrx_word' id='word_1_116' title='bbox 1112 2411 1280 2484; x_wconf 90' lang='lat' dir='ltr'><strong>omnibus:</strong></span> <span class='ocrx_word' id='word_1_117' title='bbox 1306 2432 1532 2506; x_wconf 85' lang='lat' dir='ltr'><strong>praeservans</strong></span> <span class='ocrx_word' id='word_1_118' title='bbox 1559 2432 1620 2485; x_wconf 90' lang='lat' dir='ltr'><strong>eos</strong></span> <span class='ocrx_word' id='word_1_119' title='bbox 1647 2408 1689 2483; x_wconf 91' lang='lat' dir='ltr'><strong>ab</strong></span> <span class='ocrx_word' id='word_1_120' title='bbox 1717 2413 1816 2502; x_wconf 72' lang='lat' dir='ltr'><strong>igne,</strong></span> <span class='ocrx_word' id='word_1_121' title='bbox 1846 2408 1994 2500; x_wconf 77' lang='lat' dir='ltr'><strong>tenebris</strong></span> 
     </span>
     <span class='ocr_line' id='line_1_17' title="bbox 629 2526 1993 2622; baseline 0 -23"><span class='ocrx_word' id='word_1_122' title='bbox 629 2538 663 2599; x_wconf 89' lang='lat' dir='ltr'><strong>et</strong></span> <span class='ocrx_word' id='word_1_123' title='bbox 688 2549 804 2598; x_wconf 89' lang='lat' dir='ltr'><strong>verme</strong></span> <span class='ocrx_word' id='word_1_124' title='bbox 832 2531 979 2622; x_wconf 91' lang='lat' dir='ltr'><strong>quinon</strong></span> <span class='ocrx_word' id='word_1_125' title='bbox 1006 2530 1162 2617; x_wconf 83' lang='lat' dir='ltr'><strong>moritur,</strong></span> <span class='ocrx_word' id='word_1_126' title='bbox 1189 2530 1265 2622; x_wconf 95' lang='lat' dir='ltr'><strong>quia</strong></span> <span class='ocrx_word' id='word_1_127' title='bbox 1292 2526 1398 2599; x_wconf 89' lang='lat' dir='ltr'><strong>nullus</strong></span> <span class='ocrx_word' id='word_1_128' title='bbox 1425 2537 1478 2600; x_wconf 89' lang='lat' dir='ltr'><strong>est</strong></span> <span class='ocrx_word' id='word_1_129' title='bbox 1507 2527 1592 2600; x_wconf 89' lang='lat' dir='ltr'><strong>liber</strong></span> <span class='ocrx_word' id='word_1_130' title='bbox 1625 2551 1645 2600; x_wconf 93' lang='lat' dir='ltr'><strong>a</strong></span> <span class='ocrx_word' id='word_1_131' title='bbox 1680 2529 1826 2622; x_wconf 88' lang='lat' dir='ltr'><strong>peccatis</strong></span> <span class='ocrx_word' id='word_1_132' title='bbox 1860 2537 1894 2598; x_wconf 87' lang='lat' dir='ltr'><strong>at</strong></span> <span class='ocrx_word' id='word_1_133' title='bbox 1926 2526 1993 2599; x_wconf 88' lang='lat' dir='ltr'><strong>de-</strong></span> 
     </span>
     <span class='ocr_line' id='line_1_18' title="bbox 626 2641 1994 2733; baseline -0.001 -17"><span class='ocrx_word' id='word_1_134' title='bbox 626 2644 712 2716; x_wconf 92' lang='lat' dir='ltr'><strong>lictis</strong></span> <span class='ocrx_word' id='word_1_135' title='bbox 739 2647 824 2714; x_wconf 91' lang='lat' dir='ltr'><strong>inter</strong></span> <span class='ocrx_word' id='word_1_136' title='bbox 858 2666 974 2715; x_wconf 91' lang='lat' dir='ltr'><strong>ornnes</strong></span> <span class='ocrx_word' id='word_1_137' title='bbox 1006 2643 1174 2733; x_wconf 75' lang='lat' dir='ltr'><strong>homines,</strong></span> <span class='ocrx_word' id='word_1_138' title='bbox 1207 2645 1270 2714; x_wconf 91' lang='lat' dir='ltr'><strong>nisi</strong></span> <span class='ocrx_word' id='word_1_139' title='bbox 1304 2665 1388 2716; x_wconf 90' lang='lat' dir='ltr'><strong>unus</strong></span> <span class='ocrx_word' id='word_1_140' title='bbox 1422 2644 1584 2716; x_wconf 88' lang='lat' dir='ltr'><strong>Dominus</strong></span> <span class='ocrx_word' id='word_1_141' title='bbox 1617 2653 1651 2715; x_wconf 91' lang='lat' dir='ltr'><strong>et</strong></span> <span class='ocrx_word' id='word_1_142' title='bbox 1682 2641 1840 2715; x_wconf 86' lang='lat' dir='ltr'><strong>Salvator</strong></span> <span class='ocrx_word' id='word_1_143' title='bbox 1878 2651 1994 2716; x_wconf 90' lang='lat' dir='ltr'><strong>noster</strong></span> 
     </span>
     <span class='ocr_line' id='line_1_19' title="bbox 627 2757 1991 2859; baseline -0.002 -29"><span class='ocrx_word' id='word_1_144' title='bbox 627 2760 727 2832; x_wconf 86' lang='lat' dir='ltr'><strong>lesus</strong></span> <span class='ocrx_word' id='word_1_145' title='bbox 755 2757 905 2833; x_wconf 85' lang='lat' dir='ltr'><strong>Christus</strong></span> <span class='ocrx_word' id='word_1_146' title='bbox 931 2763 1119 2859; x_wconf 88' lang='lat' dir='ltr'><strong>unigenitus</strong></span> <span class='ocrx_word' id='word_1_147' title='bbox 1146 2757 1231 2831; x_wconf 86' lang='lat' dir='ltr'><strong>lilius</strong></span> <span class='ocrx_word' id='word_1_148' title='bbox 1258 2769 1350 2848; x_wconf 89' lang='lat' dir='ltr'><strong>tuus,</strong></span> <span class='ocrx_word' id='word_1_149' title='bbox 1377 2782 1438 2856; x_wconf 90' lang='lat' dir='ltr'><strong>per</strong></span> <span class='ocrx_word' id='word_1_150' title='bbox 1460 2782 1562 2856; x_wconf 87' lang='lat' dir='ltr'><strong>quem</strong></span> <span class='ocrx_word' id='word_1_151' title='bbox 1593 2781 1657 2832; x_wconf 91' lang='lat' dir='ltr'><strong>nos</strong></span> <span class='ocrx_word' id='word_1_152' title='bbox 1689 2780 1821 2854; x_wconf 85' lang='lat' dir='ltr'><strong>quoque</strong></span> <span class='ocrx_word' id='word_1_153' title='bbox 1855 2760 1991 2832; x_wconf 87' lang='lat' dir='ltr'><strong>miseri-</strong></span> 
     </span>
     <span class='ocr_line' id='line_1_20' title="bbox 629 2875 1271 2971; baseline -0.003 -23"><span class='ocrx_word' id='word_1_154' title='bbox 629 2875 778 2948; x_wconf 89' lang='lat' dir='ltr'><strong>cordiam</strong></span> <span class='ocrx_word' id='word_1_155' title='bbox 805 2879 966 2971; x_wconf 86' lang='lat' dir='ltr'><strong>consequi</strong></span> <span class='ocrx_word' id='word_1_156' title='bbox 992 2897 1181 2970; x_wconf 89' lang='lat' dir='ltr'><strong>speramus,</strong></span> <span class='ocrx_word' id='word_1_157' title='bbox 1209 2886 1271 2947; x_wconf 88' lang='lat' dir='ltr'><strong>etc.</strong></span> 
     </span>
    </p>

    <p class='ocr_par' dir='ltr' id='par_1_5' title="bbox 732 2990 1270 3087">
     <span class='ocr_line' id='line_1_21' title="bbox 732 2990 1270 3087; baseline -0.002 -25"><span class='ocrx_word' id='word_1_158' title='bbox 732 2990 892 3083; x_wconf 84' lang='lat' dir='ltr'><strong>Populus.</strong></span> <span class='ocrx_word' id='word_1_159' title='bbox 947 2991 1098 3078; x_wconf 86' lang='lat' dir='ltr'><strong>Quietem</strong></span> <span class='ocrx_word' id='word_1_160' title='bbox 1125 3002 1270 3087; x_wconf 90' lang='lat' dir='ltr'><strong>praesta.</strong></span> 
     </span>
    </p>

    <p class='ocr_par' dir='ltr' id='par_1_6' title="bbox 626 3103 1994 4362">
     <span class='ocr_line' id='line_1_22' title="bbox 732 3103 1993 3207; baseline -0.002 -29"><span class='ocrx_word' id='word_1_161' title='bbox 732 3105 917 3180; x_wconf 80' lang='lat' dir='ltr'><strong>Sacerdos.</strong></span> <span class='ocrx_word' id='word_1_162' title='bbox 969 3109 1076 3180; x_wconf 88' lang='lat' dir='ltr'><strong>Parce</strong></span> <span class='ocrx_word' id='word_1_163' title='bbox 1102 3106 1226 3207; x_wconf 94' lang='lat' dir='ltr'><strong>populo</strong></span> <span class='ocrx_word' id='word_1_164' title='bbox 1254 3116 1309 3180; x_wconf 93' lang='lat' dir='ltr'><strong>tuo</strong></span> <span class='ocrx_word' id='word_1_165' title='bbox 1335 3105 1424 3179; x_wconf 87' lang='lat' dir='ltr'><strong>lideli</strong></span> <span class='ocrx_word' id='word_1_166' title='bbox 1449 3106 1610 3180; x_wconf 89' lang='lat' dir='ltr'><strong>Domino:</strong></span> <span class='ocrx_word' id='word_1_167' title='bbox 1636 3116 1840 3201; x_wconf 88' lang='lat' dir='ltr'><strong>peccataque</strong></span> <span class='ocrx_word' id='word_1_168' title='bbox 1866 3115 1900 3176; x_wconf 91' lang='lat' dir='ltr'><strong>et</strong></span> <span class='ocrx_word' id='word_1_169' title='bbox 1926 3103 1993 3176; x_wconf 90' lang='lat' dir='ltr'><strong>de-</strong></span> 
     </span>
     <span class='ocr_line' id='line_1_23' title="bbox 626 3221 1993 3318; baseline 0 -24"><span class='ocrx_word' id='word_1_170' title='bbox 626 3223 705 3296; x_wconf 88' lang='lat' dir='ltr'><strong>licta</strong></span> <span class='ocrx_word' id='word_1_171' title='bbox 732 3246 848 3296; x_wconf 90' lang='lat' dir='ltr'><strong>eorum</strong></span> <span class='ocrx_word' id='word_1_172' title='bbox 873 3246 940 3296; x_wconf 94' lang='lat' dir='ltr'><strong>non</strong></span> <span class='ocrx_word' id='word_1_173' title='bbox 967 3222 1156 3296; x_wconf 85' lang='lat' dir='ltr'><strong>recorderis</strong></span> <span class='ocrx_word' id='word_1_174' title='bbox 1184 3228 1253 3312; x_wconf 82' lang='lat' dir='ltr'><strong>eis3</strong></span> <span class='ocrx_word' id='word_1_175' title='bbox 1279 3245 1389 3318; x_wconf 90' lang='lat' dir='ltr'><strong>neque</strong></span> <span class='ocrx_word' id='word_1_176' title='bbox 1414 3221 1663 3295; x_wconf 83' lang='lat' dir='ltr'><strong>manifestentur</strong></span> <span class='ocrx_word' id='word_1_177' title='bbox 1696 3221 1846 3294; x_wconf 89' lang='lat' dir='ltr'><strong>maculae</strong></span> <span class='ocrx_word' id='word_1_178' title='bbox 1877 3242 1993 3294; x_wconf 89' lang='lat' dir='ltr'><strong>eorum</strong></span> 
     </span>
     <span class='ocr_line' id='line_1_24' title="bbox 628 3337 1993 3435; baseline -0.001 -26"><span class='ocrx_word' id='word_1_179' title='bbox 628 3362 648 3409; x_wconf 88' lang='lat' dir='ltr'><strong>a</strong></span> <span class='ocrx_word' id='word_1_180' title='bbox 672 3342 797 3433; x_wconf 89' lang='lat' dir='ltr'><strong>justitia</strong></span> <span class='ocrx_word' id='word_1_181' title='bbox 824 3350 899 3430; x_wconf 78' lang='lat' dir='ltr'><strong>tua,</strong></span> <span class='ocrx_word' id='word_1_182' title='bbox 924 3339 982 3412; x_wconf 91' lang='lat' dir='ltr'><strong>illo</strong></span> <span class='ocrx_word' id='word_1_183' title='bbox 1010 3340 1062 3412; x_wconf 91' lang='lat' dir='ltr'><strong>die</strong></span> <span class='ocrx_word' id='word_1_184' title='bbox 1090 3363 1156 3435; x_wconf 92' lang='lat' dir='ltr'><strong>quo</strong></span> <span class='ocrx_word' id='word_1_185' title='bbox 1179 3339 1385 3434; x_wconf 88' lang='lat' dir='ltr'><strong>judicaturus</strong></span> <span class='ocrx_word' id='word_1_186' title='bbox 1412 3361 1450 3410; x_wconf 92' lang='lat' dir='ltr'><strong>es</strong></span> <span class='ocrx_word' id='word_1_187' title='bbox 1477 3360 1592 3412; x_wconf 90' lang='lat' dir='ltr'><strong>omnes</strong></span> <span class='ocrx_word' id='word_1_188' title='bbox 1618 3339 1854 3430; x_wconf 83' lang='lat' dir='ltr'><strong>generationes</strong></span> <span class='ocrx_word' id='word_1_189' title='bbox 1880 3337 1993 3410; x_wconf 84' lang='lat' dir='ltr'><strong>bomi-</strong></span> 
     </span>
     <span class='ocr_line' id='line_1_25' title="bbox 627 3453 1994 3553; baseline 0.001 -28"><span class='ocrx_word' id='word_1_190' title='bbox 627 3477 723 3544; x_wconf 73' lang='lat' dir='ltr'><strong>num,</strong></span> <span class='ocrx_word' id='word_1_191' title='bbox 750 3463 784 3527; x_wconf 92' lang='lat' dir='ltr'><strong>et</strong></span> <span class='ocrx_word' id='word_1_192' title='bbox 810 3466 1023 3553; x_wconf 90' lang='lat' dir='ltr'><strong>separaturus</strong></span> <span class='ocrx_word' id='word_1_193' title='bbox 1050 3456 1157 3529; x_wconf 91' lang='lat' dir='ltr'><strong>malos</strong></span> <span class='ocrx_word' id='word_1_194' title='bbox 1185 3480 1205 3529; x_wconf 92' lang='lat' dir='ltr'><strong>a</strong></span> <span class='ocrx_word' id='word_1_195' title='bbox 1231 3454 1339 3529; x_wconf 87' lang='lat' dir='ltr'><strong>bonis.</strong></span> <span class='ocrx_word' id='word_1_196' title='bbox 1392 3454 1518 3526; x_wconf 91' lang='lat' dir='ltr'><strong>Verum</strong></span> <span class='ocrx_word' id='word_1_197' title='bbox 1545 3453 1700 3550; x_wconf 86' lang='lat' dir='ltr'><strong>expande</strong></span> <span class='ocrx_word' id='word_1_198' title='bbox 1720 3475 1896 3550; x_wconf 91' lang='lat' dir='ltr'><strong>supernos</strong></span> <span class='ocrx_word' id='word_1_199' title='bbox 1923 3454 1994 3526; x_wconf 89' lang='lat' dir='ltr'><strong>alas</strong></span> 
     </span>
     <span class='ocr_line' id='line_1_26' title="bbox 627 3567 1993 3666; baseline 0 -24"><span class='ocrx_word' id='word_1_200' title='bbox 627 3573 758 3664; x_wconf 86' lang='lat' dir='ltr'><strong>gratiae</strong></span> <span class='ocrx_word' id='word_1_201' title='bbox 792 3582 890 3662; x_wconf 73' lang='lat' dir='ltr'><strong>tuae,</strong></span> <span class='ocrx_word' id='word_1_202' title='bbox 921 3584 957 3646; x_wconf 94' lang='lat' dir='ltr'><strong>ut</strong></span> <span class='ocrx_word' id='word_1_203' title='bbox 986 3570 1164 3644; x_wconf 87' lang='lat' dir='ltr'><strong>liberemur</strong></span> <span class='ocrx_word' id='word_1_204' title='bbox 1197 3594 1217 3643; x_wconf 93' lang='lat' dir='ltr'><strong>a</strong></span> <span class='ocrx_word' id='word_1_205' title='bbox 1251 3573 1348 3643; x_wconf 91' lang='lat' dir='ltr'><strong>minis</strong></span> <span class='ocrx_word' id='word_1_206' title='bbox 1383 3579 1417 3642; x_wconf 89' lang='lat' dir='ltr'><strong>et</strong></span> <span class='ocrx_word' id='word_1_207' title='bbox 1449 3567 1730 3666; x_wconf 88' lang='lat' dir='ltr'><strong>increpationibus</strong></span> <span class='ocrx_word' id='word_1_208' title='bbox 1765 3593 1852 3665; x_wconf 88' lang='lat' dir='ltr'><strong>quae</strong></span> <span class='ocrx_word' id='word_1_209' title='bbox 1885 3573 1993 3666; x_wconf 90' lang='lat' dir='ltr'><strong>impiis</strong></span> 
     </span>
     <span class='ocr_line' id='line_1_27' title="bbox 627 3685 1993 3784; baseline 0 -27"><span class='ocrx_word' id='word_1_210' title='bbox 627 3699 849 3782; x_wconf 86' lang='lat' dir='ltr'><strong>praeparatae</strong></span> <span class='ocrx_word' id='word_1_211' title='bbox 881 3697 974 3778; x_wconf 75' lang='lat' dir='ltr'><strong>sunt,</strong></span> <span class='ocrx_word' id='word_1_212' title='bbox 999 3710 1251 3784; x_wconf 86' lang='lat' dir='ltr'><strong>mereamurque</strong></span> <span class='ocrx_word' id='word_1_213' title='bbox 1277 3685 1395 3780; x_wconf 85' lang='lat' dir='ltr'><strong>egredi</strong></span> <span class='ocrx_word' id='word_1_214' title='bbox 1420 3708 1521 3782; x_wconf 92' lang='lat' dir='ltr'><strong>super</strong></span> <span class='ocrx_word' id='word_1_215' title='bbox 1545 3686 1652 3759; x_wconf 91' lang='lat' dir='ltr'><strong>nubes</strong></span> <span class='ocrx_word' id='word_1_216' title='bbox 1677 3685 1775 3760; x_wconf 87' lang='lat' dir='ltr'><strong>laves</strong></span> <span class='ocrx_word' id='word_1_217' title='bbox 1806 3690 1840 3758; x_wconf 96' lang='lat' dir='ltr'><strong>in</strong></span> <span class='ocrx_word' id='word_1_218' title='bbox 1867 3707 1993 3759; x_wconf 92' lang='lat' dir='ltr'><strong>oecur-</strong></span> 
     </span>
     <span class='ocr_line' id='line_1_28' title="bbox 629 3801 1994 3897; baseline -0.002 -21"><span class='ocrx_word' id='word_1_219' title='bbox 629 3815 838 3877; x_wconf 85' lang='lat' dir='ltr'><strong>sumtuum:</strong></span> <span class='ocrx_word' id='word_1_220' title='bbox 873 3815 1009 3876; x_wconf 89' lang='lat' dir='ltr'><strong>etcum</strong></span> <span class='ocrx_word' id='word_1_221' title='bbox 1036 3805 1181 3877; x_wconf 85' lang='lat' dir='ltr'><strong>invitatis</strong></span> <span class='ocrx_word' id='word_1_222' title='bbox 1213 3806 1276 3877; x_wconf 89' lang='lat' dir='ltr'><strong>tuis</strong></span> <span class='ocrx_word' id='word_1_223' title='bbox 1309 3807 1343 3875; x_wconf 92' lang='lat' dir='ltr'><strong>in</strong></span> <span class='ocrx_word' id='word_1_224' title='bbox 1377 3801 1520 3875; x_wconf 90' lang='lat' dir='ltr'><strong>tbalamo</strong></span> <span class='ocrx_word' id='word_1_225' title='bbox 1552 3813 1608 3874; x_wconf 89' lang='lat' dir='ltr'><strong>tuo</strong></span> <span class='ocrx_word' id='word_1_226' title='bbox 1640 3801 1801 3897; x_wconf 86' lang='lat' dir='ltr'><strong>spirituali</strong></span> <span class='ocrx_word' id='word_1_227' title='bbox 1832 3801 1994 3875; x_wconf 87' lang='lat' dir='ltr'><strong>laetemur</strong></span> 
     </span>
     <span class='ocr_line' id='line_1_29' title="bbox 627 3917 1994 4015; baseline -0.001 -25"><span class='ocrx_word' id='word_1_228' title='bbox 627 3917 826 4014; x_wconf 88' lang='lat' dir='ltr'><strong>visioneque</strong></span> <span class='ocrx_word' id='word_1_229' title='bbox 853 3929 908 3995; x_wconf 90' lang='lat' dir='ltr'><strong>tua</strong></span> <span class='ocrx_word' id='word_1_230' title='bbox 943 3919 1054 3991; x_wconf 89' lang='lat' dir='ltr'><strong>divina</strong></span> <span class='ocrx_word' id='word_1_231' title='bbox 1089 3928 1270 4015; x_wconf 88' lang='lat' dir='ltr'><strong>perpetuo,</strong></span> <span class='ocrx_word' id='word_1_232' title='bbox 1306 3941 1380 3990; x_wconf 89' lang='lat' dir='ltr'><strong>eum</strong></span> <span class='ocrx_word' id='word_1_233' title='bbox 1413 3919 1535 4011; x_wconf 91' lang='lat' dir='ltr'><strong>gaudio</strong></span> <span class='ocrx_word' id='word_1_234' title='bbox 1570 3917 1796 4014; x_wconf 81' lang='lat' dir='ltr'><strong>perfruamur:</strong></span> <span class='ocrx_word' id='word_1_235' title='bbox 1828 3927 1927 4012; x_wconf 88' lang='lat' dir='ltr'><strong>atque</strong></span> <span class='ocrx_word' id='word_1_236' title='bbox 1958 3919 1994 3989; x_wconf 94' lang='lat' dir='ltr'><strong>in</strong></span> 
     </span>
     <span class='ocr_line' id='line_1_30' title="bbox 628 4033 1994 4128; baseline -0.001 -22"><span class='ocrx_word' id='word_1_237' title='bbox 628 4035 693 4107; x_wconf 89' lang='lat' dir='ltr'><strong>boc</strong></span> <span class='ocrx_word' id='word_1_238' title='bbox 720 4039 806 4109; x_wconf 90' lang='lat' dir='ltr'><strong>sicut</strong></span> <span class='ocrx_word' id='word_1_239' title='bbox 830 4039 864 4108; x_wconf 95' lang='lat' dir='ltr'><strong>in</strong></span> <span class='ocrx_word' id='word_1_240' title='bbox 891 4033 1042 4108; x_wconf 90' lang='lat' dir='ltr'><strong>omnibus</strong></span> <span class='ocrx_word' id='word_1_241' title='bbox 1068 4034 1283 4128; x_wconf 80' lang='lat' dir='ltr'><strong>glorificetur,</strong></span> <span class='ocrx_word' id='word_1_242' title='bbox 1309 4033 1476 4122; x_wconf 79' lang='lat' dir='ltr'><strong>laudetur,</strong></span> <span class='ocrx_word' id='word_1_243' title='bbox 1503 4044 1537 4105; x_wconf 89' lang='lat' dir='ltr'><strong>et</strong></span> <span class='ocrx_word' id='word_1_244' title='bbox 1554 4033 1742 4108; x_wconf 86' lang='lat' dir='ltr'><strong>celebretur</strong></span> <span class='ocrx_word' id='word_1_245' title='bbox 1755 4055 1877 4108; x_wconf 92' lang='lat' dir='ltr'><strong>nomen</strong></span> <span class='ocrx_word' id='word_1_246' title='bbox 1892 4043 1994 4123; x_wconf 76' lang='lat' dir='ltr'><strong>mum,</strong></span> 
     </span>
     <span class='ocr_line' id='line_1_31' title="bbox 627 4147 1993 4246; baseline -0.001 -24"><span class='ocrx_word' id='word_1_247' title='bbox 627 4148 949 4223; x_wconf 89' lang='lat' dir='ltr'><strong>honorabilissimum</strong></span> <span class='ocrx_word' id='word_1_248' title='bbox 977 4160 1011 4223; x_wconf 90' lang='lat' dir='ltr'><strong>et</strong></span> <span class='ocrx_word' id='word_1_249' title='bbox 1024 4151 1246 4242; x_wconf 80' lang='lat' dir='ltr'><strong>benedictum,</strong></span> <span class='ocrx_word' id='word_1_250' title='bbox 1272 4148 1434 4246; x_wconf 89' lang='lat' dir='ltr'><strong>simulque</strong></span> <span class='ocrx_word' id='word_1_251' title='bbox 1449 4151 1583 4223; x_wconf 91' lang='lat' dir='ltr'><strong>Domini</strong></span> <span class='ocrx_word' id='word_1_252' title='bbox 1605 4151 1731 4240; x_wconf 78' lang='lat' dir='ltr'><strong>nostri,</strong></span> <span class='ocrx_word' id='word_1_253' title='bbox 1762 4149 1844 4223; x_wconf 83' lang='lat' dir='ltr'><strong>lesu</strong></span> <span class='ocrx_word' id='word_1_254' title='bbox 1869 4147 1993 4222; x_wconf 84' lang='lat' dir='ltr'><strong>Christi</strong></span> 
     </span>
     <span class='ocr_line' id='line_1_32' title="bbox 629 4267 1044 4362; baseline 0.005 -26"><span class='ocrx_word' id='word_1_255' title='bbox 629 4276 663 4336; x_wconf 90' lang='lat' dir='ltr'><strong>et</strong></span> <span class='ocrx_word' id='word_1_256' title='bbox 688 4267 831 4362; x_wconf 85' lang='lat' dir='ltr'><strong>Spiritus</strong></span> <span class='ocrx_word' id='word_1_257' title='bbox 857 4268 903 4336; x_wconf 91' lang='lat' dir='ltr'><strong>tui</strong></span> <span class='ocrx_word' id='word_1_258' title='bbox 930 4270 1044 4339; x_wconf 86' lang='lat' dir='ltr'><strong>saneti.</strong></span> 
     </span>
    </p>

    <p class='ocr_par' dir='ltr' id='par_1_7' title="bbox 731 4380 1047 4473">
     <span class='ocr_line' id='line_1_33' title="bbox 731 4380 1047 4473; baseline 0.006 -21"><span class='ocrx_word' id='word_1_259' title='bbox 731 4380 892 4473; x_wconf 80' lang='lat' dir='ltr'><strong>Populus.</strong></span> <span class='ocrx_word' id='word_1_260' title='bbox 945 4381 1047 4456; x_wconf 87' lang='lat' dir='ltr'><strong>Sicut.</strong></span> 
     </span>
    </p>

    <p class='ocr_par' dir='ltr' id='par_1_8' title="bbox 731 4496 1053 4570">
     <span class='ocr_line' id='line_1_34' title="bbox 731 4496 1053 4570; baseline 0.006 -1"><span class='ocrx_word' id='word_1_261' title='bbox 731 4496 916 4570; x_wconf 80' lang='lat' dir='ltr'><strong>Sacerdos.</strong></span> <span class='ocrx_word' id='word_1_262' title='bbox 968 4498 1053 4570; x_wconf 83' lang='lat' dir='ltr'><strong>Pax.</strong></span> 
     </span>
    </p>

    <p class='ocr_par' dir='ltr' id='par_1_9' title="bbox 731 4611 1333 4711">
     <span class='ocr_line' id='line_1_35' title="bbox 731 4611 1333 4711; baseline 0.003 -28"><span class='ocrx_word' id='word_1_263' title='bbox 731 4612 892 4705; x_wconf 81' lang='lat' dir='ltr'><strong>Populus.</strong></span> <span class='ocrx_word' id='word_1_264' title='bbox 944 4611 989 4684; x_wconf 85' lang='lat' dir='ltr'><strong>Et</strong></span> <span class='ocrx_word' id='word_1_265' title='bbox 1015 4638 1088 4686; x_wconf 84' lang='lat' dir='ltr'><strong>cunr</strong></span> <span class='ocrx_word' id='word_1_266' title='bbox 1115 4613 1239 4711; x_wconf 85' lang='lat' dir='ltr'><strong>Spiritu</strong></span> <span class='ocrx_word' id='word_1_267' title='bbox 1265 4623 1333 4686; x_wconf 88' lang='lat' dir='ltr'><strong>tuo.</strong></span> 
     </span>
    </p>

    <p class='ocr_par' dir='ltr' id='par_1_10' title="bbox 734 4728 1506 4824">
     <span class='ocr_line' id='line_1_36' title="bbox 734 4728 1506 4824; baseline 0.003 -24"><span class='ocrx_word' id='word_1_268' title='bbox 734 4728 917 4800; x_wconf 77' lang='lat' dir='ltr'><strong>Sacerdos.</strong></span> <span class='ocrx_word' id='word_1_269' title='bbox 970 4730 1221 4805; x_wconf 88' lang='lat' dir='ltr'><strong>Misericordiae</strong></span> <span class='ocrx_word' id='word_1_270' title='bbox 1245 4731 1311 4804; x_wconf 91' lang='lat' dir='ltr'><strong>Dei</strong></span> <span class='ocrx_word' id='word_1_271' title='bbox 1336 4731 1417 4824; x_wconf 91' lang='lat' dir='ltr'><strong>sint,</strong></span> <span class='ocrx_word' id='word_1_272' title='bbox 1443 4739 1506 4802; x_wconf 88' lang='lat' dir='ltr'><strong>etc.</strong></span> 
     </span>
    </p>

    <p class='ocr_par' dir='ltr' id='par_1_11' title="bbox 730 4843 1334 4945">
     <span class='ocr_line' id='line_1_37' title="bbox 730 4843 1334 4945; baseline 0.007 -30"><span class='ocrx_word' id='word_1_273' title='bbox 730 4843 893 4937; x_wconf 82' lang='lat' dir='ltr'><strong>Populea.</strong></span> <span class='ocrx_word' id='word_1_274' title='bbox 946 4843 1090 4920; x_wconf 83' lang='lat' dir='ltr'><strong>Etcum</strong></span> <span class='ocrx_word' id='word_1_275' title='bbox 1117 4847 1241 4945; x_wconf 90' lang='lat' dir='ltr'><strong>Spiritu</strong></span> <span class='ocrx_word' id='word_1_276' title='bbox 1267 4857 1334 4920; x_wconf 88' lang='lat' dir='ltr'><strong>tuo.</strong></span> 
     </span>
    </p>

    <p class='ocr_par' dir='ltr' id='par_1_12' title="bbox 731 4961 1267 5037">
     <span class='ocr_line' id='line_1_38' title="bbox 731 4961 1267 5037; baseline 0.009 -5"><span class='ocrx_word' id='word_1_277' title='bbox 731 4962 911 5032; x_wconf 82' lang='lat' dir='ltr'><strong>Diaconos</strong></span> <span class='ocrx_word' id='word_1_278' title='bbox 936 4961 1020 5034; x_wconf 81' lang='lat' dir='ltr'><strong>dicit</strong></span> <span class='ocrx_word' id='word_1_279' title='bbox 1047 4963 1267 5037; x_wconf 82' lang='lat' dir='ltr'><strong>Cutbolioom.</strong></span> 
     </span>
    </p>
   </div>
   <div class='ocr_carea' id='block_1_3' title="bbox 0 0 2370 6036">
    <p class='ocr_par' dir='ltr' id='par_1_13' title="bbox 0 0 2370 6036">
     <span class='ocr_line' id='line_1_39' title="bbox 0 0 2370 6036; baseline 0 0"><span class='ocrx_word' id='word_1_280' title='bbox 0 0 2370 6036; x_wconf 95' lang='lat' dir='ltr'><strong> </strong></span> 
     </span>
    </p>
   </div>
  </div>
 </body>
</html>
