4814 6060
516 1237 526 1246 ·
646 1205 795 1290 significat
816 1213 992 1286 usurpatur,
1016 1223 1077 1267 non
1100 1223 1284 1286 synonyma,
1315 1205 1372 1266 etsi
1396 1205 1432 1266 ab
1456 1203 1617 1287 Aegyptiis
1641 1220 1734 1265 voces
1757 1199 1858 1280 Σῶμα
1881 1209 1911 1264 et
1933 1191 1982 1264 Σᾶ

1224 625 1454 702 NOTAE

1086 877 1138 970 d.
1165 887 1264 969 Haec
1291 903 1454 970 calcare
1480 921 1565 968 meo.

715 1091 848 1171 'Vuxoo
872 1102 1024 1164 tamenin
1047 1102 1172 1182 reliquis
1201 1101 1334 1182 Syriacis
1357 1099 1519 1184 Liturgiis,
1549 1117 1611 1162 vox
1640 1117 1717 1180 quae
1751 1091 1875 1180 proprie
1903 1098 2022 1179 Corpus
2092 1081 2097 1088 ’

2002 1247 2019 1280 δ

2005 1201 2022 1242 e

644 1305 854 1370 indifferenter
876 1311 1078 1385 usurpentur,
1109 1311 1142 1366 ut
1171 1323 1189 1366 a
1219 1302 1394 1366 Christianis
1418 1303 1550 1366 Arabica
1573 1300 1776 1364 scribentibus
1798 1313 1860 1370 ibt
1884 1309 1914 1363 et
1937 1223 2020 1381 eriz,

645 1421 751 1467 venun
773 1420 836 1464 non
859 1421 898 1465 eo
919 1403 951 1464 in
972 1401 1052 1466 loco.
1096 1400 1176 1463 Nihil
1198 1401 1277 1464 enim
1307 1403 1404 1464 minus
1432 1401 1649 1480 conveniebat,
1679 1417 1767 1482 quam
1796 1399 1825 1461 in
1856 1402 2022 1482 praecipua

591 1481 599 1500 ³
645 1502 851 1582 sanctiorique
864 1501 1018 1584 Liturgiae
1042 1509 1129 1582 parte
1152 1500 1306 1582 explicare
1320 1501 1483 1564 verborum
1506 1502 1634 1582 copiam,
1658 1518 1736 1581 quae
1758 1499 1846 1562 etiam
1869 1500 1896 1560 si
1919 1499 2020 1581 aliquo

603 1631 609 1636 ·
646 1599 751 1664 colore
775 1601 915 1663 excusari
936 1607 1053 1681 posset,
1076 1600 1151 1676 sola,
1174 1609 1206 1662 ut
1228 1601 1259 1662 in
1281 1601 1368 1662 simili
1401 1608 1580 1684 argumento
1603 1599 1792 1683 Augustinus
1822 1599 1906 1674 dixit,
1928 1601 2021 1661 novi-

645 1706 708 1761 tate
730 1698 896 1780 perturbat.
920 1697 1006 1760 Unde
1019 1705 1052 1760 ut
1075 1697 1209 1779 plurimis
1231 1699 1398 1780 iisdemque
1421 1699 1610 1781 gravissimis
1635 1697 1800 1779 Theologis
1823 1714 1884 1759 non
1907 1696 2020 1778 placuit

644 1796 793 1860 immutari
814 1805 937 1860 veteres
961 1796 1072 1860 Christi
1095 1797 1258 1860 verborum
1281 1797 1424 1860 formulas
1455 1799 1512 1860 nisi
1536 1796 1660 1860 totidem
1693 1796 1817 1878 syllabis
1852 1813 1918 1858 eam
1941 1815 2021 1877 quae

643 1895 778 1958 Romano
802 1896 927 1960 Canone
950 1897 1152 1975 continentur,
1175 1897 1395 1976 exprimerent,
1426 1896 1515 1961 modo
1540 1915 1580 1958 ex
1606 1892 1775 1976 Evangelio
1799 1900 1850 1955 aut
1871 1892 2021 1975 Apostolo

645 1994 817 2077 descriptae
840 2003 960 2058 essent:
984 1995 1025 2058 ita
1048 1996 1268 2059 necimmerito
1282 1995 1464 2058 damnavere
1478 1993 1786 2059 blissionariisimiles
1801 1993 1882 2073 huic,
1906 2011 2021 2074 easque

644 2093 809 2158 abolendas
832 2101 1029 2158 censuerunt.
1083 2092 1133 2156 An
1155 2113 1230 2158 vero
1253 2094 1329 2158 baec
1352 2096 1515 2158 immutatio
1539 2094 1678 2157 ellectum
1701 2091 1938 2157 consecrationis
1961 2093 2021 2156 im-

643 2193 756 2274 pediat,
781 2193 966 2275 expendere,
990 2192 1138 2277 longioris
1161 2211 1275 2274 operae
1297 2193 1388 2271 loret,
1410 2212 1468 2256 nec
1491 2192 1529 2256 ad
1546 2194 1712 2256 institutum
1729 2192 2019 2272 nostrumpcrtinet.

642 2291 722 2354 Nihil
744 2293 841 2356 simile
863 2294 893 2355 in
917 2291 1043 2355 Graecis
1066 2293 1222 2356 veteribus
1247 2293 1403 2377 liturgiis,
1428 2301 1477 2354 aut
1501 2294 1531 2354 in
1554 2292 1697 2373 Syriacis,
1721 2297 1779 2352 tam
1802 2290 2020 2372 blelcbitarum,

644 2409 732 2472 quarn
755 2391 1015 2470 Nestorianorum,
1039 2399 1089 2454 aut
1111 2391 1324 2455 Jacobitarum.
1359 2392 1419 2455 Sed
1443 2409 1543 2472 neque
1566 2392 1755 2454 recentiores
1779 2389 1848 2451 illae
1870 2389 2020 2471 frequen-

642 2496 691 2552 ter
714 2496 877 2570 usurpatae
899 2488 1040 2552 videntur
1061 2488 1175 2568 luisse,
1206 2510 1273 2553 cum
1295 2491 1481 2572 reliquarum
1505 2507 1577 2552 usus
1600 2488 1706 2565 luerit,
1738 2489 1836 2569 sitque
1860 2489 2042 2564 etiamnum,

642 2605 741 2669 prope
769 2588 971 2668 quotidianus.
1027 2589 1061 2651 ln
1089 2585 1194 2650 Latina
1221 2608 1344 2672 quoque
1371 2590 1510 2652 Ecclesia
1537 2588 1708 2669 exemplum
1736 2588 1849 2650 nullum
1876 2587 2021 2664 occurrit,

644 2703 705 2767 quo
728 2703 763 2748 se
786 2688 878 2760 tueri,
886 2688 1037 2766 potuisset
1048 2687 1183 2771 lgnatius
1195 2689 1377 2768 Patriarcha,
1400 2696 1451 2752 aut
1474 2689 1539 2769 ejus
1562 2688 1688 2750 similes:
1712 2704 1779 2748 cum
1803 2686 1860 2749 etsi
1881 2683 2021 2748 inPrae-

643 2785 806 2849 iationibus
830 2787 1021 2866 praesertim,
1045 2788 1111 2849 sive
1133 2786 1280 2867 illatione,
1305 2788 1552 2865 contestatione,
1582 2787 1655 2850 Post
1677 2785 1788 2864 Pridie,
1811 2792 1845 2848 ut
1866 2785 1936 2849 olim
1958 2803 2021 2846 uo·

643 2883 789 2946 cabantur
812 2891 843 2946 et
865 2886 895 2946 in
918 2885 983 2947 aliis
1000 2885 1094 2948 Ollicii
1117 2889 1197 2949 sacri
1219 2889 1354 2968 partibus
1369 2887 1550 2950 observetur
1572 2883 1732 2968 aliquando
1756 2885 1880 2948 uberior
1901 2891 2020 2965 myste-

642 2983 756 3044 riorum
780 2990 810 3044 et
832 2984 1000 3046 orationum
1023 2986 1186 3066 expositio,
1210 2985 1239 3048 in
1262 2987 1363 3049 verbis
1387 2994 1486 3049 tamen
1502 2984 1613 3048 Christi
1635 2982 1816 3062 referendis,
1840 2984 1951 3045 nullum
1968 2989 2021 3043 aut

643 3080 787 3163 exiguum
810 3081 971 3160 discrimen
994 3091 1051 3148 cst.

1040 3347 1076 3416 5.
1118 3345 1298 3416 invocatio
1325 3344 1478 3439 Spiritus
1504 3348 1626 3418 sancti.

754 3533 789 3611 ln
813 3565 849 3608 ea
874 3563 994 3628 quoque
1017 3547 1164 3626 oratione,
1187 3555 1220 3611 ut
1242 3549 1273 3610 in
1303 3547 1428 3628 reliquis
1451 3547 1605 3631 liturgiae
1628 3565 1702 3610 suae
1725 3545 1861 3627 partibus
1883 3546 2020 3610 rhetori-

642 3655 730 3710 catur
751 3647 900 3730 lgnatius:
924 3650 987 3712 sed‘
1001 3650 1042 3712 ita
1064 3659 1097 3714 ut
1120 3653 1284 3731 perspicue
1297 3670 1401 3714 veram
1419 3649 1642 3713 elementorum.
1657 3639 1935 3712 transmutationem
1957 3649 2017 3712 illis

642 3747 744 3810 verbis
774 3747 923 3827 inculcet,
961 3767 1040 3830 quae
1073 3750 1155 3813 nulla
1189 3751 1266 3814 ialsa
1294 3751 1543 3830 interpretatione
1572 3750 1603 3810 in
1634 3749 1804 3829 oppositam
1837 3749 2018 3811 sententiam

643 3844 820 3926 detorqueri
851 3855 973 3928 queant.
1025 3848 1166 3929 Spiritum
1189 3859 1326 3913 sanctum
1356 3851 1537 3912 directorem
1563 3855 1668 3912 vocat:
1703 3847 1760 3911 boe
1792 3855 1841 3911 est
1868 3865 1936 3910 eum
1965 3847 2019 3928 qui

642 3960 699 4006 nos
722 3943 836 4007 inducit
858 3947 888 4008 in
912 3964 1046 4023 omnem,
1068 3950 1147 4010 sicat
1161 3947 1299 4012 Odn'stoc
1317 3951 1457 4028 promisit
1478 3949 1653 4010 ceritatem.-
1676 3945 1833 4028 Syriacum
1856 3948 1935 4009 enim
1957 3965 2019 4008 no-

642 4061 711 4104 men
734 4045 858 4124 proprie
881 4038 1045 4126 usurpatur
1067 4045 1106 4108 de
1129 4047 1268 4111 docendo
1292 4055 1324 4110 et
1346 4047 1515 4131 dirigendo,
1538 4045 1619 4108 unde
1640 4044 1835 4126 Apostolicas
1859 4045 2019 4109 Constitu-

643 4141 752 4220 tiones,
774 4139 1004 4206 Διδασκαλίαν
1030 4144 1124 4228 vulgo
1153 4145 1338 4227 appellatas,
1367 4165 1460 4228 saepe
1491 4145 1560 4226 Syri
1587 4153 1679 4212 naun
1707 4152 1829 4206 uocant.
1874 4143 2018 4224 Spiritum

620 4247 779 4302 sanctum
803 4241 873 4304 dicit
896 4260 913 4303 a
936 4242 1024 4305 Patre
1047 4243 1236 4324 procedere,
1267 4253 1297 4307 et
1319 4264 1337 4307 a
1359 4245 1434 4308 Filio
1458 4261 1535 4326 quae
1565 4242 1739 4306 essentialia
1767 4251 1838 4305 sunt
1865 4241 2017 4322 accipere,

642 4338 749 4419 quibus
773 4340 875 4403 verbis
899 4341 1069 4404 orthodoxa
1092 4343 1228 4405 doctrina
1249 4343 1289 4406 de
1319 4345 1520 4425 processione
1544 4341 1672 4424 Spiritus
1694 4342 1792 4404 sancti
1814 4339 1852 4402 ab
1874 4345 2018 4418 utroque,

643 4436 725 4500 clare
749 4442 934 4504 continetur:
958 4449 989 4503 et
1007 4440 1087 4530 baec
1108 4439 1221 4503 locutio
1244 4443 1274 4504 in
1297 4442 1363 4505 aliis
1386 4460 1505 4524 quoque
1521 4441 1665 4524 liturgiis
1689 4439 1821 4503 occurrit
1843 4444 1874 4500 et
1896 4437 1927 4498 iu
1950 4434 2018 4499 Co-

642 4534 767 4616 dicibus,
791 4557 867 4620 quos
889 4540 1010 4602 Latinas
1033 4557 1139 4602 manus
1160 4557 1312 4622 nunquam
1334 4541 1482 4625 tetigisse,
1506 4541 1704 4604 certissimum
1727 4546 1782 4600 est.
1826 4535 1914 4610 Quod
1937 4537 2019 4598 enim

643 4632 712 4714 Syri
734 4642 766 4696 et
787 4633 894 4716 reliqui
919 4633 1089 4700 orientales
1113 4637 1286 4719 Symbolum
1317 4639 1432 4721 absque
1453 4639 1503 4702 illa
1526 4637 1679 4702 additione
1706 4629 1767 4700 τοῦ
1786 4636 1912 4716 filioque
1932 4635 2020 4696 rcci-

641 4737 716 4810 tent,
739 4731 811 4796 nibil
834 4733 981 4798 adversus
1005 4754 1109 4799 eorum
1129 4735 1297 4800 doctrinam
1317 4738 1436 4819 probat.
1481 4739 1591 4800 Postea
1613 4737 1752 4818 illapsum
1775 4737 1805 4797 in
1827 4742 2019 4798 sacramenta

643 4837 749 4910 aperte
773 4830 929 4915 distinguit
951 4833 1097 4915 ignatius,
1119 4843 1150 4898 et
1173 4855 1242 4899 eum
1264 4839 1315 4918 qui
1337 4837 1425 4901 simul
1447 4839 1477 4899 in
1499 4836 1605 4899 fideles
1628 4835 1813 4917 postulatur:
1843 4851 1903 4915 quo
1925 4831 2018 4896 testi-

641 4931 743 4993 monio
766 4937 801 4992 ut
822 4931 942 4994 inimitis
966 4933 1043 5012 aliis,
1066 4936 1214 4998 evertitur
1236 4935 1388 5001 abnormis
1401 4935 1517 5000 claudii
1540 4935 1676 4999 Salmasii
1692 4933 1869 5016 Theologia,
1892 4933 1961 4996 dum
1984 4933 2019 4995 in

527 5097 529 5102 ,
641 5027 776 5107 Epistola
801 5029 837 5091 ad
860 5029 1006 5092 Joaunem
1029 5031 1196 5112 Dallaeum,
1220 5043 1378 5115 utrumque
1401 5034 1539 5115 illapsum
1561 5035 1602 5096 ita
1624 5033 1790 5116 conjungit,
1814 5040 1845 5094 ut
1859 5051 1898 5095 ex
1918 5031 2017 5094 altero

638 5124 800 5190 infideles
823 5146 881 5210 per
904 5129 1041 5192 eumdem
1071 5132 1285 5216 sanctificatos,
1308 5140 1454 5214 sequatur
1482 5130 1559 5196 altar
1586 5133 1618 5195 in
1647 5131 1728 5196 dona
1755 5131 1926 5216 proposita:
1956 5149 2018 5194 nec
