4814 6060
610 597 688 670 tto
1074 599 1081 610 '
1187 590 1418 668 totta

701 781 789 854 Quod
813 798 906 862 porro
922 779 1087 860 Liturgiam
1109 777 1274 857 scripserit,
1296 777 1393 857 potuit
1415 777 1445 839 id
1459 776 1624 840 secundum
1639 777 1844 840 lacobitarum
1867 796 1991 856 morem,

613 881 642 941 in
673 881 769 959 prima
797 888 867 961 post
897 878 1115 940 Antiochenum
1144 875 1347 938 Patriarcham
1375 875 1592 939 Ecclesiastica
1620 875 1766 958 dignitate
1796 877 1991 941 constitutus:

614 997 681 1042 cum
709 999 750 1041 ex
781 978 939 1040 multorum
969 975 1109 1057 exemplo
1133 982 1252 1037 constet
1273 974 1503 1055 Metropolitas,
1533 978 1593 1038 imo
1624 983 1655 1038 et
1684 975 1856 1057 Episcopus
1886 993 1991 1040 sacras

612 1095 734 1159 preces,
758 1086 789 1140 et
813 1095 866 1140 eas
889 1096 966 1157 quae
989 1075 1027 1138 ad
1050 1074 1233 1137 sacrificium
1253 1073 1492 1136 Eucharisticum
1520 1083 1660 1155 spectant
1688 1075 1780 1155 pleno
1805 1077 1877 1156 jure
1904 1076 1992 1138 ordi-

612 1193 713 1237 nasse.
757 1175 843 1238 Unde
865 1176 945 1238 inter
967 1183 1025 1236 tam
1052 1173 1160 1236 multas
1190 1172 1330 1253 Syriacas
1357 1172 1510 1256 Liturgias
1540 1193 1580 1236 ne
1606 1193 1666 1236 unu
1698 1174 1818 1253 quidem
1847 1178 1991 1254 occurrit,

613 1274 650 1336 ah
675 1274 741 1336 aliis
764 1293 852 1356 quam
875 1273 1055 1337 Patriarchis
1079 1281 1130 1336 aut
1152 1273 1313 1353 Episcopis
1343 1273 1475 1353 scripta,
1504 1291 1583 1354 quae
1611 1273 1786 1336 observatio
1809 1275 1931 1336 maximi
1952 1275 1991 1338 ad

613 1372 729 1435 illarum
752 1375 888 1456 origines
910 1373 1131 1456 agnoscendas,
1154 1373 1297 1434 momenti
1319 1379 1377 1433 est.

701 1472 789 1534 lstam
820 1489 913 1554 porro
942 1473 1104 1554 genuinam
1131 1489 1202 1533 esse
1225 1478 1257 1532 et
1278 1488 1296 1530 a
1319 1470 1405 1550 Syris
1427 1469 1572 1532 Jacobitls
1595 1477 1749 1552 receptam
1771 1469 1883 1551 probat
1905 1469 1990 1532 ttss,

614 1569 710 1634 Codd.
735 1589 901 1634 consensus
925 1573 955 1633 in
979 1588 1105 1651 quorum
1127 1569 1283 1650 plerisque
1310 1576 1357 1630 sat
1384 1569 1511 1630 vetustis
1534 1557 1706 1654 reperitur.¹
1752 1567 1850 1631 Habet
1879 1567 1929 1630 illa
1957 1577 1990 1631 ut

612 1669 776 1732 nonnullae
798 1670 911 1732 similes
935 1689 952 1732 a
975 1668 1195 1730 recentioribus
1227 1667 1381 1729 autoribus
1404 1669 1547 1747 scriptae,
1570 1667 1709 1730 lloridum
1737 1667 1819 1730 illum
1843 1670 1989 1730 orationis

613 1767 760 1846 colorem,
783 1787 801 1830 a
824 1787 885 1850 quo
909 1777 1031 1830 veteres
1054 1767 1163 1829 absunt
1185 1765 1380 1848 longissime,
1409 1783 1477 1827 cum
1507 1766 1746 1847 simplicissimus
1768 1766 1880 1847 ubique
1903 1767 1990 1830 stilus

612 1877 767 1948 appareat,
804 1870 865 1932 Sed
887 1887 955 1930 cum
978 1867 1147 1949 Gregorius
1170 1865 1314 1945 Syriacae
1336 1863 1459 1946 linguae
1481 1883 1556 1927 suae
1575 1866 1775 1945 peritissimus
1797 1864 1888 1941 iuret,
1910 1865 1990 1927 illins

583 1979 586 1984 ’
613 1967 731 2029 divitias
758 1967 788 2028 in
819 1984 915 2046 opere
945 1981 1034 2028 sacro
1057 1963 1233 2046 impendere
1256 1963 1324 2027 dum
1353 1965 1479 2044 satagit,
1510 1963 1659 2026 obscurus
1688 1982 1782 2045 saepe
1812 1971 1877 2042 est,
1910 1963 1990 2026 unde

613 2067 760 2149 quaedam
783 2067 920 2148 pressius
944 2065 1126 2146 exprimere,
1149 2063 1229 2144 quod
1254 2069 1397 2142 quantum
1427 2062 1457 2122 in
1480 2063 1568 2126 nobis
1591 2063 1646 2124 luit
1668 2063 1767 2126 conati
1792 2081 1906 2142 sumus,
1929 2063 1991 2124 dil-

612 2167 691 2230 iicile
714 2174 795 2228 erat:
819 2165 996 2227 sententiam
1020 2162 1220 2240 reddidimus,
1244 2180 1322 2242 quae
1345 2180 1413 2224 cum
1436 2161 1572 2242 ejusdem
1608 2163 1733 2245 generis
1763 2161 1873 2225 Officiis
1896 2180 1991 2224 accu-

612 2273 679 2327 rate
703 2264 867 2326 convenire
890 2261 1145 2344 deprehendetur.
1199 2260 1290 2324 Stilus
1318 2277 1414 2341 porro
1436 2259 1488 2321 ille
1517 2263 1568 2341 qui
1599 2260 1754 2342 plerisque
1785 2259 1989 2324 Orientalibus

612 2362 757 2446 liturgiis
781 2363 945 2426 communis
968 2369 1033 2423 est:
1056 2362 1086 2422 in
1109 2361 1165 2422 ista
1188 2359 1353 2440 praecipue
1376 2359 1567 2440 agnoscitur:
1595 2359 1649 2422 sed
1672 2361 1713 2421 ita
1736 2368 1835 2422 tamen
1858 2367 1889 2420 ut
1910 2359 1990 2422 inter

613 2480 752 2545 magnam
783 2460 944 2523 verborum
973 2459 1183 2523 abundantiam
1213 2466 1244 2521 et
1270 2460 1447 2521 varietatem
1477 2476 1571 2520 verae
1599 2458 1786 2540 Theologiae
1815 2456 1990 2537 simplicitas

613 2567 809 2643 agnoscatur.
855 2559 961 2620 Omnia
984 2559 1063 2622 enim
1085 2557 1231 2620 orationis
1258 2557 1369 2619 lumina
1397 2556 1506 2638 quihus
1529 2558 1701 2621 Orientales
1723 2559 1909 2640 potissimum
1931 2554 1989 2617 de-

613 2658 774 2734 lectantur,
797 2677 836 2720 ex
859 2657 1010 2738 scriptura
1033 2673 1129 2724 sacra,
1144 2655 1279 2718 desumta
1309 2662 1394 2733 sunt,
1424 2664 1475 2719 aut
1497 2655 1535 2719 ad
1557 2657 1643 2720 locos
1666 2658 1732 2739 ejus
1762 2658 1876 2738 aliquot
1902 2654 1990 2718 rele-

615 2765 737 2820 runtnr:
762 2764 792 2818 et
815 2758 845 2818 in
868 2755 927 2818 illis
950 2753 1154 2836 exprimendis
1170 2755 1287 2817 divitias
1303 2773 1408 2818 omnes
1421 2755 1565 2837 Syriacae
1588 2757 1720 2841 linguae,
1744 2775 1822 2838 quae
1837 2755 1988 2819 uberrima

613 2863 670 2932 cst,
694 2855 893 2936 profundunt:
924 2855 1003 2934 quod
1032 2855 1163 2936 majores
1191 2861 1313 2916 nostros
1337 2855 1366 2915 in
1389 2853 1497 2916 Latina
1517 2855 1655 2918 Ecclesia
1686 2854 1847 2936 aliquando
1877 2855 1988 2917 iecisse

611 2955 760 3034 videmus,
784 2963 843 3017 tum
868 2956 897 3016 in
919 2955 1011 3016 variis
1025 2953 1263 3016 Praelationihus
1287 2971 1365 3032 quae
1388 2962 1492 3016 extant
1514 2955 1545 3015 in
1564 2954 1736 3017 blissalibus
1752 2954 1892 3032 Gothico,
1914 2950 1989 3013 Gal-

611 3055 710 3117 licano
733 3061 763 3117 ct
786 3053 920 3116 llomano
944 3053 1052 3127 reteri,
1075 3061 1135 3114 tum
1157 3053 1188 3114 in
1211 3051 1388 3132 quibusdam
1411 3053 1616 3136 singularibus
1638 3062 1896 3116 sacramentorum
1912 3050 1987 3112 Olli-

613 3147 678 3230 ciis',
702 3162 733 3216 et
754 3155 784 3216 in
806 3151 1021 3215 Benedictione
1036 3151 1189 3214 Pascbalis
1213 3153 1305 3214 cerei.
1329 3151 1403 3212 Erat
1414 3169 1537 3232 quoque
1552 3152 1631 3233 apud
1645 3151 1817 3216 Orientales
1840 3150 1987 3234 quaedam

612 3273 652 3314 cx
676 3252 821 3315 orationis
845 3250 996 3334 elegantia
1019 3250 1146 3314 utilitas:
1170 3249 1222 3313 illo
1245 3251 1324 3314 enim
1347 3249 1538 3331 eloquentiae
1558 3251 1664 3315 colore
1679 3252 1803 3315 miriiice
1828 3251 1988 3332 capiuntur

611 3351 742 3428 Arabes,
766 3351 816 3431 qui
839 3358 930 3412 totam
943 3350 1046 3412 Asiam
1069 3350 1159 3411 armis
1182 3348 1396 3411 obtinuerunt:
1417 3357 1448 3410 et
1470 3368 1541 3412 csse
1564 3350 1643 3412 inter
1666 3350 1852 3434 Christianos
1877 3351 1928 3431 qui
1950 3347 1988 3408 ad

611 3450 693 3512 illum
718 3449 888 3531 elegantiae
904 3449 1030 3532 gradum
1046 3449 1250 3530 pervenirent,
1274 3448 1453 3531 satagebant
1465 3449 1610 3530 Episcopi
1625 3467 1692 3511 cum
1708 3450 1806 3512 aditus
1829 3449 1867 3511 ad
1890 3445 1987 3510 aulica

612 3547 776 3610 ministeria
799 3551 892 3628 saepe
922 3547 960 3610 ita
991 3547 1160 3628 aperiretur
1193 3547 1257 3609 suis
1292 3547 1476 3625 hominibus,
1511 3549 1562 3628 qui
1590 3557 1696 3629 postea
1731 3549 1891 3611 autoritate
1920 3564 1986 3622 sua,

611 3647 758 3710 Ecclesiis
782 3664 870 3727 opem
893 3645 1076 3710 allcrebant:
1108 3663 1200 3726 saepe
1230 3655 1328 3708 tamen
1351 3647 1545 3708 maximarum
1569 3647 1720 3709 turbarum
1745 3666 1866 3710 causam
1889 3642 1987 3707 dede-

610 3751 680 3807 runt
703 3753 735 3808 ut
757 3746 870 3826 passim
893 3745 922 3805 in
945 3743 1076 3806 llistoria
1099 3741 1303 3806 Alexandrina
1326 3745 1493 3807 observare
1514 3745 1595 3808 licet.

698 3845 729 3907 2.
766 3843 798 3906 ln
828 3842 973 3905 Oratione
1002 3861 1091 3923 quam
1114 3842 1264 3906 Sacerdos
1287 3843 1467 3924 pronunciat
1496 3852 1565 3907 ante
1595 3843 1735 3924 hymnum
1765 3842 1985 3925 triumphalem,

611 3945 703 4026 longa
726 3950 757 4006 et
779 3944 910 4006 obscura
933 3949 980 4004 est
1003 3941 1146 4005 Ordinum
1180 3939 1358 4006 coelestium
1388 3961 1455 4004 cum
1478 3942 1701 4008 Ecclesiastiois
1724 3945 1925 4025 comparatio,
1955 3942 1985 4002 in

613 4062 671 4123 qua
694 4042 762 4124 plus
784 4041 952 4104 rhetorices
977 4040 1141 4104 Orientalis
1164 4050 1221 4119 est,
1245 4059 1333 4121 mam
1358 4040 1556 4124 Theologiae.
1600 4041 1674 4104 Earn
1697 4061 1774 4124 quae
1799 4044 1837 4104 de
1858 4040 1986 4123 Angelis

612 4149 669 4218 cst,
692 4140 863 4203 Orientales
886 4139 1052 4204 hauserunt
1074 4159 1113 4202 ex
1136 4139 1219 4202 libris
1242 4139 1280 4202 dc
1304 4138 1429 4202 coelesti
1443 4139 1619 4203 llierarcbia
1642 4158 1720 4222 quos
1732 4141 1869 4222 Dionysii
1882 4140 1986 4201 Arco-

611 4241 734 4322 pagitae
758 4257 828 4301 esse
851 4256 911 4300 non
936 4239 1081 4302 dubitant.
1111 4237 1260 4319 Quidquid
1283 4246 1442 4318 praeterea
1464 4241 1495 4302 in
1518 4241 1677 4322 scripturis
1702 4248 1787 4302 extat
1807 4240 1845 4302 de
1867 4238 1985 4301 visione

610 4339 717 4413 lsniae,
741 4347 771 4400 et
795 4336 975 4417 Ezechielis,
999 4355 1037 4400 eo
1059 4337 1129 4402 loco
1152 4355 1323 4419 congerere
1346 4337 1446 4401 solent
1459 4345 1492 4400 ut
1505 4339 1662 4401 beatorum
1678 4339 1841 4420 Spirituum
1864 4336 1985 4399 diversa

610 4438 742 4513 nomina,
766 4436 967 4518 sublimesque
991 4438 1183 4518 operationes
1213 4436 1394 4517 exprimant,
1416 4445 1449 4499 ut
1472 4437 1509 4500 ad
1532 4439 1689 4521 hymnum,
1719 4445 1843 4500 ronchu
1871 4451 1986 4517 perve-

611 4537 719 4598 niatur.
765 4534 869 4598 Omnia
900 4537 994 4620 igitur
1023 4536 1098 4599 haec
1121 4543 1153 4599 ct
1174 4535 1280 4599 similia
1303 4552 1381 4616 quae
1402 4538 1514 4617 passim
1545 4545 1719 4600 occurrunt·
1737 4536 1865 4618 figurate
1895 4533 1985 4611 dicta,

612 4651 670 4698 nec
693 4634 782 4696 aliter
804 4643 873 4697 sunt
895 4635 1100 4717 intelhgcnda.

893 4826 928 4897 3.
970 4827 1101 4899 Panem
1128 4829 1186 4920 qui
1207 4830 1325 4920 socius
1352 4831 1430 4896 erol
1457 4848 1582 4918 corpus
1607 4849 1710 4898 aarum

703 4962 829 5049 Acrona
852 4974 900 5037 bic
919 4974 1088 5039 obscuritas
1117 4983 1166 5038 est
1187 4976 1218 5038 in
1240 4977 1378 5040 oratioue
1401 4976 1540 5058 Syriaca:
1563 4993 1630 5039 cum
1652 4975 1732 5036 enim
1754 4972 1839 5055 Syri,
1863 4979 1894 5035 et
1915 4970 1986 5054 ple-

613 5079 701 5158 rique
724 5076 896 5140 0rientales
919 5076 1038 5140 modum
1070 5080 1215 5160 temporis
1244 5077 1533 5163 plusquamperfecti
1554 5095 1615 5141 non
1647 5077 1794 5156 habeant,
1823 5078 1902 5139 verti
1923 5093 1987 5158 po-
