4814 6060
698 680 730 756 S.
763 679 959 757 totalis
991 679 1324 757 Pataitactttt.
1612 683 1684 757 481

320 869 583 966 Episcoporum,
609 869 672 961 ,qui
703 868 737 937 in
764 889 977 964 ·quacumque
1005 869 1148 958 regione
1181 865 1258 940 olim
1293 869 1436 961 quietem
1470 881 1687 964 acceperunt:

321 989 374 1080 rpui
401 1010 420 1058 a
447 986 547 1057 Petro
579 987 594 1022 ⁴
621 993 654 1054 et
679 981 809 1055 Jacobo
843 983 1029 1080 Apostolis,
1057 983 1222 1056 adfinem
1248 1005 1354 1078 usqne
1381 983 1506 1059 saeculi
1541 1007 1603 1080 per
1630 984 1687 1055 di-

273 1104 278 1114 '
319 1104 470 1173 vinarum
497 1123 607 1173 rerum
635 1099 818 1170 doctrinam
830 1100 994 1196 praeclari
1010 1099 1257 1194 splenduerunt,
1276 1101 1396 1195 quique
1408 1100 1687 1196 praedicaverunt

319 1220 352 1288 in
377 1215 541 1290 Ecclesiis
568 1219 632 1287 tais
659 1218 783 1287 sanctis
811 1225 844 1286 et
870 1216 1143 1290 sacerdotalibus.
1194 1211 1208 1250 ⁵
1233 1217 1418 1313 Praecipue
1444 1237 1529 1290 vero
1556 1219 1685 1312 lgnatii,

318 1335 483 1430 Dionysii,
509 1333 696 1420 Athanasii,
723 1331 848 1421 Basilii,
877 1333 1044 1424 Gregorii,
1064 1332 1239 1420 Timothei,
1266 1333 1416 1422 loannis,
1445 1331 1574 1430 Cprilli,
1600 1333 1684 1406 Phi-

264 1443 273 1454 ’
317 1449 444 1537 loxeni,
473 1446 665 1534 Caelestini,
694 1445 886 1536 Clementis,
904 1448 1038 1538 Severi,
1064 1448 1194 1538 iacobi,
1212 1447 1392 1544 Ephraem,
1419 1451 1684 1546 etreliqnoram3

317 1567 567 1663 Apostolorum,
594 1565 859 1660 Sanctorumque
887 1563 1168 1653 Orthadoxorum,
1198 1569 1253 1662 qui
1281 1563 1337 1638 tibi
1364 1567 1530 1640 manifesti
1557 1579 1591 1638 et
1616 1590 1683 1640 co-

314 1685 397 1776 gniti
425 1691 509 1755 sunt.
1262 1771 1269 1781 ἱ

420 1798 596 1869 Sacerdos
623 1796 759 1866 eleaaaa
784 1817 909 1868 aecem.
949 1797 1064 1868 Insere
1090 1798 1123 1867 in
1148 1798 1247 1869 nabis
1273 1797 1417 1868 Domine
1444 1795 1540 1869 tidem
1569 1821 1683 1871 eorum
1760 1834 1767 1848 ·

316 1937 448 2000 veram,
481 1913 653 2007 zelumque
685 1911 814 1984 illorum
854 1907 1050 1985 laudabilem
1086 1935 1147 2007 pro
1181 1933 1265 1984 vera
1297 1910 1479 2003 religione,
1512 1917 1683 1986 caritatem

318 2055 431 2104 eorum
460 2031 636 2116 sinceram,
663 2051 774 2102 mores
802 2051 918 2101 eoram
946 2039 1073 2116 castos,
1108 2029 1204 2122 leges
1232 2049 1349 2100 eorum
1374 2038 1501 2116 rectas,
1534 2051 1682 2126 praece-

227 2205 231 2216 .
316 2159 438 2244 ptaque
465 2156 579 2218 sancta
607 2143 748 2233 illorum,
776 2148 830 2239 qui
857 2149 1122 2241 persecutionem
1139 2155 1173 2216 et
1191 2144 1351 2240 colaphos
1376 2149 1469 2240 passi
1495 2157 1569 2218 sant
1595 2138 1682 2242 pro-

316 2275 391 2361 pter
417 2262 513 2336 fidem
541 2260 775 2333 orthodoxam:
804 2265 858 2357 qui
885 2271 1024 2358 propter
1049 2283 1172 2333 nomen
1189 2271 1280 2356 tuum
1295 2270 1442 2332 sanctum
1460 2265 1683 2335 sustinuerunt

316 2381 584 2473 persecutiones,
620 2386 805 2464 tormenta,
833 2387 866 2448 et
892 2381 1057 2450 eruciatus
1085 2398 1198 2449 coram
1224 2375 1394 2468 Regibus,
1431 2387 1464 2448 et
1483 2377 1584 2450 colla
1621 2402 1681 2452 sua

315 2493 518 2566 tradiderunt
542 2515 605 2588 pro
631 2497 773 2564 veritate
800 2493 876 2565 lidei
891 2505 981 2584 tuae,
1008 2503 1479 2586 certaverunmuegenerose.
1514 2493 1682 2592 Confirma

315 2608 501 2681 Ecclesiam
529 2619 678 2682 sanctam
704 2631 766 2704 per
793 2612 963 2682 orationes
998 2632 1114 2682 eorum
1142 2606 1387 2703 acceptabiles,
1420 2619 1453 2680 et
1485 2632 1547 2705 per
1573 2609 1681 2684 obse-

316 2729 482 2797 crationes
509 2747 623 2796 eoram
651 2724 755 2798 audiri
783 2724 913 2818 dignas,
940 2748 1058 2821 pacem
1077 2735 1270 2821 perpetuam
1285 2720 1461 2798 Ecclesiae
1488 2735 1566 2799 tuae
1593 2750 1681 2801 con-

316 2842 407 2913 cede.
439 2839 644 2913 ·Doctrinam
672 2862 787 2912 eorum
813 2845 846 2912 in
875 2839 1045 2913 animabus
1072 2844 1196 2912 nostris
1223 2840 1400 2929 confirma,
1426 2851 1460 2912 et
1485 2845 1519 2914 in
1546 2842 1680 2916 habita-

315 2956 397 3050 culis
429 2979 545 3030 eorum
580 2956 762 3028 benedictis
795 2979 858 3029 nos
893 2957 1041 3029 colloca:
1074 2977 1138 3026 nos
1172 2977 1304 3050 quoque
1334 2955 1431 3028 bonis
1463 2958 1526 3030 illis
1563 2960 1679 3053 quibus

315 3074 534 3168 perfruuntur,
561 3071 615 3143 fac
641 3073 800 3165 gaudere.
840 3072 962 3145 Libera
989 3093 1121 3168 quoque
1148 3091 1211 3142 nos
1238 3070 1279 3143 ab
1307 3069 1459 3146 omnibus
1484 3072 1679 3148 haeresibus

314 3191 522 3284 perniciosis,
550 3198 583 3259 et
609 3187 733 3285 dissipa
759 3188 902 3284 populos
931 3192 984 3284 qui
1009 3187 1097 3260 bella
1123 3186 1254 3259 volunt:
1280 3185 1493 3276 rebelliones,
1521 3199 1555 3260 et
1581 3190 1680 3261 cala-

314 3307 444 3376 mitates
471 3307 504 3374 in
530 3307 688 3376 universo
717 3303 800 3375 orbe
821 3309 1014 3400 comprime:
1041 3306 1158 3396 virgas
1185 3302 1307 3374 furoris
1334 3314 1368 3374 et
1395 3307 1590 3378 tentationes
1617 3329 1678 3377 ar-

316 3421 395 3492 duas
431 3417 525 3492 auser
559 3443 579 3491 a
612 3419 718 3492 nobis.
780 3419 833 3493 Da
868 3422 964 3494 nohis
999 3431 1035 3492 ut
1068 3429 1270 3492 exornemur
1303 3417 1450 3492 moribus
1484 3421 1610 3517 pudicis
1645 3431 1679 3493 et

315 3535 471 3633 operibus
499 3539 693 3625 sanctitatis,
721 3545 895 3632 menteque
922 3537 1129 3610 orthodoxa:
1166 3545 1199 3607 et
1224 3548 1359 3631 praesta
1384 3535 1482 3609 nobis
1508 3547 1543 3610 ut
1568 3560 1677 3610 reve-

314 3651 379 3723 lata
405 3651 494 3722 facie
521 3654 624 3722 simus
657 3674 770 3725 coram
805 3662 848 3740 te,
882 3657 958 3749 quia
990 3665 1024 3726 tu
1056 3652 1165 3726 bonas
1199 3663 1232 3724 et
1264 3651 1428 3746 benignus
1461 3675 1519 3742 es,
1554 3655 1677 3751 tibique

251 3845 255 3852 l
314 3765 454 3858 gloriam
482 3776 515 3837 et
542 3766 672 3839 landem
699 3766 865 3841 offerimus
893 3780 956 3842 etc.

417 3882 578 3974 Populus.
631 3867 750 3956 Amen.

415 3999 590 4070 Sacerdos
615 4001 807 4086 inclinatae.
856 4003 907 4073 'l'u
937 4005 991 4097 qui
1016 3982 1124 4076 bonus
1151 4023 1201 4092 es,
1227 4000 1411 4098 plenusque
1437 4001 1696 4106 misericordia,
1755 4059 1757 4072 .

313 4125 477 4186 memento
505 4120 732 4210 pergratiam
759 4129 857 4206 tuam
889 4128 924 4190 et
948 4139 1052 4214 parce
1078 4141 1139 4215 per
1164 4118 1228 4190 hoc
1255 4117 1448 4190 sacrificium
1475 4117 1675 4191 Sacerdoti-

312 4229 374 4302 bus
401 4229 605 4305 Orthodoxis
633 4237 687 4330 qui
715 4233 792 4308 olim
817 4239 1029 4331 ,quieverunt
1055 4236 1224 4322 Diaconis,
1242 4232 1472 4321 subdiaconis,
1499 4233 1674 4324 Solitariis,

312 4346 495 4432 Monacbis,
524 4359 557 4420 et
582 4352 757 4446 unicuiqae
784 4373 900 4424 eorum
934 4354 989 4445 qui
1015 4354 1049 4422 in
1075 4353 1256 4423 ministerio
1282 4349 1522 4425 Ecclesiastico
1549 4372 1674 4422 racen-

312 4472 434 4534 sentar.
486 4463 640 4540 Patribus
668 4471 767 4539 etiam
801 4479 835 4540 et
866 4465 1022 4540 iratribus
1049 4471 1181 4552 nostris,
1207 4476 1273 4538 tam
1300 4451 1479 4538 secundum
1513 4470 1673 4561 spiritam,

312 4600 409 4672 quam
435 4582 615 4655 secundum
642 4605 778 4679 corpus:
815 4583 1044 4680 defunctisque
1069 4583 1219 4657 fidelibus
1253 4586 1309 4679 qui
1343 4580 1567 4656 decubuerunt
1599 4605 1674 4654 cum

311 4715 372 4798 spe
398 4705 466 4788 tua,
492 4701 524 4768 in
551 4698 615 4770 lide
641 4720 741 4772 vara:
768 4711 803 4772 ut
829 4703 927 4772 etiam
941 4723 1055 4773 eorum
1076 4721 1214 4797 quorum
1240 4703 1368 4793 ignota,
1395 4699 1438 4773 ad
1463 4721 1672 4773 commemo-

310 4810 446 4883 randum
474 4824 549 4885 sunt
574 4817 719 4906 nomina,
747 4828 780 4888 et
807 4839 945 4913 quorum
972 4839 1127 4890 numerus
1154 4826 1253 4892 notus
1276 4815 1423 4891 esttibi:
1450 4819 1514 4888 mei
1542 4839 1673 4912 quoque

308 4925 436 5016 infirmi,
463 4937 660 5024 patnrmqaa
686 4954 835 5004 meorum
862 4933 1083 5028 corporalium
1110 4943 1145 5006 et
1171 4931 1393 5029 spiritualium.

413 5042 574 5136 Populus.
626 5045 731 5142 llyrie
758 5048 894 5120 eleison.
