4782 6068
735 553 812 630 568
1162 551 1666 634 DISSERl'leO

733 745 842 816 miuus
868 766 966 840 quam
992 765 1054 841 par
1086 751 1161 814 crat
1191 744 1354 814 rationem
1387 740 1566 832 babentes,
1597 742 1851 816 Invocutiouem
1883 740 1971 814 illam
2006 745 2104 838 quasi

732 857 884 932 haeresis
917 863 1079 932 sentinam
1112 860 1373 956 suppresserint:
1410 859 1472 930 etsi
1506 857 1596 931 nulla
1631 862 1739 933 oratio
1775 861 1818 932 sit
1851 881 1937 954 quae
1972 858 2103 930 Sacra-

734 979 969 1049 mentariorum
1001 977 1167 1047 novitates
1199 973 1323 1046 firmium
1355 982 1389 1044 et
1422 978 1630 1071 perspectius
1664 973 1813 1049 refellat:
1848 998 1925 1048 cum
1956 975 2103 1072 reliquas

734 1093 878 1165 diversis
904 1091 1228 1188 interpretationibus
1256 1089 1403 1164 eludant:
1431 1095 1524 1164 istius
1551 1095 1759 1181 sententiam,
1787 1092 1892 1164 salvis
1910 1091 1998 1165 illius
2016 1113 2104 1164 vcr-

733 1209 786 1282 bis
813 1211 1054 1280 circumvenire
1079 1229 1146 1280 nou
1173 1208 1311 1304 possint.
1342 1205 1469 1279 Verum
1496 1217 1685 1282 esttamen
1711 1211 1745 1279 in
1762 1206 1889 1281 Codice
1910 1231 1977 1304 quo
1995 1231 2104 1305 prae-

734 1329 830 1423 cipue
857 1325 899 1396 ad
925 1323 1203 1422 interpretandum
1229 1328 1281 1396 usi
1308 1345 1440 1414 sumus,
1474 1327 1595 1422 quique
1626 1327 1659 1396 iu
1687 1323 1824 1398 Oriente
1854 1335 1888 1397 et
1915 1347 1935 1396 a
1961 1345 2104 1417 germa-
2156 1377 2159 1388 .

733 1444 877 1515 nissimis
904 1439 1114 1514 Nestorianis
1141 1443 1284 1537 scriptus
1311 1449 1373 1530 est,
1400 1439 1651 1513 luvocationcm
1678 1439 1798 1513 eodcm
1823 1441 1900 1514 loco
1928 1452 1962 1514 et
1986 1441 2106 1516 iisdem

734 1557 849 1630 verbis
880 1557 970 1650 legi,
1004 1581 1044 1630 ac
1076 1561 1109 1629 in
1141 1555 1261 1628 Latina
1285 1559 1456 1630 versione.
1513 1557 1568 1630 An
1604 1579 1707 1652 porro
1742 1556 1854 1629 codex
1886 1556 2037 1647 mutilus,
2070 1569 2105 1632 ut

734 1696 814 1748 esse
839 1673 930 1747 illum
955 1684 1087 1747 constat
1112 1696 1178 1746 uno
1207 1672 1323 1746 saltem
1350 1672 1449 1761 folio,
1485 1673 1584 1746 aliam
1610 1674 1838 1746 luvocatiouis
1868 1671 2009 1747 formam
2035 1672 2104 1744 ba-

733 1791 860 1882 buerit,
892 1789 1020 1886 absque
1046 1793 1263 1864 vetustiorum
1291 1788 1442 1862 codicum
1469 1789 1618 1863 subsidio
1645 1793 1743 1864 statui
1771 1811 1839 1862 nou
1869 1797 1989 1886 potest
2041 1789 2104 1862 lu-

734 1909 831 2000 sigue
863 1905 942 1978 illud
975 1910 1008 1978 in
1040 1909 1147 2004 prima
1172 1905 1324 1998 Liturgia
1356 1905 1397 1978 ab
1433 1905 1506 1978 aliis
1543 1903 1719 1978 discrimen
1752 1905 1859 1980 luisse
1886 1904 2015 1978 difficile
2041 1917 2103 1995 cst,

735 2047 809 2096 cum
836 2022 922 2095 duae
949 2025 1075 2096 alterae
1101 2022 1181 2094 illud
1206 2045 1274 2094 non
1302 2031 1498 2116 agnoscant.
1542 2019 1611 2094 Sed
1638 2045 1713 2094 cum
1739 2025 1773 2095 iu
1800 2022 1947 2097 Decreto
1974 2021 2104 2118 Synodi

733 2140 1002 2238 Diamperensis,
1030 2161 1096 2234 quo
1122 2139 1295 2232 liturgiae
1322 2160 1465 2210 examen
1492 2141 1689 2227 continetur,
1717 2139 1760 2211 de
1781 2140 1999 2214 luvocatioue
2017 2137 2103 2234 Spi-

733 2258 816 2328 ritus
844 2258 948 2329 sancti
974 2254 1054 2327 nibil
1080 2264 1252 2347 occurrat,
1284 2253 1372 2327 illam
1399 2257 1432 2326 iu
1460 2252 1639 2327 codicibus
1666 2253 1893 2328 Ecclesiamm
1919 2255 2104 2328 Indicarum

735 2371 883 2448 defuisse
907 2372 1090 2444 verisimile
1117 2382 1186 2443 est:
1213 2393 1289 2443 uam
1316 2369 1412 2442 aliter
1438 2391 1614 2442 censuram
1636 2392 1752 2443 corum
1772 2373 1827 2466 qui
1850 2371 1980 2445 leviora
2004 2369 2104 2444 multa

733 2487 1033 2585 reprehenderunt,
1059 2510 1127 2559 non
1155 2485 1334 2580 effugisset
1389 2484 1581 2558 Orationem
1608 2489 1695 2558 enim
1723 2509 1809 2584 quae
1835 2486 1878 2560 ad
1904 2488 2103 2561 Invocutio-

735 2627 811 2677 nem
844 2603 1003 2693 refertur,
1037 2614 1071 2677 et
1104 2626 1202 2699 quam
1228 2601 1397 2676 Diaconos
1431 2602 1497 2674 altu
1523 2624 1609 2684 voca
1635 2605 1841 2696 pronuntiat,
1875 2604 1932 2677 ubi
1964 2602 2104 2676 babetur

736 2721 903 2815 Spiritum
927 2725 1080 2792 sanctum
1106 2720 1149 2791 de
1175 2719 1272 2791 coelo
1304 2719 1486 2807 aduenire,
1521 2724 1556 2789 et
1589 2721 1731 2812 efficere
1758 2743 1884 2812 panem
1916 2727 1951 2792 et
1979 2724 2103 2808 cinam,

738 2833 870 2928 Corpus
902 2841 937 2907 et
970 2834 1177 2932 Sanguinem
1209 2835 1338 2907 Christi
1345 2889 1356 2925 ,
1391 2837 1541 2930 expungi
1570 2837 1721 2928 jussere,
1758 2837 1833 2931 quia
1868 2835 1996 2909 scilicet
2029 2835 2104 2908 inde

736 2955 831 3048 sequi
857 2951 1043 3044 videretur,
1074 2952 1409 3040 consacerdotem,
1435 2951 1497 3023 scd
1521 2949 1688 3044 Spiritum
1712 2959 1866 3024 sanctam
1891 2953 1928 3023 id
1953 2956 2103 3046 efficere.

737 3067 766 3142 O
793 3068 1001 3164 praeclaram
1028 3068 1284 3141 emendatricem
1310 3069 1437 3140 veteris
1463 3065 1687 3160 Tbcologiae,
1722 3065 1984 3164 Philosophiam,
2017 3091 2103 3164 quiue

736 3187 766 3258 si
798 3185 870 3258 sola
907 3184 1057 3257 audiatur
1089 3185 1272 3258 inconsulta
1305 3183 1479 3259 traditione
1511 3187 1573 3257 vix
1606 3184 1781 3282 quidquam
1812 3188 1875 3257 erit
1905 3190 1937 3259 iu
1971 3190 2104 3282 antiqua

737 3298 909 3398 disciplina
937 3299 1025 3396 quod
1051 3303 1176 3373 erroris
1203 3304 1395 3397 suspicione
1421 3311 1551 3390 careat,
1584 3304 1692 3373 oratio
1726 3303 1788 3373 vix
1822 3301 1889 3375 ulla
1925 3325 2011 3398 puae
2037 3324 2104 3375 nou

737 3427 867 3491 scateat
893 3415 1098 3491 haeresibus.
1146 3416 1266 3514 Neque
1292 3416 1336 3489 ad
1362 3415 1468 3504 illam,
1496 3440 1583 3512 quae
1608 3418 1712 3510 vulgo
1741 3417 1881 3494 Graecis
1908 3419 2103 3507 attribuitur,

737 3557 812 3605 cum
839 3531 955 3628 quibus
982 3533 1173 3608 Nestoriani
1199 3555 1374 3608 commune
1400 3532 1478 3606 nibil
1504 3531 1641 3620 babent,
1669 3534 1903 3608 recurrendum
1931 3545 2000 3609 est:
2027 3557 2104 3606 uam

738 3671 824 3744 quac
851 3646 1021 3724 Censores
1048 3649 1288 3723 damnaverunt
1312 3651 1345 3720 in
1370 3653 1509 3722 istorum
1536 3647 1671 3741 Officiis,
1697 3649 1853 3743 leguntur
1869 3655 1993 3748 passim
2017 3651 2105 3746 apud

738 3763 889 3839 Graecos
915 3765 1050 3856 Patres,
1077 3767 1132 3862 qui
1158 3765 1350 3855 Ecclesiae,
1383 3769 1476 3859 cujus
1508 3765 1630 3839 lumina
1657 3765 1805 3857 luerunt,
1832 3769 2104 3862 conjunctissimi,

738 3881 868 3954 crraudi
894 3883 1045 3975 magistri
1071 3904 1242 3955 essenon
1274 3889 1460 3979 potuerunt.
1513 3881 1631 3977 Neque
1664 3880 1710 3954 itti
1743 3880 1869 3972 solum,
1901 3882 1961 3958 sed
1994 3883 2104 3956 Latini

738 4000 845 4089 multi,
872 4002 970 4072 etiam
996 3995 1146 4094 plerique
1171 3995 1298 4070 Missae
1325 4000 1537 4092 interpretes,
1565 3997 1721 4070 dixerunt
1747 3997 1914 4071 Christum
1940 4022 2015 4071 esce
2047 4001 2105 4096 qui

733 4139 801 4209 per
826 4115 993 4209 Spiritum
1018 4121 1171 4186 cunctum
1192 4136 1318 4208 ponem
1343 4137 1438 4186 auom
1471 4117 1580 4208 eflicit
1613 4137 1766 4203 cornert,
1802 4122 1837 4186 et
1868 4119 1981 4186 uinum
2010 4139 2104 4188 suana

739 4233 962 4325 transformat
987 4232 1024 4301 in
1049 4235 1265 4325 sanquinem:
1296 4230 1419 4303 nullum
1446 4240 1556 4304 tamen
1584 4230 1660 4303 inde
1686 4229 1915 4305 detrimentum
1941 4232 2013 4304 lieri
2040 4255 2104 4305 sa-

739 4345 900 4421 cerdotali
927 4349 1108 4420 ministerio
1135 4350 1419 4420 existimaverunt.
1471 4346 1542 4419 Sed
1567 4347 1610 4419 de
1641 4344 1692 4422 bis
1726 4347 1804 4421 alibi
1837 4347 1942 4421 fusius
1975 4358 2103 4441 agetur.

443 4483 727 4553 contemnemdum
842 4463 914 4535 Xll
941 4462 1046 4555 Igitur
1071 4467 1223 4558 quamvis
1249 4462 1400 4536 codicum
1427 4465 1635 4559 antiquorum
1661 4467 1759 4561 copia
1786 4463 1945 4554 destituti,
1978 4486 2105 4536 receu-

418 4572 726 4710 ”⁸52⁰i⁸³³⁰⁰¹¹“⁶⁸”⁰·
740 4583 804 4653 tius
836 4581 979 4675 scriptos
1012 4583 1107 4676 sequi
1139 4582 1247 4652 coacti
1281 4578 1458 4670 fuemmus,
1492 4582 1568 4675 quin
1601 4588 1712 4654 tamen
1745 4581 1800 4654 illa
1836 4604 1933 4694 poam
1965 4585 2105 4678 primam

418 4663 458 4708 ω
493 4657 579 4711 Μ
741 4695 870 4786 damus,
896 4699 939 4768 sit
963 4718 1124 4790 germana
1151 4695 1411 4770 Christianorum
1436 4693 1650 4770 Orientalium
1676 4699 1752 4772 sive
1770 4696 2023 4785 Chaldaeorum,
2051 4699 2105 4794 qui

740 4811 942 4906 Nestorium,
967 4823 1003 4884 ut
1028 4835 1066 4885 rc
1092 4835 1174 4885 vera
1203 4824 1279 4887 suut
1304 4811 1529 4911 appellentur,
1555 4811 1724 4906 liturgia,
1752 4835 1819 4888 nou
1845 4812 2012 4911 estquod
2039 4813 2104 4886 du-

741 4927 872 5002 bitetur.
898 4927 984 5001 Nam
1011 4929 1122 5003 codex
1143 4928 1239 5002 Eliac
1257 4929 1449 5004 Sacerdotis
1477 4951 1574 5025 quem
1601 4929 1849 5027 descripsimus,
1876 4941 1910 5002 et
1935 4933 2104 5026 intorpre-

683 5103 693 5122 .
742 5045 842 5118 tando
868 5046 1048 5142 praecipue
1075 5048 1180 5118 secuti
1206 5066 1331 5138 sumus,
1357 5044 1580 5130 conveniebat
1606 5058 1761 5120 accurate
1788 5071 1862 5120 cum
1879 5045 1985 5122 altero
2008 5067 2103 5144 quern
