4730 6038
662 647 738 722 332
1163 647 1521 726 LITURGIA

660 839 776 896 sectam
798 833 905 916 opibus
927 833 1001 913 suis,
1025 839 1164 915 quantum
1186 832 1252 896 ficri
1272 840 1401 915 poterat,
1421 831 1581 915 juverunt,
1603 833 1683 916 quod
1707 834 1813 901 Severi
1835 837 1927 898 aetati
1948 853 2027 900 con-

660 933 755 996 venit.

970 1195 1008 1272 7.
1048 1193 1220 1287 Laetifico
1241 1216 1309 1288 per
1333 1196 1496 1266 visionem
1520 1193 1631 1265 υιιὶἱιιι
1656 1197 1714 1265 toi.

752 1383 867 1465 Eunus
889 1393 1036 1456 memoria
1064 1393 1095 1456 in
1116 1392 1173 1456 hac
1196 1394 1331 1457 oratione
1353 1393 1396 1472 lit,
1419 1393 1470 1475 qni
1487 1392 1635 1456 habentur
1650 1394 1681 1455 in
1696 1392 1873 1457 Sanctorum
1883 1411 2022 1458 numero:

661 1507 751 1581 alque
772 1500 814 1562 ita
836 1497 975 1561 videntur
996 1497 1150 1581 liturgiae
1172 1505 1305 1577 autores,
1327 1505 1359 1561 ct
1381 1499 1432 1579 qui
1454 1516 1519 1561 eam
1534 1498 1697 1575 recensuit,
1720 1498 1920 1578 existimasse,
1944 1500 2025 1563 San-

661 1608 726 1664 ctos
748 1599 868 1682 plenam
890 1597 1116 1680 perfectamque
1139 1595 1309 1660 felicitatem
1330 1597 1460 1661 nondum
1484 1615 1552 1660 esse
1575 1603 1766 1662 consecutos.
1807 1597 1880 1660 Eam
1903 1599 2025 1679 opinio-

390 1693 464 1764 Pop.
490 1694 516 1748 T·
543 1699 568 1747 ⁵·
587 1697 603 1748 t.
620 1698 647 1750 8·
660 1716 729 1760 nem
758 1696 867 1761 Graeci
894 1698 1080 1760 recentiores
1109 1696 1299 1775 altercando,
1330 1705 1360 1759 et
1387 1697 1508 1760 Latinos
1537 1695 1744 1760 calumniando
1772 1695 2024 1778 impeditissimam

338 1796 361 1831 ⁰¹
380 1779 406 1832 9.
424 1790 447 1832 θ’
465 1781 508 1833 ¹⁰·
659 1798 812 1872 lecerunt,
841 1803 871 1859 et
899 1814 998 1878 nuper
1023 1796 1184 1859 Dositheus
1214 1796 1501 1878 Hierosolymitenus
1531 1797 1701 1859 Patriarcha
1728 1796 1775 1859 vir
1803 1813 1877 1862 sane
1906 1795 2024 1876 doctus,

373 1899 403 1952 tn
418 1899 545 1953 Enctssnid.
562 1919 585 1955 c.
603 1904 648 1956 ott.
661 1914 771 1979 magno
793 1895 942 1959 molimine
966 1894 1106 1958 tuendam
1128 1895 1272 1977 suscepit.
1318 1895 1459 1969 Quamvis
1483 1894 1552 1978 Syri
1575 1913 1700 1977 quorum
1722 1912 1817 1978 opera
1839 1894 2024 1980 Theologica

623 2059 628 2070 ,
662 1997 804 2075 vidimus,
831 1995 1013 2059 mediocrem
1035 1995 1065 2056 in
1088 2015 1124 2058 ea
1148 1993 1345 2076 expendenda
1369 1981 1680 2076 opernm'posuerint,
1704 1994 1830 2058 adeam
1852 2002 1951 2058 tamen
1973 1997 2024 2058 vi-

661 2095 770 2159 denlur
790 2095 963 2175 inclinasse,
987 2114 1053 2158 cum
1076 2095 1177 2158 Moses
1191 2095 1347 2177 Barcepha
1370 2095 1454 2176 cujus
1476 2095 1602 2158 maxima
1625 2095 1705 2175 apud
1727 2113 1781 2157 cos
1797 2096 1942 2158 autoritas
1965 2103 2023 2172 est,

388 2193 426 2246 ne
444 2193 538 2249 Parni.
559 2217 586 2267 p.
605 2198 630 2250 1.
661 2215 727 2258 eam
756 2194 1150 2276 probaverit,·animasque
1179 2194 1355 2258 Sanctorum
1384 2185 1427 2256 in
1445 2195 1587 2258 Paradiso
1616 2195 1794 2276 voluptatis,
1823 2195 1861 2256 ad
1889 2193 2024 2257 ultimum

338 2295 362 2332 ⁶·
381 2281 422 2332 ¹⁸·
655 2295 760 2377 judicii
786 2294 865 2357 diem
893 2295 1052 2376 quiescere
1082 2293 1279 2356 affirmaverit.
1324 2292 1411 2366 Quod
1433 2313 1508 2357 vero
1532 2292 1600 2375 Syri
1623 2311 1689 2356 eam
1711 2293 1899 2374 opinionem,
1928 2294 2024 2357 veluti

658 2387 773 2479 κυρίαν
795 2380 894 2472 δόξαν
922 2400 952 2455 et
982 2409 1059 2474 quae
1083 2393 1120 2454 ad
1142 2393 1230 2455 fidem
1252 2393 1433 2475 pertineret,
1464 2393 1569 2456 cadem
1599 2393 1787 2476 pervicacia,
1817 2409 1877 2474 qua
1903 2393 2023 2470 Graeci,

657 2494 928 2574 propugnaverint,
948 2509 1010 2555 non
1023 2500 1159 2574 apparet.
1204 2493 1291 2567 Quod
1306 2492 1383 2556 enim
1404 2495 1434 2555 in
1448 2494 1557 2558 Officiis
1572 2494 1765 2574 exequiarum
1780 2493 1933 2574 variisque
1949 2509 2023 2554 ora-

657 2591 786 2654 tionibus
808 2609 865 2675 pro
886 2591 1022 2671 mortuIs,
1047 2598 1150 2654 oratur
1163 2592 1256 2671 Deus,
1279 2601 1311 2656 ut
1333 2595 1445 2656 animas
1467 2594 1586 2656 illorum
1600 2593 1731 2656 collocet
1745 2593 1775 2654 in
1789 2592 1857 2655 sinu
1868 2591 2022 2673 Abrahae,

656 2690 687 2752 in
716 2690 792 2754 locis
821 2691 1000 2773 voluptatis,
1031 2707 1125 2772 super
1154 2709 1246 2774 aquas
1277 2693 1467 2771 reiectionis,
1497 2694 1574 2756 etsi
1597 2711 1675 2773 quae
1697 2699 1766 2754 sunt
1788 2691 1845 2754 alia
1868 2692 2022 2754 exvartts

657 2807 762 2853 sacrae
789 2791 956 2872 scripturae
986 2789 1074 2853 locis'
1090 2789 1240 2870 desumto,
1269 2791 1399 2874 figurate
1427 2809 1488 2855 non
1515 2791 1700 2873 'lheologice
1723 2809 1793 2853 esse
1815 2789 2021 2874 intelligenda,

657 2889 708 2952 vel
731 2907 769 2953 eo
791 2889 857 2953 solo
881 2888 1116 2969 demonstratur,
1139 2890 1220 2971 quod
1241 2891 1378 2954 Ecclesia
1401 2890 1507 2955 Latina
1529 2891 1673 2956 similibus
1695 2890 1895 2954 locutionibus
1917 2891 2021 2969 utitur,

659 2990 716 3052 etsi
737 3007 755 3054 a
778 2989 902 3054 Graccis
924 2985 1183 3054 vehementissime
1206 2989 1370 3056 dissentiat.

1045 3293 1632 3348 ψ

970 3698 1358 3880 LllUllGlll
1402 3700 1449 3882 J
1449 3698 1697 3880 llllllBl

741 4032 1325 4160 connonsnro
1392 4034 1932 4180 aaronitas,

885 4221 969 4314 SEU,
1009 4221 1059 4298 UT
1092 4219 1228 4297 GRAECI
1265 4220 1545 4316 Pnototcttot,
1582 4221 1784 4300 BARADATI.

1051 4476 1201 4546 Primam
1229 4475 1351 4546 Oratio
1377 4481 1458 4546 onte
1484 4475 1621 4547 Pacem.

726 4673 842 4778 Dans
868 4701 969 4771 Pater
993 4702 1097 4795 pacis,
1125 4701 1341 4788 sanctissime,
1368 4702 1488 4795 quique
1517 4699 1608 4774 solus
1634 4696 1741 4771 honus
1769 4710 1802 4772 et
1827 4696 1944 4771 beatus
1968 4720 2018 4785 es,

659 4819 714 4912 qui
739 4838 861 4913 parens
888 4825 922 4888 et
948 4824 1043 4889 autor
1069 4838 1107 4889 es
1134 4815 1384 4911 tranquillitatis,
1411 4828 1445 4888 et
1469 4814 1546 4889 lons
1573 4813 1785 4888 absconditus
1812 4818 1920 4912 pacis,
1951 4837 2018 4887 ca-

657 4937 738 5006 ritas
765 4934 899 5021 infinita,
928 4942 961 5004 ct
987 4932 1214 5005 misericordia
1240 4931 1336 5004 nullis
1363 4933 1510 5004 terminis
1537 4933 1800 5028 circumscriptam
1825 4941 1860 5001 tu
1874 4930 2018 5003 Domine

658 5060 792 5145 praesta
825 5046 922 5121 nobis
949 5031 1177 5144 pergratiam
1211 5056 1320 5138 tuum,
1352 5059 1387 5119 nt
1420 5071 1494 5120 cum
1528 5071 1613 5144 pace
1645 5070 1731 5142 quae
1762 5070 1825 5120 nos
1859 5046 1901 5120 ab
1929 5049 2019 5120 omni

651 5151 736 5238 'dolo
764 5176 798 5238 et
823 5164 940 5239 lraude
965 5174 1114 5259 praestet
1147 5167 1328 5256 immunes,
1365 5173 1514 5236 amanter
1545 5147 1780 5260 amplectamur
1810 5166 1954 5237 invicem
1985 5165 2021 5235 in
