4730 6038
602 652 678 731 aaa
845 603 848 612 λ
1110 641 1472 736 irrorata

508 869 510 874 ’
599 855 685 918 stus:
712 869 774 943 per
801 870 898 943 quem
924 870 988 921 nos
1015 848 1113 919 etiam
1138 866 1309 940 speramus
1330 848 1489 942 consequi
1512 847 1772 920 misericordiam
1790 860 1824 922 et
1843 852 1967 924 remis-

600 965 728 1035 sionem
753 973 980 1058 peccatorum,
1007 973 1041 1034 et
1066 973 1204 1057 propter
1230 984 1317 1050 eum,
1345 971 1412 1034 tam
1439 960 1535 1036 nobis
1563 985 1662 1058 quam
1688 966 1778 1060 ipsis.

702 1078 863 1171 Populus.
917 1079 1070 1165 Quietem
1098 1085 1243 1172 praesta.

701 1194 886 1268 Sacerdos.
938 1197 1046 1267 Parce
1072 1196 1229 1280 Domine,
1262 1203 1296 1264 et
1320 1195 1451 1266 remitte
1478 1215 1593 1266 omues
1619 1197 1809 1291 iniquitates
1835 1209 1968 1272 nostras

599 1321 632 1382 ct
658 1310 807 1402 illorum,
834 1323 867 1384 ct
893 1310 998 1384 libera
1025 1333 1088 1384 nos
1116 1308 1158 1381 ab
1186 1307 1336 1382 omnibus
1364 1308 1623 1402 aegritudinibus
1649 1314 1866 1405 perniciosis,
1898 1317 1968 1385 iui-

600 1427 731 1521 quitatis
758 1438 793 1500 ct
817 1431 965 1523 peccati,
1001 1429 1236 1518 cujuscumque
1267 1428 1418 1516 generis:
1454 1425 1561 1518 dirige
1593 1448 1732 1518 gressus
1766 1441 1901 1504 nostros
1934 1434 1968 1502 iu

599 1545 725 1616 semitis
753 1545 981 1616 mandatorum
1008 1552 1137 1614 tuorum
1164 1541 1368 1613 divinorum:
1396 1551 1430 1612 ct
1457 1542 1498 1613 da
1525 1540 1622 1615 nobis
1648 1553 1684 1614 ut
1705 1547 1808 1619 simus
1829 1546 1971 1643 populus

598 1668 743 1747 sanctus,
771 1663 992 1752 congregatio
1020 1658 1170 1746 salvata,
1203 1667 1237 1728 et
1268 1656 1499 1730 Sacerdotium
1533 1658 1729 1750 angelicum.
1782 1660 1835 1733 Da
1871 1664 1970 1733 etiam

597 1772 713 1864 nobis,
740 1787 775 1848 ut
802 1797 875 1846 cum
903 1775 1161 1848 exultationibus
1189 1773 1431 1870 spiritualibus,
1465 1784 1497 1844 et
1523 1772 1655 1846 choreis
1681 1774 1969 1865 intellectualibus,

597 1890 813 1985 tripudiisque
840 1914 913 1963 eum
942 1913 1070 1964 summo
1098 1890 1222 1982 gaudio
1249 1893 1447 1982 conjunctis,
1473 1889 1635 1962 laetemur
1661 1901 1694 1963 et
1720 1891 1838 1964 eadem
1865 1891 1970 1963 volu-

597 2017 688 2103 ptate
715 2007 874 2097 fruamur,
902 2030 976 2079 cum
1003 2010 1085 2080 viris
1112 2005 1177 2079 illis
1203 2004 1327 2096 beatis3
1359 2014 1395 2078 ut
1422 2005 1586 2078 cumillis
1614 2017 1647 2077 et
1673 2011 1758 2078 iuter
1784 2006 1859 2079 illos
1886 2008 1971 2100 glo-

597 2123 774 2214 rificemus,
797 2123 968 2196 laudemus
993 2133 1027 2196 et
1050 2122 1237 2194 exaltemus
1253 2121 1541 2214 gloriosissimum,
1563 2132 1597 2193 et
1618 2120 1827 2195 benedictum
1848 2147 1970 2198 nomen

597 2248 699 2332 tuum,
726 2251 760 2313 et
785 2239 919 2312 Domini
945 2242 1050 2313 nostri
1076 2240 1158 2311 Jesu
1186 2236 1320 2328 Christi,
1347 2247 1381 2311 et
1407 2237 1549 2334 Spiritus
1575 2241 1621 2310 tui
1649 2243 1763 2311 sancti.

702 2357 864 2450 Papulas.
916 2355 977 2442 Ut,
1005 2366 1068 2428 etc.
1135 2397 1166 2426 κ

698 2473 884 2544 Sacerdos.
937 2473 1021 2543 Pax.

645 2601 652 2630 ‘
698 2588 859 2681 Papulas.
912 2587 955 2659 Et
982 2610 1057 2659 cum
1083 2587 1207 2681 Spiritu
1234 2597 1300 2660 luo.

699 2702 884 2776 Sacerdos.
937 2702 1191 2776 Benedictiones
1218 2703 1283 2774 Dei
1310 2704 1386 2791 sint,
1414 2711 1474 2774 etc.

698 2822 880 2892 Diaconos
906 2820 991 2890 dicit
1018 2819 1240 2892 Catboiicam.
1294 2818 1469 2890 Sacerdos
1491 2823 1628 2916 sranpit
1655 2827 1689 2891 et
1713 2823 1835 2913 signat.

766 3181 814 3252 Et
839 3183 925 3252 dicit
953 3181 1151 3253 Orationem
1178 3203 1266 3275 quac
1293 3181 1420 3252 dicitur
1447 3185 1528 3254 anic
1553 3182 1654 3252 Pater
1680 3193 1805 3255 noster.

699 3388 791 3459 Deus
819 3388 1010 3460 admirande
1025 3397 1058 3461 et
1074 3387 1259 3475 ineffabilis,
1286 3385 1425 3460 excelsa
1442 3397 1475 3458 et
1489 3387 1611 3460 infinite
1634 3392 1688 3482 qui
1707 3389 1813 3461 laudis
1839 3411 1970 3486 perpe-

595 3517 650 3576 tua
672 3503 940 3577 decantationea
967 3503 1186 3600 potestatibus
1210 3502 1411 3577 coelestibus
1431 3502 1600 3590 exaltaris
1630 3515 1663 3575 et
1691 3509 1827 3577 canticis
1850 3509 1971 3578 trium-

595 3621 757 3718 phalibus,
786 3628 820 3692 et
847 3619 1039 3692 sublimibus
1067 3619 1270 3693 celebraris:
1299 3629 1332 3690 tc
1354 3640 1488 3692 oramus
1513 3641 1573 3691 ore
1594 3625 1748 3692 mentium
1770 3633 1971 3710 nostrarum,

594 3749 630 3810 te
657 3741 713 3832 qui
740 3736 871 3809 occulta
897 3739 1034 3810 intueris
1062 3747 1187 3808 nostra.
1219 3735 1272 3806 Tu
1298 3757 1336 3806 es
1364 3739 1450 3806 enim
1478 3733 1621 3808 Creator
1647 3748 1681 3808 et
1698 3736 1805 3828 Deus,
1831 3743 1967 3833 primae,

596 3864 630 3925 et
655 3855 878 3925 novissimus:
905 3874 1014 3947 nequa
1041 3861 1093 3924 est
1119 3853 1202 3922 alius
1228 3852 1322 3924 Deus
1349 3861 1483 3946 praeter
1508 3860 1552 3922 tc.
1603 3851 1654 3924 Tu
1681 3875 1718 3926 es
1747 3875 1825 3948 spes
1853 3877 1969 3952 eorum

598 3973 654 4066 qui
670 3972 938 4065 persecutionem
958 3969 1139 4062 patiuntur:
1168 3989 1281 4040 comes
1301 3967 1523 4039 exulantium:
1551 3990 1731 4063 pauperum
1753 3969 1971 4058 confortator,

597 4084 791 4158 consolator
818 4084 1025 4170 afflictarum,
1062 4093 1095 4156 ct
1120 4083 1324 4180 perditorum
1350 4094 1514 4178 repertor.
1567 4084 1618 4155 'l'c
1649 4087 1748 4178 igitur
1783 4108 1970 4181 precamur,

512 4275 514 4280 ,
594 4212 632 4274 ut
658 4199 887 4274 misericordia
914 4210 969 4272 tua
995 4202 1144 4272 inveniat
1170 4200 1388 4295 perditionem
1421 4210 1583 4287 nostram,
1617 4209 1652 4270 ut
1682 4203 1876 4276 mundemur
1906 4224 1969 4298 per

598 4320 738 4410 gratiam
771 4325 860 4388 tuam
894 4340 913 4388 a
945 4315 1099 4390 sordibus
1135 4325 1369 4411 peccatorum,
1404 4325 1438 4387 et
1470 4314 1650 4389 liberemur
1682 4339 1701 4387 a
1734 4318 1969 4391 tentationibus

598 4436 738 4506 animam
766 4443 799 4504 et
826 4454 949 4527 corpus
976 4431 1250 4528 impugnantibus.
1286 4432 1340 4504 Da
1356 4435 1454 4504 ctiam
1470 4430 1567 4504 nobis
1583 4440 1618 4501 ut
1633 4435 1802 4506 orationes
1818 4444 1966 4523 nostrae,

597 4548 658 4622 abs
686 4548 885 4645 optabilibus
912 4552 1041 4640 gratiae
1067 4557 1145 4621 tuae
1172 4549 1373 4638 subvectae,
1398 4550 1597 4643 perveniant
1621 4570 1728 4642 usque
1755 4548 1797 4619 ad
1822 4549 1966 4622 infimum

598 4665 736 4759 gradum
764 4664 839 4738 solii
866 4664 996 4758 gloriae
1023 4673 1119 4754 tuae3
1146 4674 1246 4760 utque
1274 4688 1347 4737 cum
1373 4661 1493 4737 fiducia
1519 4687 1539 4734 a
1566 4673 1599 4735 te
1625 4687 1806 4752 concessa,
1839 4676 1965 4739 stemus

597 4805 711 4855 coram
738 4791 772 4853 te
799 4804 873 4853 cum
901 4780 1004 4854 corde
1030 4803 1114 4874 puro
1141 4791 1175 4852 ct
1200 4781 1293 4852 vultu
1319 4781 1421 4862 laeto,
1447 4779 1661 4874 dicamusque
1679 4780 1763 4854 banc
1781 4785 1966 4854 orationem

598 4920 695 4992 pam
723 4899 835 4970 docuit
859 4901 1049 4990 unigenitus
1076 4897 1180 4970 Filius
1207 4906 1292 4984 tuus,
1319 4894 1497 4991 discipulos
1525 4917 1606 4969 suos
1634 4908 1784 4972 sanctos:
1814 4920 1966 4994 respon-

598 5013 800 5109 deamusque
826 5024 860 5085 et
886 5014 1045 5086 dicamus.
1097 5014 1198 5084 Pater
1223 5023 1339 5086 noster
1365 5014 1419 5108 qui
1446 5035 1484 5086 cs
1510 5016 1544 5084 in
1571 5011 1684 5087 coelis.

699 5129 860 5223 Populus.
913 5129 1153 5202 Sanctificetur.
