4728 6028
1038 1039 1651 1264 urrunnun

737 1369 1956 1490 lllNllllSllNClleCllBl

659 1607 799 1676 FRATRIS
829 1608 947 1678 DOMINI
981 1607 1152 1677 onottltl
1181 1609 1245 1675 PllR
1272 1608 1462 1676 dannatum
1492 1608 1707 1680 ddllldbldllll
1740 1610 1908 1686 anullo,
1937 1609 2037 1678 INTER

736 1741 869 1809 uoltus
890 1741 1057 1809 delllllllE
1079 1741 1218 1809 llltllldll
1241 1741 1294 1807 nd.
1318 1741 1520 1811 dnlucouuu
1541 1741 1722 1810 undeceni.
1744 1743 1771 1810 J.
1794 1741 1824 1809 G.
1846 1741 1959 1810 llllllCI.

1155 2013 1277 2085 Oratio
1304 2020 1385 2084 onte
1410 2012 1548 2083 Pacem.

726 2208 845 2312 Dans
872 2236 1019 2306 omnium
1045 2234 1201 2323 Domine,
1227 2247 1364 2332 praesta
1391 2235 1488 2308 nobis
1521 2233 1665 2325 indignis
1701 2234 1839 2306 salutem
1867 2235 1970 2324 banc,
1997 2246 2034 2310 ut

658 2349 786 2446 absque
818 2339 896 2422 dolo
924 2351 1092 2440 conjuncti
1126 2373 1191 2447 per
1222 2351 1390 2422 vinculum
1417 2352 1583 2436 caritatis,
1616 2348 1796 2423 salutemus
1830 2353 1973 2422 invicem
1999 2354 2036 2424 iu

657 2464 775 2538 osculo
807 2475 923 2539 sancto
952 2475 985 2536 et
1011 2465 1138 2556 divino,
1165 2467 1410 2561 oderamusque
1432 2465 1491 2538 tibi
1508 2462 1653 2556 gloriam
1680 2473 1714 2536 et
1739 2464 1883 2556 laudem,
1910 2469 2036 2560 unige-

655 2582 791 2676 nitoque
818 2581 904 2654 Filio
933 2591 990 2654 tuo
1018 2589 1053 2652 et
1078 2581 1214 2678 Spiritui
1241 2593 1370 2672 sancto,
1398 2602 1496 2670 nunc,
1524 2589 1587 2652 etc.

759 2697 923 2790 Populus.
976 2697 1097 2769 Amen.

760 2811 947 2884 Sacerdos.
1000 2813 1085 2885 Pax.

760 2929 924 3021 Populea.
978 2927 1023 2999 ut
1049 2950 1124 3001 eum
1150 2927 1274 3025 Spiritu
1302 2937 1368 3001 tuo.
1421 2928 1548 2999 Demus
1574 2927 1708 2999 Pacem.

760 3043 949 3115 Sacerdos.
1003 3045 1081 3140 lpse
1108 3047 1163 3139 qui
1190 3067 1228 3116 es
1256 3043 1348 3118 solus
1380 3044 1542 3116 Dominus
1569 3043 1778 3130 misericors,
1815 3043 1871 3135 qui
1902 3045 1946 3112 in·
1964 3065 2034 3114 ex-

657 3158 756 3232 celsis
783 3159 924 3250 habitas,
952 3168 987 3231 et
1012 3159 1145 3232 humilia
1164 3163 1315 3258 respicis,
1342 3163 1435 3231 mitte
1451 3157 1703 3232 benedictiones
1731 3157 1772 3228 ad
1799 3179 1861 3232 eos
1888 3160 1944 3253 qui
1969 3163 2028 3231 in-

657 3273 779 3347 clinant
813 3275 900 3347 colla
931 3295 998 3348 ¹sua
1032 3297 1146 3348 coram
1182 3284 1235 3368 te,
1269 3285 1303 3346 et
1334 3272 1476 3347 benedic
1507 3273 1571 3346 illis
1606 3295 1668 3370 per
1701 3276 1844 3366 gratiam
1869 3277 2031 3368 unigeniti

655 3389 731 3461 Filii
757 3394 815 3480 tui,
843 3400 877 3463 et
903 3390 1046 3487 Spiritus
1073 3393 1120 3462 tui
1149 3393 1267 3477 sancti,
1294 3413 1394 3478 nunc,
1422 3400 1485 3462 etc.
1537 3390 1660 3461 Amen.

759 3507 853 3580 Deus
879 3514 976 3601 pater
1002 3510 1058 3601 qui
1084 3529 1146 3602 per
1172 3529 1320 3579 amorem
1347 3517 1437 3577 tuum
1464 3526 1546 3597 erga
1573 3504 1725 3577 homines
1752 3527 1925 3598 magnum,
1961 3513 2031 3580 mi-

659 3624 733 3693 sisti
760 3622 861 3693 tilium
887 3631 977 3693 tuum
1004 3623 1237 3713 inmundum,
1268 3632 1304 3693 ut
1337 3644 1436 3695 ovem
1464 3631 1631 3693 errantem
1657 3619 1850 3710 reduceret,
1876 3643 1920 3693 ne
1952 3625 2033 3697 Do-

656 3741 745 3808 mine
771 3739 907 3828 rejicies
939 3736 1062 3809 cultum
1095 3736 1182 3810 bunc
1215 3747 1376 3826 nostrum,
1404 3737 1560 3811 sacrificii
1586 3733 1682 3828 hujus
1709 3739 1892 3827 incruenti3
1920 3761 2033 3833 quan-

658 3851 835 3947 doquidem
860 3854 894 3923 in
920 3851 1187 3926 miserationibus
1215 3857 1279 3925 tuis
1307 3864 1341 3925 et
1366 3877 1433 3927 non
1458 3857 1493 3924 in
1515 3855 1643 3945 justitia
1676 3860 1792 3925 nostra
1825 3853 2030 3928 confidimus.

657 3965 711 4038 Ne
738 3967 780 4038 ad
802 3966 962 4059 iudicium
979 3966 1077 4040 uobis
1103 3972 1219 4041 veniat
1236 3973 1430 4065 mysterium
1456 3968 1532 4058 boc,
1561 3966 1649 4062 quod
1664 3967 1707 4039 ad
1727 3968 1866 4041 salutem
1884 3980 2033 4042 nostram

657 4085 837 4154 institutum
864 4093 931 4156 est:
958 4082 1019 4156 sed
1046 4084 1089 4155 ad
1116 4083 1331 4156 abolitionem
1356 4093 1571 4180 peccatorum
1586 4092 1789 4173 nostrorum,
1816 4094 1850 4156 et
1876 4085 1919 4157 ad
1945 4105 2033 4176 gra-

658 4202 778 4268 tiarum
805 4199 969 4268 actionem
996 4197 1207 4271 referendam
1233 4198 1313 4290 tibi,
1340 4211 1374 4272 et
1399 4201 1571 4291 unigenito
1600 4196 1686 4271 Filio
1720 4209 1794 4288 tuo,
1828 4210 1862 4271 et
1895 4199 2033 4296 Spiritui

659 4322 787 4399 sancto,
815 4331 911 4404 nunc,
939 4321 1003 4384 ete.

717 4411 722 4422 ¹
761 4425 950 4499 Diaconos.
1002 4429 1136 4503 Stemus
1163 4423 1330 4502 decenter.

761 4544 923 4638 Populus.
974 4545 1237 4620 Misericordiae.

760 4660 945 4732 Sacerdos.
998 4662 1124 4735 Gratia.

760 4776 923 4869 Populos.
975 4776 1120 4849 Etcum
1147 4776 1263 4872 spiritu
1289 4783 1356 4845 tuo.

758 4890 945 4968 Sacerdos.
996 4891 1136 4967 Sursum
1163 4888 1276 4965 corda.
