4730 6038
694 693 972 771 utrinam
1011 693 1294 773 rusronra
1609 667 1685 770 aar

421 881 610 954 Diaconos.
662 879 729 952 Det
754 903 872 976 pacem
897 885 1134 978 unusquisque.

423 996 585 1092 Populus.
636 996 777 1069 Praesta
802 994 910 1070 nobis.

423 1114 607 1186 Sacerdos.
660 1113 751 1186 Posi.

424 1229 586 1322 Populos.
642 1224 765 1301 Coram
791 1237 835 1301 te.
1345 1283 1348 1305 ,

358 1398 363 1407 .
423 1345 602 1416 Diaconos
627 1343 712 1414 dtott
737 1343 894 1416 Mediam.
934 1343 1002 1417 lllis
1030 1348 1084 1440 qui
1110 1368 1184 1418 oum
1210 1345 1275 1418 lide
1301 1343 1514 1434 inclinantur,
1547 1343 1692 1441 praesta'

320 1462 464 1536 Domine
490 1470 526 1533 ut
552 1462 732 1556 suscipiant
764 1483 785 1532 a
816 1469 851 1532 te
883 1458 1151 1554 benedictiones,
1187 1461 1229 1534 ad
1264 1461 1441 1535 obtinenda
1475 1459 1563 1533 bona
1601 1483 1687 1557 quae

320 1577 465 1675 pacificis
491 1579 714 1674 praeparasti:
740 1586 777 1648 ut
803 1574 986 1650 referamus
1012 1577 1069 1651 tibi
1097 1578 1248 1671 gloriam.

423 1693 585 1788 Populus.
635 1693 755 1765 Amen.

423 1809 606 1881 Sacerdos.
659 1808 792 1880 Remoti
817 1831 837 1879 a
863 1807 1073 1904 passionibus
1089 1831 1174 1905 quae
1191 1817 1364 1906 peccabum
1382 1804 1577 1905 operantur:
1600 1831 1687 1906 pro-

322 1928 402 1998 ximi
428 1936 462 1997 et
487 1924 659 1997 domestici
685 1927 719 1995 in
750 1945 858 2016 regno
894 1947 1129 2021 appareamus,
1169 1924 1334 1998 mediante
1368 1924 1433 1998 bac
1467 1924 1687 2014 Eucharistia,

321 2064 418 2138 quam
444 2040 503 2114 tibi
529 2039 695 2112 offerimus
721 2041 882 2112 Domine:
908 2050 944 2113 ut
969 2039 1153 2117 referamus
1180 2039 1239 2114 tibi
1264 2041 1425 2136 gloriam,
1452 2051 1516 2115 eto.

425 2155 586 2251 Populus.
640 2156 760 2228 Amen.

422 2273 609 2344 Diaconos.
663 2270 797 2343 Stemus
824 2271 992 2344 decenter.

425 2388 586 2482 Poptdoo.
639 2387 892 2480 Miserationes,
918 2398 982 2460 eto.

424 2504 608 2576 Sacerdos.
663 2502 795 2575 Caritas
820 2505 950 2594 Patris,
976 2514 1040 2578 eto.

426 2620 587 2715 Populus.
639 2621 759 2694 Amen.

424 2737 608 2810 Sacerdos.
662 2735 801 2810 Sursum
827 2736 941 2809 corda.

425 2853 585 2946 Populus.
638 2851 807 2924 Habemus
827 2847 876 2924 'a‘id
902 2853 1087 2925 Dominmn.
1139 2831 1142 2840 ’
1494 2785 1542 2929 χ

426 2968 609 3041 Sacerdos.
663 2966 797 3042 Gratias
825 2991 964 3062 agamus
990 2968 1144 3042 Domino.

424 3085 584 3180 Populus.
638 3084 783 3177 Dignum
810 3094 844 3157 et
865 3089 990 3177 justum
1018 3093 1078 3158 est

426 3200 600 3273 Sacerdoc
624 3200 815 3272 inclinatos.
867 3199 961 3272 Vere
986 3201 1097 3291 Patri,
1123 3197 1208 3271 Filio
1235 3209 1270 3272 et
1301 3197 1437 3296 Spiritui
1472 3211 1588 3275 saneto
1620 3201 1687 3273 de-

322 3317 419 3392 betur
443 3317 517 3390 laus
543 3315 809 3410 magnificentiae
833 3314 969 3389 honoris
996 3319 1078 3410 ejus.

425 3435 574 3506 mevam
599 3455 723 3504 vocem.
776 3431 820 3504 Et
845 3456 918 3505 cum
938 3430 1089 3506 omnibus
1106 3434 1231 3506 naturis
1254 3427 1478 3530 spiritualibus
1503 3443 1538 3504 et
1558 3431 1687 3504 intelli-

324 3548 497 3642 gentibus,
523 3547 666 3642 gloriam
696 3541 711 3581 ²
737 3547 917 3621 secundam
943 3550 1154 3643 cogitationis
1180 3559 1338 3622 aeternae
1364 3546 1508 3620 barbare
1540 3557 1574 3620 ot
1604 3546 1686 3621 bal-

322 3665 478 3740 butiendo
506 3664 676 3763 tripboiter
701 3663 911 3738 celebrantes
937 3668 1176 3763 proprietatum
1202 3673 1329 3737 marum
1355 3664 1516 3761 mysteria
1548 3661 1687 3739 confuse

324 3781 547 3879 explicamus,
575 3780 732 3853 diceutes.

425 3898 584 3992 Populos.
636 3897 730 3970 Unus
756 3896 858 3970 Pater
883 3907 1026 3970 sanctus.

425 4013 600 4086 Sacerdos
630 4014 821 4086 inclinato-o.
874 4011 967 4084 Unus
994 4033 1032 4086 es
1059 4009 1261 4103 substantia,
1287 4013 1442 4102 Domine,
1469 4014 1573 4084 minus
1600 4032 1686 4107 per-

324 4134 423 4206 sonis.
478 4127 562 4202 Cum
587 4150 672 4201 vero
701 4129 840 4202 salutem
861 4136 1009 4201 nostram
1035 4126 1252 4225 providenter
1278 4126 1449 4218 ordinasti,
1474 4125 1625 4199 Verbum
1641 4148 1688 4197 ex

322 4258 433 4320 mente
463 4255 538 4336 bra,
571 4247 689 4320 misisti
721 4247 754 4317 in
787 4243 939 4317 mundium
976 4245 1103 4340 absque
1136 4247 1374 4341 proprietatum
1406 4242 1617 4315 detrimento:
1653 4250 1688 4312 et

323 4387 368 4435 ex
393 4364 519 4460 Spiritu
552 4371 690 4451 sancto,
726 4373 826 4456 atque
860 4383 906 4433 ex
938 4364 1100 4454 sanguine
1126 4359 1308 4453 virginali,
1343 4382 1478 4433 carnem
1513 4357 1627 4447 induit,
1654 4365 1688 4428 et

327 4471 340 4513 ³
367 4480 503 4571 imagini
528 4477 751 4572 configuratus
779 4489 847 4569 est,
872 4476 1124 4572 libertatemque
1151 4476 1240 4548 dedit
1262 4475 1449 4569 jacentibus
1474 4479 1508 4547 in
1534 4482 1686 4570 peccato.

427 4593 578 4667 Eteonos
601 4615 725 4666 ooccm.
781 4594 929 4690 Cumque
955 4593 1203 4667 Testamentum
1230 4615 1367 4682 novum,
1394 4613 1458 4688 quo
1478 4603 1577 4665 vetus
1598 4588 1688 4663 abo-

320 4710 445 4784 leretur
471 4709 606 4784 tradere
631 4709 750 4802 vellet,
777 4733 897 4808 panem
926 4711 943 4748 ⁴
968 4709 1212 4801 fermentatum,
1238 4711 1354 4805 inquo
1376 4711 1570 4804 mysterium
1595 4711 1688 4780 vitae

321 4825 512 4918 tegebatur,
540 4829 685 4922 accepit,
712 4839 746 4900 et
775 4825 880 4900 ocubs
906 4828 1040 4900 intentis
1067 4827 1234 4922 aspiciens
1267 4823 1310 4896 ad
1342 4835 1376 4898 te
1409 4825 1528 4913 Pater,
1560 4825 1687 4916 gratias

323 4945 411 5034 egit,
437 4941 466 5032 †
491 4940 682 5033 benedixit,
707 4944 737 5032 ᾧ
763 4941 999 5032 sanctificavit,
1025 4943 1054 5031 †
1079 4941 1199 5035 fregit,
1225 4941 1443 5037 porrexitque
1470 4938 1688 5012 discumben-

322 5056 409 5131 tibus
435 5062 469 5131 in
496 5079 603 5131 coena
629 5081 689 5131 sua
724 5058 856 5131 dicens:
888 5059 1061 5155 Accipite,
1086 5059 1259 5132 vescimini
1292 5080 1338 5130 ex
1371 5077 1423 5130 eo.
1476 5055 1550 5130 Hoc
1589 5052 1602 5093 ³
1636 5063 1689 5126 est

321 5195 402 5247 caro
429 5197 524 5264 mea,
551 5198 637 5271 quae
662 5197 725 5274 pro
753 5174 904 5250 omnibus
929 5171 1096 5268 fidelibus,
1122 5171 1200 5246 mihi
1232 5173 1486 5247 adhaerentibus
1521 5171 1687 5263 dividitur,

361 5313 484 5358 remmu.
1433 5289 1484 5364 47
