4784 6040
898 1021 949 1110 ,·
1092 957 1695 1138 titutum

849 1291 1233 1411 oroutsn
1284 1289 1666 1410 urrscorr
1718 1291 1942 1498 nura

1179 1532 1255 1621 QUI
1280 1531 1335 1606 ΕΤ
1361 1530 1618 1608 BARSALIBI.

1111 1822 1262 1893 Primum
1289 1823 1404 1892 oratio
1432 1825 1513 1890 oute
1539 1819 1677 1892 Pacem,

791 2016 1023 2134 Garumnam,
1050 2053 1085 2116 et
1115 2046 1343 2136 concordiam,
1369 2042 1704 2144 tranquillitatemque
1730 2042 1914 2138 perfectam
1940 2043 1984 2116 da
2009 2066 2079 2117 no-

710 2165 775 2258 bis,
801 2165 957 2253 Domine,
984 2162 1049 2240 hoc
1074 2171 1235 2258 tempore,
1263 2171 1297 2234 et
1323 2161 1474 2237 omnibus
1502 2158 1618 2232 diebus
1644 2163 1737 2232 vitae
1763 2168 1920 2247 nostrae,
1956 2169 1990 2232 et
2015 2183 2079 2233 re-

709 2280 857 2354 feremus
885 2279 943 2352 tibi
969 2276 1124 2372 gloriam,
1151 2288 1185 2350 et
1209 2278 1351 2350 laudem.

815 2395 977 2490 Populos.
1029 2395 1150 2466 Amen.

765 2561 771 2572 ·
814 2513 1003 2585 Diaconos.
1055 2511 1141 2583 Date
1167 2531 1296 2605 pacem.

816 2629 977 2722 Populos.
1030 2628 1170 2699 Praesta
1196 2622 1304 2712 nobis,
1333 2633 1433 2696 etc.¹

813 2744 998 2816 Sacerdos.
1051 2742 1095 2813 Et
1121 2739 1273 2815 omnibus
1303 2738 1444 2812 benedic
1470 2737 1756 2814 benedictionibus
1781 2744 1846 2815 tuis
1872 2741 2078 2815 inamissibi-

711 2861 814 2953 libus3
851 2870 885 2934 ct
917 2881 981 2932 nos
1009 2857 1129 2951 dignos
1159 2855 1214 2929 iac
1239 2855 1431 2952 perficiendi
1466 2855 1669 2929 voluntatem
1705 2865 1815 2948 tuam,
1850 2867 1884 2929 et
1917 2861 2076 2952 unigeniti

709 2977 784 3052 Filii
806 2981 863 3065 tui,
890 2989 924 3049 ct
949 2975 1092 3072 Spiritus
1119 2976 1166 3045 tui
1191 2975 1277 3065 vivi,
1303 2981 1337 3044 ct
1362 2973 1477 3044 sancti.

766 3120 772 3132 ·
813 3092 976 3186 Populos.
1028 3092 1149 3164 Amen.

813 3209 998 3281 Sacerdos.
1051 3206 1095 3278 m
1119 3210 1280 3302 impuram
1314 3226 1446 3277 omnem
1479 3205 1715 3296 cogitationem
1753 3227 1772 3276 a
1805 3201 1902 3279 nobis
1936 3203 2078 3301 depelle,

707 3349 770 3424 per
796 3325 990 3400 sacrificium
1018 3323 1083 3396 hoc
1110 3321 1198 3417 qnod
1231 3321 1398 3394 offerimus
1429 3320 1488 3393 tibi
1513 3320 1673 3392 Domine:
1708 3341 1771 3416 per
1802 3321 1881 3393 illud
1907 3321 2077 3394 sanctifice

709 3466 854 3540 corpora
881 3452 1006 3528 nostra,
1034 3449 1068 3511 ct
1093 3437 1220 3510 illustra
1247 3439 1374 3510 animas
1400 3445 1546 3525 nostras,
1579 3445 1612 3508 ct
1637 3434 1824 3511 referemus
1851 3437 1910 3511 tibi
1935 3437 2077 3528 laudem,

709 3569 743 3632 et
768 3561 949 3652 gratiarum
977 3559 1150 3628 actionem.

762 3715 764 3720 ν
812 3673 974 3768 Populus.
1026 3672 1146 3744 Amen.

811 3790 1001 3862 Diaconos.
1052 3787 1141 3859 Date
1170 3809 1300 3883 pacem.

812 3906 997 3978 Sacerdos.
1052 3901 1197 3994 Caritas,
1224 3913 1287 3975 etc.

813 4022 975 4116 Populos.
1027 4020 1147 4091 Amen.

692 4227 697 4243 .
812 4139 996 4210 Sacerdos.
1048 4136 1188 4209 Sursum
1214 4133 1327 4208 corda.

814 4256 976 4349 Populos.
1029 4253 1198 4325 Habemus
1225 4251 1266 4323 ad
1292 4253 1480 4324 Dominum.

812 4372 996 4444 Sacerdos.
1050 4369 1183 4442 Gratias
1211 4389 1350 4461 agamus
1376 4368 1530 4458 Domino.
1567 4443 1568 4448 ,

813 4489 974 4583 Populos.
1018 4486 1165 4578 Dignum
1190 4497 1224 4558 et
1246 4487 1368 4577 justum
1396 4495 1457 4556 cst.

663 4655 666 4661 ,
812 4601 988 4678 Sacerdos
1023 4602 1214 4673 inclinabis.
1268 4602 1413 4693 Dignum
1449 4608 1484 4671 et
1515 4601 1637 4691 justum
1665 4606 1735 4686 est,
1765 4608 1800 4669 ut
1833 4594 2015 4682 laudemus
2043 4605 2078 4666 et

709 4724 835 4814 gratias
863 4741 1001 4812 agamus
1027 4720 1130 4807 Patri,
1158 4728 1192 4789 et
1218 4717 1314 4803 Filio,
1343 4726 1376 4787 et
1402 4713 1538 4810 Spiritui
1565 4722 1692 4786 sancto.

812 4836 962 4908 metans
987 4858 1112 4908 ccccm.
1164 4833 1294 4906 Etcum
1310 4829 1451 4905 millibus
1477 4829 1624 4919 millium,
1650 4840 1684 4901 et
1709 4827 1914 4925 myriadibus
1940 4829 2076 4926 myria-

710 4953 786 5026 dum
813 4957 986 5045 igneorum
1014 4954 1069 5049 qui
1095 4973 1210 5024 coram
1236 4959 1270 5022 te
1297 4951 1492 5041 consistunt,
1519 4957 1554 5020 et
1579 4955 1613 5019 te
1640 4947 1712 5021 sine
1738 4945 1981 5018 intermissione
2008 4965 2077 5014 ce-
