4712 6032
687 565 765 639 208
869 631 876 644 ‚
1193 558 1553 637 titulati

687 761 760 840 bra,
794 761 828 822 et
853 771 966 822 curam
992 746 1242 820 misericordiae
1269 757 1367 834 tuae,
1401 767 1463 840 per
1493 744 1617 817 bonam
1649 754 1684 816 et
1718 753 1937 840 temperatam
1972 744 2062 818 aeris

688 869 966 951 constitutionem,
994 864 1159 936 fructuum
1185 861 1380 949 ubertatem,
1407 860 1606 956 frugumque
1633 859 1884 948 abundantiam,
1910 863 2063 933 varieta-

687 993 820 1069 temque
847 980 975 1053 llorum.
1017 981 1210 1053 Praeserva
1237 999 1311 1050 eam
1339 974 1381 1048 ab
1410 974 1562 1049 omnibus
1589 975 1699 1071 plagis
1725 973 1863 1065 luroris,
1889 983 1922 1045 et
1943 973 1985 1046 ab
2005 980 2064 1047 in-

688 1088 828 1160 sultibus
865 1091 983 1184 iniquis
1019 1091 1247 1177 inimicorum,
1283 1099 1350 1158 tam
1385 1089 1601 1181 spiritualium
1641 1109 1739 1181 quam
1772 1089 1994 1176 sensibilium,
2027 1099 2064 1159 ut

689 1203 817 1298 absque
843 1202 909 1275 ulla
936 1206 1130 1298 passionum
1156 1224 1262 1292 noxa,
1288 1211 1472 1298 perpetuos
1499 1200 1642 1298 hymnos
1670 1203 1797 1294 gloriae
1819 1222 1975 1274 canamus
1993 1201 2061 1289 tibi,

689 1329 723 1389 at
748 1321 919 1410 unigenito
945 1317 1031 1391 Filio
1059 1327 1126 1389 tuo.

792 1433 955 1527 Populos.
1008 1435 1129 1508 Amen.

791 1547 969 1619 Sacerdos
994 1549 1185 1618 inclinatas.
1237 1547 1292 1622 Ad
1320 1547 1426 1619 altare
1438 1546 1513 1636 boc,
1541 1557 1574 1619 et
1600 1547 1643 1619 ad
1668 1547 1746 1619 illud
1765 1547 1862 1620 coelo
1880 1547 2062 1638 sublimius,

688 1667 847 1735 memoria
873 1663 963 1737 bona
991 1666 1033 1736 sit
1049 1664 1111 1735 illis
1140 1662 1292 1735 omnibus
1320 1666 1374 1758 qui
1402 1686 1448 1734 ex
1474 1663 1595 1736 mundo
1616 1661 1676 1735 tibi
1692 1662 1896 1759 placuerunt.
1949 1664 2061 1736 Prae-

688 1784 785 1876 cipue
811 1801 896 1850 vero
924 1787 1060 1850 sanctae
1089 1779 1267 1850 Genitricis
1282 1779 1359 1867 Dei,
1386 1779 1526 1853 loannis
1541 1782 1669 1869 nuncii,
1696 1779 1878 1874 baptistae,
1906 1791 1940 1851 et
1954 1801 2061 1876 prae-

623 1895 627 1904 ’
688 1899 853 1969 cursoris:
879 1893 970 1966 Petri
987 1905 1020 1966 et
1034 1895 1139 1983 Pauli,
1158 1897 1324 1988 totiusque
1340 1904 1455 1966 coetus
1468 1893 1724 1990 Apostolorum:
1743 1893 1902 1989 Stephani
1917 1916 2060 1990 quoque,

691 2023 725 2083 et
751 2015 932 2083 universae
959 2009 1076 2083 turbae
1103 2009 1305 2106 Martyrum,
1333 2021 1366 2081 et
1393 2032 1509 2082 eorum
1536 2014 1698 2099 omnium,
1726 2013 1871 2103 quiante
1888 2032 1962 2101 eos,
1987 2031 2060 2081 cum

687 2124 773 2216 illis,
801 2137 938 2220 etpost
964 2148 1025 2197 eos
1052 2125 1265 2220 placuerunt,
1293 2135 1327 2196 et
1353 2127 1486 2221 placent
1513 2125 1580 2198 tibi.

793 2241 942 2310 Eteonos
973 2261 1098 2311 nocem.
1151 2239 1195 2310 Et
1221 2240 1351 2334 quando
1380 2241 1510 2335 quidem
1537 2249 1634 2336 potes
1656 2243 1783 2328 omnia,
1811 2239 1962 2312 coetibus
1979 2239 2060 2312 illo-

687 2376 760 2424 rum
787 2354 992 2444 dilectorem,
1020 2363 1054 2426 et
1080 2353 1337 2428 domesticomm
1360 2365 1489 2426 tuorum
1508 2355 1653 2446 adjunge
1676 2355 1896 2426 infirmitatem
1914 2364 2062 2427 nostram

688 2469 847 2541 Domine:
874 2473 1132 2562 congregationi
1165 2470 1212 2542 illi
1242 2471 1384 2560 beatae,
1417 2474 1504 2566 parti
1535 2469 1611 2542 buic
1645 2469 1796 2558 divinae,
1836 2480 1872 2541 ut
1907 2493 1968 2566 per
1999 2491 2060 2542 eos
2096 2489 2098 2493 ·

689 2587 911 2678 suscipiantur
949 2584 1136 2658 oblationes
1175 2597 1209 2658 et
1248 2589 1416 2659 orationes
1449 2598 1587 2660 nostrae
1619 2608 1733 2657 coram
1770 2585 1890 2658 tbrooo
1924 2586 2061 2658 excelso

687 2702 870 2792 majestatis
897 2710 987 2787 tuae,
1016 2702 1167 2796 eoquod
1194 2701 1345 2776 imbelles
1364 2711 1398 2774 et
1411 2703 1528 2774 inlirmi
1542 2723 1666 2790 sumus,
1694 2702 1947 2797 indigentesque
1972 2701 2060 2773 lidu-

688 2817 740 2885 cia
774 2815 862 2908 apud
893 2826 936 2886 te.
992 2815 1152 2888 Nimirum
1187 2827 1361 2914 peccatum
1406 2829 1555 2891 nostrum
1596 2830 1629 2891 et
1665 2821 1791 2910 justitia
1830 2827 1944 2889 nostra
1984 2815 2061 2888 nibil

689 2925 779 3020 sunt,
807 2930 849 3002 ad
875 2929 1018 3025 pelagus
1044 2927 1182 3003 eliusum
1209 2941 1244 3002 et
1269 2935 1462 3004 immensum
1489 2933 1741 3006 misericordiae
1767 2941 1855 3004 tuae.
1908 2933 1944 3003 ln
1961 2931 2062 3004 corda

686 3047 787 3136 igitur
814 3045 1019 3138 singulorum
1046 3049 1271 3142 perspiciens,
1298 3046 1532 3121 retributiones
1559 3048 1667 3121 bonas
1702 3051 1897 3144 petitionum
1929 3069 2062 3120 suarum

687 3163 863 3255 unicuique
896 3165 1002 3248 mitte,
1035 3171 1070 3233 ut
1102 3166 1136 3232 in
1170 3161 1323 3234 omnibus
1355 3174 1388 3235 et
1418 3166 1451 3234 in
1483 3164 1622 3256 singulis
1655 3164 1811 3236 adoretur
1845 3174 1880 3234 et
1911 3163 2061 3235 laudetur

689 3278 848 3368 majestas
875 3288 931 3349 tua
959 3286 992 3348 et
1017 3281 1178 3369 unigeniti
1205 3277 1280 3350 Filii
1308 3282 1362 3348 tui.

793 3393 954 3485 Populus.
1007 3394 1128 3467 Amen.
1626 3488 1628 3492 Α

793 3508 969 3580 Sacerdos
1003 3507 1196 3581 inclinatus.
1249 3508 1420 3583 Memento
1455 3511 1599 3584 Domine
1633 3513 1777 3582 omnium
1803 3509 2060 3606 Episcoporum,

690 3625 874 3696 Doctorum
902 3635 935 3695 et
961 3622 1155 3696 Praesulum
1173 3624 1348 3698 Ecclesiae
1375 3637 1451 3698 tuae
1478 3637 1614 3699 sanctae
1642 3648 1757 3699 eorum
1787 3630 1841 3722 qui
1860 3626 2024 3699 alacobo
2046 3619 2059 3660 ⁵

688 3739 870 3835 Apostolo,
895 3738 1067 3834 Episcopo
1083 3736 1293 3836 'etMartyre
1319 3765 1425 3836 usque
1455 3742 1497 3813 ad
1523 3742 1717 3814 hodiernum
1734 3743 1839 3830 diem,
1866 3743 2060 3838 placuerunt

689 3865 722 3926 et
747 3855 881 3951 placent
906 3853 974 3928 tibi.

791 3971 942 4042 Eteonos
966 3993 1091 4042 rocem.
1144 3973 1259 4044 Insere
1284 3977 1318 4044 in
1349 3974 1447 4046 nobis
1474 3976 1618 4047 Domine
1652 3973 1748 4046 iidem
1784 3994 1899 4044 eorum
1930 3995 2059 4062 veram,

689 4097 723 4158 et
755 4085 862 4158 uelum
896 4108 1011 4158 eorum
1044 4109 1106 4182 pro
1140 4109 1223 4160 vera
1256 4088 1439 4181 religione,
1471 4094 1643 4162 caritatem
1670 4111 1786 4161 eorum
1820 4093 1999 4178 sinceram,
2027 4097 2060 4159 et

688 4201 768 4272 nulli
795 4199 937 4273 defectui
964 4200 1156 4292 obnoxiam,
1183 4226 1296 4278 mores
1315 4228 1430 4277 eorum
1451 4204 1684 4301 inculpabiles:
1711 4215 1748 4277 ot
1772 4208 1925 4297 uestigiis
1946 4226 2059 4278 eorum

688 4315 918 4405 inhaerentes,
945 4322 1125 4414 participas
1151 4320 1316 4394 mercedis
1344 4343 1459 4394 eorum
1476 4325 1596 4412 simus,
1624 4330 1658 4392 et
1673 4343 1872 4395 coronarum
1885 4325 2059 4405 victoriae,

688 4453 775 4526 quae
800 4431 863 4505 illis
888 4444 1028 4529 paratae
1055 4439 1189 4506 suntin
1216 4457 1323 4527 regno
1350 4446 1405 4509 tuo
1434 4437 1587 4510 coelesti:
1615 4435 1746 4531 illicque
1773 4436 1869 4509 simul
1896 4459 1969 4509 cum
1996 4435 2059 4508 illis

688 4566 847 4620 canamus
874 4547 932 4619 tibi
958 4550 1101 4642 gloriam
1127 4549 1382 4640 indesinentem,
1411 4564 1444 4624 et
1469 4557 1640 4646 unigenito
1669 4553 1753 4625 Filio
1782 4564 1847 4625 tuo.

791 4664 952 4756 Populus.
1006 4665 1124 4738 Amen.

793 4777 970 4852 Sacerdos
995 4783 1186 4854 inclinatas.
1241 4781 1410 4858 Memento
1438 4788 1581 4859 Domine
1599 4788 1743 4858 omnium
1759 4783 1987 4856 defunctorum
2008 4783 2061 4877 qui

688 4899 915 4973 decubuerunt
941 4919 1014 4969 cum
1043 4919 1104 4993 spe
1131 4909 1202 4990 tua,
1229 4903 1261 4971 in
1289 4899 1354 4971 lide
1379 4923 1481 4973 vera:
1508 4905 1703 4996 praesertim
1732 4922 1816 4973 vero
1845 4912 1878 4973 et
1903 4905 2060 4973 nomina-

688 4999 764 5093 tim,
804 5022 953 5106 patrum,
985 5012 1142 5105 fratrum,
1177 5021 1478 5112 magistrorumque
1512 5026 1718 5106 nostrorum,
1754 5016 1980 5114 corporalium
2006 5026 2061 5088 aut
