4712 6032
707 472 784 547 264
1215 469 1576 547 ttuuuatl

704 665 868 757 ptionem:
895 683 1018 758 corpus
1045 663 1146 732 vitam
1173 679 1395 755 praeparans:
1423 678 1545 753 corpus
1571 659 1674 752 ipsius
1690 654 1796 728 Verbi
1814 657 1878 727 Dei
1895 665 1929 726 et
1945 653 2073 727 Salva-

704 781 786 850 toris
800 779 905 850 nostri
918 777 1001 852 Jasu
1015 775 1147 864 Christi,
1175 774 1218 846 ad
1237 777 1468 846 remissionem
1486 783 1713 877 peccatorum,
1741 782 1775 844 et
1787 775 1890 844 vitam
1905 781 2074 844 aeternam

706 894 960 988 suscipientibus
987 891 1077 964 illud.

812 1008 973 1103 Populos.
1026 1010 1146 1081 Amen.

809 1123 993 1196 Sacerdos.
1044 1123 1089 1195 Et
1114 1125 1227 1194 vinum
1253 1125 1400 1209 mistum,
1435 1121 1523 1218 quod
1550 1132 1602 1193 est
1635 1125 1668 1192 in
1700 1121 1766 1194 hoc
1799 1121 1919 1208 calice,
1958 1132 2073 1194 traus-

705 1241 818 1328 mutat,
846 1251 880 1312 01
905 1239 1054 1337 perficiat
1069 1243 1265 1332 sanguinem
1291 1242 1398 1334 ipsum
1412 1242 1467 1336 qui
1494 1237 1616 1310 ellusus
1643 1249 1695 1312 cst
1720 1261 1781 1334 pro
1808 1240 1906 1312 nobis
1934 1243 1966 1310 in
1986 1263 2073 1311 ver·-

704 1362 771 1430 tice
797 1356 1002 1451 Golgothae:
1029 1359 1223 1448 sanguinem
1239 1359 1346 1448 ipsum
1362 1358 1418 1449 qui
1431 1353 1567 1427 stillavit
1580 1376 1680 1450 super
1694 1367 1827 1444 terram,
1855 1367 1888 1427 et
1906 1355 2075 1428 mundavit

703 1473 792 1545 illam
820 1497 841 1544 a
867 1483 1026 1568 peccato:
1055 1474 1247 1564 sanguinem
1281 1474 1372 1543 vitae
1406 1475 1708 1567 praeparatorium:
1742 1475 1938 1564 sanguinem
1971 1476 2073 1569 ipsius

705 1588 858 1676 Domini,
884 1587 990 1660 Verbi
1015 1587 1080 1660 Dei
1106 1598 1140 1659 et
1165 1587 1354 1660 Salvatoris
1381 1589 1462 1660 lesu
1491 1585 1632 1676 Christi,
1660 1588 1701 1660 ad
1728 1591 1959 1662 remissionem
1986 1612 2074 1685 pec-

705 1716 873 1792 catorum,
902 1715 935 1776 et
960 1709 1064 1778 vitam
1092 1713 1263 1776 aeternam
1291 1703 1548 1799 suscipientibus
1574 1703 1674 1776 illum.

808 1822 969 1914 Populus.
1022 1821 1141 1892 Amen.

809 1937 994 2009 Sacerdos.
1047 1937 1092 2009 Ut
1118 1939 1316 2030 omnesqui
1342 1934 1406 2008 illis
1433 1933 1717 2007 communicabunt
1743 1941 1876 2009 veniam
1912 1944 2076 2042 accipiant

707 2054 900 2127 delictorum
927 2076 1077 2126 suorum:
1104 2056 1308 2125 remittantur
1333 2051 1398 2124 illis
1425 2073 1511 2146 quae
1538 2053 1730 2145 insipienter
1763 2065 1921 2144 egerunt:
1955 2056 2073 2128 infirmi

705 2176 791 2244 inter
818 2193 896 2256 eos,
924 2173 1097 2241 sanitatem
1124 2172 1303 2264 recipiant:
1330 2177 1528 2263 peccatores
1555 2189 1616 2261 per
1642 2165 1697 2238 illa
1726 2168 1964 2260 justificemur,
1993 2175 2074 2263 justi

704 2310 767 2383 per
792 2286 910 2358 eadem
938 2284 1152 2379 triumphent,
1180 2283 1304 2379 tibique
1337 2283 1480 2354 Domine
1514 2293 1548 2354 et
1578 2282 1671 2356 Deus
1697 2295 1813 2356 noster
1848 2285 2027 2377 gloriam
2017 2311 2073 2359 ru-

706 2403 895 2474 desinenter
921 2401 1087 2488 ralerant,
1115 2410 1148 2470 et
1179 2399 1264 2471 Filio
1298 2409 1354 2470 tuo
1385 2401 1577 2490 unigenito,
1612 2408 1646 2470 et
1676 2400 1810 2496 Spiritui
1838 2411 1893 2474 tuo
1926 2409 2008 2478 vivo
2042 2415 2074 2480 et

706 2529 842 2607 sancto,
869 2516 993 2612 tibique
1019 2515 1308 2625 consubstantiali,
1335 2537 1422 2587 0000
1448 2524 1511 2586 etc.

810 2634 997 2704 Diaconos
1051 2630 1265 2704 Oretana

810 2749 986 2823 Sacerdos
1020 2749 1211 2819 inclinatus.
1266 2747 1407 2820 Oramus
1435 2757 1485 2834 te,
1518 2750 1574 2840 qui
1608 2747 1703 2820 dives
1735 2770 1773 2822 as
1806 2753 1839 2820 iu
1871 2753 2073 2845 muneribus,

707 2880 741 2940 et
767 2866 1042 2964 supplicationem
1068 2863 1233 2938 offerimus
1262 2862 1336 2952 tibi,
1362 2884 1424 2958 pro
1451 2862 1607 2935 Ecclesia
1635 2874 1689 2937 tua
1715 2864 1898 2956 Catholica,
1925 2871 1959 2938 in
1985 2893 2073 2964 qua-

708 3006 848 3078 cumque
874 2970 1034 3075 regioua,
1061 2992 1097 3054 ut
1121 2990 1342 3054 conservetur
1371 2978 1498 3073 absque
1513 2979 1581 3052 ulla
1600 2985 1797 3073 agitatione:
1825 2995 1858 3056 et
1877 2997 2075 3080 propasto-

707 3101 798 3174 ribus
826 3108 860 3169 et
885 3097 1092 3193 praesulibus
1120 3101 1209 3190 ejus,
1238 3107 1274 3168 ut
1299 3099 1402 3168 vitam
1429 3095 1670 3168 sacerdotalem
1697 3102 1832 3170 vivant:
1863 3101 2073 3195 reprimequa

708 3218 750 3291 ab
790 3216 852 3287 illis
887 3214 1042 3286 iuvidiam
1085 3214 1231 3306 maligni.
1289 3213 1473 3306 Praecipue
1512 3235 1597 3285 vero
1636 3236 1699 3309 pra
1733 3212 1925 3287 Patriarcba
1958 3230 2073 3290 nostro

707 3334 850 3406 Domino
885 3332 927 3403 N.
960 3341 994 3402 01
1024 3331 1194 3427 Episcopo
1235 3339 1351 3401 nostro
1386 3319 1530 3400 Domina
1564 3329 1605 3401 N.
1642 3353 1716 3402 cum
1750 3329 1885 3425 reliquis
1923 3335 2072 3406 omuibus

662 3483 677 3504 ·
708 3448 885 3546 Episcopis
913 3446 1132 3535 Ortbodoxis,
1160 3455 1194 3517 01
1220 3445 1369 3517 concede
1394 3443 1470 3534 illis,
1497 3455 1532 3516 ut
1548 3445 1696 3518 moribus
1718 3457 1906 3519 sanctarum
1919 3450 2074 3544 Aposto-

668 3607 674 3614 ·
708 3568 832 3654 lorum,
859 3562 1025 3660 inculpate
1051 3566 1176 3635 vivam.

813 3681 963 3752 Eteonos
988 3702 1113 3750 nocem.
1166 3679 1286 3749 Pastor
1311 3677 1401 3750 bone
1428 3689 1462 3750 et
1481 3701 1577 3769 vere,
1605 3701 1786 3774 gregisque
1799 3680 1955 3772 Domine,
1980 3683 2075 3756 Pon-

709 3799 794 3872 tilex
828 3818 968 3888 magne,
1002 3795 1179 3890 legumque
1215 3794 1397 3866 divinarum
1429 3793 1535 3884 lator,
1568 3817 1734 3868 conserva
1768 3796 1955 3869 Ecclesiam
1990 3810 2074 3871 tuam

711 3913 936 4001 catholicam,
979 3935 1065 4008 quaa
1100 3935 1200 4007 super
1240 3934 1363 3984 nomen
1400 3920 1488 3982 tuum
1521 3905 1695 3984 aedificata
1727 3924 1795 3985 est:
1830 3913 1924 3986 aufer·
1960 3915 2000 3988 ab
2037 3939 2076 3989 aa

710 4030 887 4103 schismata
915 4038 948 4100 et
973 4028 1172 4116 divisiones,
1199 4026 1298 4124 imple
1325 4027 1556 4122 tranquillitate
1584 4037 1638 4100 tua
1654 4037 1770 4100 coetus
1793 4034 1876 4123 ejus,
1905 4030 1946 4101 da
1962 4055 2075 4126 pacem

710 4159 799 4219 tuam
826 4151 858 4218 in
893 4144 1062 4218 ordinibus
1098 4147 1185 4237 ejus:
1216 4143 1416 4241 triumphare
1443 4143 1503 4216 lac
1537 4165 1598 4239 per
1633 4143 1815 4216 doctrinam
1847 4147 2074 4240 Apostolicam

711 4262 884 4357 praesules
912 4263 1004 4352 ejus,
1032 4272 1066 4332 et
1091 4260 1261 4354 longaeva
1288 4271 1477 4349 senectute,
1504 4258 1717 4355 moribusque
1751 4262 1945 4356 inculpatis,
1979 4275 2075 4358 atque

712 4377 989 4465 mansuetudine,
1016 4381 1178 4451 antistites
1206 4382 1278 4470 ejus
1305 4398 1444 4449 exorna.
1498 4375 1700 4448 Sacerdotes
1736 4381 1790 4472 qui
1824 4381 1857 4448 in
1888 4364 2075 4452 111010101-

712 4503 818 4566 strant
842 4492 896 4565 lac
924 4492 1097 4566 honestate
1122 4497 1213 4564 vitae
1240 4499 1456 4589 conspicuos:
1483 4493 1643 4567 Diaconis
1671 4497 1726 4590 qui
1760 4493 1872 4569 altaris
1907 4499 1978 4588 ejus
2009 4501 2074 4568 rni-

712 4612 849 4682 uistem'o
877 4611 998 4683 addicti
1024 4622 1099 4682 sunt
1126 4610 1275 4682 concede
1301 4609 1439 4682 inbono
1460 4608 1656 4699 firmitatem,
1684 4611 1954 4706 spiritualemque
1981 4622 2075 4683 trau-

714 4726 904 4832 quillitqtem
929 4729 1109 4800 universae
1136 4730 1389 4819 congregationi
1424 4725 1565 4797 fidebam
1602 4730 1656 4822 qui
1690 4727 1751 4800 sub
1786 4731 1857 4820 ejus
1894 4731 2075 4824 patrocinio

714 4853 806 4915 snut:
834 4846 909 4937 quia
943 4853 976 4913 tu
1008 4841 1116 4915 bonus
1152 4865 1207 4931 es,
1240 4842 1363 4938 tibique
1399 4844 1556 4936 gloriam,
1591 4853 1624 4915 at
1656 4843 1787 4917 landem
1824 4843 2011 4934 offerimus,
2045 4855 2076 4916 et

712 4963 881 5052 unigenito
908 4959 994 5032 Filio
1009 4971 1098 5052 stro,
1126 4969 1160 5031 et
1184 4959 1321 5056 Spiritui
1347 4969 1413 5032 tuo.
