4730 6038
701 646 779 720 280
1205 641 1563 718 LITURGIA

700 831 817 906 lurore
843 840 877 904 et
902 835 965 921 ira,
990 840 1129 927 propter
1154 827 1389 914 multitudinem
1415 839 1629 925 peccatorum
1655 837 1858 919 nostrorum,
1886 828 1947 902 sed
1973 828 2068 925 reple

700 970 766 1021 nos
792 946 1033 1036 misericordia,
1061 955 1095 1018 et
1120 943 1388 1036 mansuetudine,
1415 953 1450 1018 at
1475 955 1628 1040 tanquam
1655 946 1757 1018 Pater
1782 946 1926 1019 liliorum
1953 951 2068 1018 amans

701 1065 838 1162 posside
863 1086 945 1136 nos:
978 1067 1055 1158 quie
1089 1085 1157 1135 non
1192 1072 1244 1135 est
1275 1059 1373 1134 nobis
1407 1062 1490 1134 alius
1515 1061 1609 1132 Deus
1642 1071 1777 1157 praeter
1805 1073 1857 1150 te,
1884 1083 1946 1159 per
1973 1081 2070 1156 quem

703 1180 843 1254 salutem
870 1201 1081 1274 quaeramus,
1107 1182 1171 1250 nisi
1198 1188 1243 1264 tu,
1272 1177 1314 1249 ad
1339 1201 1435 1272 quem
1451 1177 1557 1250 levati
1574 1186 1649 1250 sum
1665 1177 1753 1250 oculi
1769 1181 1886 1267 nostri,
1914 1187 1948 1250 et
1968 1176 2072 1249 corda

701 1307 842 1383 nostre,
869 1294 993 1390 tibique
1020 1294 1161 1387 gloriam
1188 1293 1371 1367 referemus
1398 1317 1472 1366 cunr
1499 1297 1669 1385 unigenito
1696 1291 1780 1366 Filio
1808 1305 1875 1368 tuo.

806 1411 967 1505 Populus.
1021 1412 1140 1483 Amen.

807 1528 986 1599 Diaconos
1013 1527 1098 1597 dicit
1125 1526 1296 1598 Cononem
1322 1533 1485 1620 quartum.

807 1645 982 1716 Sacerdos
1007 1643 1199 1714 inclinatus.
1252 1641 1452 1715 Benedictus
1480 1665 1518 1716 es
1543 1640 1687 1713 Domine
1714 1651 1841 1731 sancte,
1871 1651 1904 1712 et
1930 1652 2071 1715 sancto-

702 1785 775 1834 rum
803 1771 942 1850 amator,
970 1762 1025 1854 qui
1050 1761 1103 1831 vis
1130 1769 1166 1830 ut
1192 1769 1381 1832 sauctorum
1406 1769 1536 1830 tuorum
1562 1759 1744 1830 memoriae
1762 1755 1954 1852 frequenter
1971 1779 2072 1831 com-

703 1881 925 1963 municemus,
960 1879 1107 1947 maxime
1142 1886 1270 1964 autem,
1306 1885 1339 1946 et
1374 1877 1561 1970 speciatim,
1596 1872 1768 1965 gloriosae
1801 1895 1884 1969 prae
1920 1873 2072 1946 omnibus

702 1997 843 2080 sanctis,
879 1992 1027 2082 Virginis
1054 1991 1302 2081 immactdatae,
1336 2001 1537 2084 sanctaeque
1565 1989 1743 2061 Genitricis
1769 1990 1834 2061 Dei
1860 1988 2006 2074 Mariae,
2040 1999 2073 2060 et

698 2111 838 2182 loannis
866 2107 1124 2204 praedicatoris,
1157 2109 1408 2202 praecursoris,
1442 2108 1785 2200 consummatorisque
1821 2108 2071 2201 mysteriorum:

701 2225 861 2323 Stephani
875 2247 1007 2319 quoque
1022 2227 1244 2320 primogeniti,
1259 2227 1428 2319 principis,
1441 2226 1603 2318 primique
1616 2221 1815 2317 Martyrum,
1831 2244 1906 2293 cum
1921 2219 2071 2292 omnihus

701 2342 759 2415 tihi
786 2343 943 2436 acceptis.

806 2457 956 2527 Eleaans
981 2475 1106 2525 uocem.
1160 2454 1328 2525 Memento
1356 2453 1515 2540 Domine,
1550 2463 1583 2523 et
1610 2473 1726 2524 eorum
1753 2455 1807 2546 qui
1833 2475 1852 2523 a
1878 2451 1976 2524 nohis
2002 2473 2072 2522 no-

704 2577 815 2644 minati
843 2582 928 2659 sunt,
954 2570 1100 2657 Petrum,
1127 2568 1470 2662 Patriarcharumque,
1497 2572 1639 2639 omnium
1666 2568 1874 2655 Sanctorum,
1902 2579 1935 2640 et
1950 2568 2071 2640 lusto-

704 2712 788 2776 rum,
814 2685 1075 2782 Prophetarum,
1110 2696 1143 2756 et
1169 2684 1426 2780 Apostolorum,
1453 2683 1742 2772 Praedicatorum,
1768 2683 2074 2776 Evangelistarum,

704 2805 901 2900 Martyrum,
928 2812 962 2873 et
989 2799 1240 2888 Conlessorum,
1267 2802 1461 2889 Doctorum,
1490 2811 1524 2872 et
1542 2799 1871 2893 Thaumaturgorum,
1898 2802 2073 2892 Virginum

705 2909 905 3006 sanctarum,
919 2919 1166 3006 continentium,
1180 2919 1408 3008 jejunantium,
1424 2916 1675 3004 Mesochorum,
1694 2916 1941 3006 Solitariorum,
1962 2938 2072 2988 vero-

599 3087 604 3096 ,
703 3057 776 3106 rum
802 3032 963 3121 fidelium,
991 3037 1199 3128 omniumque
1225 3033 1312 3105 hene
1339 3036 1525 3125 agentium,
1552 3043 1585 3102 et
1610 3055 1673 3129 per
1698 3054 1813 3123 eorum
1840 3054 1961 3128 preces
1988 3053 2073 3128 per·
2162 3027 2165 3037 '

703 3151 826 3238 secus,
854 3159 887 3221 et
913 3150 1170 3245 supplicationes
1198 3152 1466 3244 acceptissimas,
1495 3152 1608 3243 aspice
1635 3169 1697 3220 nos
1725 3149 1822 3221 oculo
1850 3149 2072 3237 misericordi,

704 3267 863 3361 vultuque
891 3265 1078 3360 tranquillo,
1106 3276 1139 3337 et
1165 3287 1306 3354 sereno,
1332 3287 1461 3359 nosque
1488 3264 1632 3356 adjunge
1659 3263 1862 3356 agminibus,
1890 3264 2073 3352 ordinibus,

705 3397 738 3457 et
765 3385 958 3457 stationibus
986 3383 1179 3455 dilectorum
1207 3394 1353 3456 tuorum:
1380 3391 1415 3452 ut
1441 3405 1516 3452 cum
1543 3384 1609 3467 eis,
1644 3391 1678 3452 et
1704 3385 1789 3452 inter
1815 3403 1876 3454 eos
1904 3403 2006 3476 pure,
2041 3388 2074 3451 et

705 3512 819 3574 sancte
854 3500 1000 3572 dicamus
1033 3499 1189 3595 hymnum
1220 3502 1292 3571 sine
1325 3499 1389 3570 line
1424 3495 1500 3588 tibi,
1535 3507 1569 3568 et
1600 3497 1685 3568 Filio
1719 3509 1775 3569 tuo
1812 3500 2003 3588 unigenito,
2040 3507 2075 3568 et

704 3617 842 3714 Spiritui
869 3626 934 3688 tuo.
1140 3673 1141 3676 ,

807 3733 968 3824 Popnlns.
1021 3733 1140 3804 Amen.

808 3849 987 3920 Diaconos
1014 3848 1098 3918 dtett
1124 3846 1295 3918 Cononem
1322 3849 1477 3940 quinium.

808 3964 983 4035 Sacerdos
1009 3963 1200 4034 inclinatas.
1248 3961 1351 4034 Effice
1378 3962 1520 4034 Domine
1546 3961 1666 4052 dignos
1693 3959 1865 4057 voluptate
1893 3964 1990 4052 regni
2017 3965 2072 4048 tui,

704 4084 823 4155 Patres
851 4080 990 4167 electoS,
1019 4079 1241 4173 doctoresque
1267 4077 1440 4174 probatos,
1468 4089 1502 4149 et
1520 4089 1656 4151 sanctos
1669 4077 1872 4172 Episcopus,
1898 4078 2073 4168 Ignatium,

704 4200 916 4294 Dionysium,
943 4195 1076 4283 lulium,
1102 4194 1330 4283 Athanasium,
1356 4193 1527 4282 Basiliam,
1555 4194 1765 4286 Gregorium,
1788 4191 1960 4288 Cyrillum,
1986 4193 2073 4265 reli-

707 4335 858 4410 quosque
884 4334 1000 4385 omnes
1028 4311 1186 4397 Sanct0S,
1220 4314 1272 4406 qui
1307 4310 1436 4382 sortiter
1467 4319 1717 4404 pugnaverunt,
1750 4318 1782 4380 el
1808 4313 2074 4403 persecutionem

706 4434 797 4527 passi
823 4439 907 4516 sunt,
935 4450 996 4524 pro
1023 4427 1088 4500 fide
1114 4427 1268 4516 indivisa,
1296 4439 1329 4500 et
1355 4426 1568 4500 confessione
1594 4425 1784 4499 indubitata.

810 4545 960 4616 Elaeam
985 4566 1111 4617 uocem.
1163 4545 1332 4616 Memento
1359 4545 1501 4615 Domine
1529 4565 1644 4616 eorum
1672 4545 1727 4636 qui
1754 4551 1868 4614 sancte
1896 4555 1930 4616 et
1956 4542 2074 4638 splen-

708 4663 783 4734 dide
809 4661 995 4736 Ecclesiam
1023 4673 1109 4733 tuam
1144 4672 1312 4746 sanctem,
1346 4663 1505 4752 unigeniti
1536 4659 1610 4732 Filii
1641 4661 1688 4730 tui
1723 4661 1885 4749 sanguine
1920 4669 2075 4754 emptam,

708 4778 930 4864 stabilierunt,
957 4787 990 4849 et
1017 4777 1266 4850 confirmarunt:
1295 4780 1349 4871 qui
1376 4777 1497 4848 lumine
1524 4775 1717 4871 praeclaro,
1751 4785 1785 4846 et
1814 4772 1927 4845 divino
1955 4773 2075 4847 Theo-

707 4896 834 4986 logiae,
861 4892 1087 4982 adduxerunt,
1128 4905 1161 4965 et
1194 4901 1432 4966 converterunt
1466 4890 1607 4988 populos
1634 4895 1667 4962 iu
1695 4892 1840 4964 tenebris
1868 4895 2077 4980 constitutos,

709 5011 750 5082 ad
777 5010 885 5082 lucem
912 5009 1092 5102 Evangelii
1120 5008 1242 5083 Christi
1268 5012 1328 5082 tui:
1356 5012 1411 5104 qui
1438 5029 1557 5080 secure
1584 5017 1707 5096 mente,
1735 5017 1768 5078 et
1794 5009 1926 5078 siucero
1954 5007 2077 5095 animo,

707 5129 859 5201 veritatis
887 5135 963 5199 tuae
990 5148 1110 5219 cause,
1137 5126 1285 5224 pericula
1312 5127 1547 5215 sustinuerunt,
1573 5129 1773 5220 vineamque
1800 5121 2015 5221 spiritualem,
2044 5129 2079 5193 et
