4712 6032
560 472 638 548 228
1066 476 1424 554 Lll'llllllld

559 661 765 735 Testamenti
791 661 893 753 Novi,
921 663 976 756 qui
1002 683 1064 757 pro
1079 661 1191 751 vobis,
1219 673 1253 735 et
1277 687 1339 760 pro
1367 664 1476 735 multis
1500 662 1607 752 datuu,
1634 665 1678 738 ad
1704 667 1928 760 expiationem

560 775 766 867 delictorum,
793 787 827 849 et
853 780 1083 850 remissionem
1109 789 1324 874 peccatorum
1349 789 1384 852 et
1408 782 1511 853 utam
1538 789 1720 852 aeternam.

530 983 535 994 1
661 892 821 986 Populus.
848 895 967 966 Amen.

661 1006 845 1080 Sacerdos.
908 1009 1189 1104 Quotiescumque
1238 1013 1324 1082 enim
1364 1011 1558 1106 mysterium
1602 1009 1668 1083 boc
1701 1009 1929 1102 celebrabitis,

558 1127 905 1196 commemorationem
938 1127 1053 1196 mortis
1090 1135 1124 1197 et
1157 1127 1410 1197 resurrectionis
1445 1147 1542 1199 meae
1583 1126 1782 1222 perficietis,
1822 1126 1928 1199 donec
2030 1167 2034 1176 ·

535 1242 701 1312 ueniam.

662 1355 822 1448 Populus.
875 1354 992 1428 blortis
1020 1364 1106 1426 tuae.

661 1471 845 1544 Sacerdos.
897 1471 1093 1543 Memoriam
1139 1472 1240 1562 igitur
1279 1473 1408 1562 agimus
1443 1474 1550 1544 omnis
1584 1472 1713 1566 periodi
1747 1473 1927 1569 dispensa-

557 1590 656 1660 tionis
687 1598 763 1660 tuae
790 1588 957 1675 salutaris,
985 1610 1081 1682 quam
1108 1610 1170 1683 pro
1197 1575 1295 1659 nobis
1312 1584 1482 1681 perfecisti
1508 1597 1542 1658 et
1567 1587 1777 1684 complevisti
1797 1590 1929 1665 Christe

557 1706 651 1777 Deus
685 1713 810 1776 noster.
864 1703 1012 1777 Gloriam
1048 1713 1082 1774 et
1117 1703 1394 1796 magnificentiam
1427 1701 1594 1774 offerimus
1627 1702 1821 1798 benignitati
1853 1717 1929 1779 tuae

558 1843 642 1912 erga
668 1842 744 1909 uos,
771 1818 991 1915 deprecantes
1020 1829 1072 1908 te,
1103 1827 1139 1889 ut
1173 1841 1246 1890 cum
1273 1828 1413 1892 exortus
1448 1817 1552 1890 fueris
1579 1822 1613 1891 in
1640 1819 1694 1893 die
1720 1821 1777 1895 illo
1805 1826 1927 1896 novis-
2065 1809 2069 1815 ’

559 1939 665 2026 simo,
691 1934 877 2007 reddituros
904 1938 1080 2030 unicuique
1108 1933 1290 2006 secundum
1325 1956 1429 2031 opera
1456 1955 1538 2021 sua,
1573 1955 1641 2034 non
1666 1940 1699 2006 in
1728 1959 1870 2009 examen
1893 1949 1929 2011 et

557 2055 907 2122 commemorationem
935 2029 1080 2122 adducas
1106 2060 1246 2146 peccata
1273 2061 1406 2138 nostra,
1436 2048 1599 2136 Domine,
1633 2052 1707 2142 quia
1741 2051 1849 2122 nullus
1875 2060 1929 2121 est

556 2165 706 2260 perfecte
732 2169 884 2238 immunis
912 2189 931 2236 a
960 2165 1114 2236 sordibus
1140 2168 1289 2260 peccati:
1323 2164 1383 2237 sed
1408 2173 1544 2260 praesta
1570 2185 1633 2236 nos
1661 2165 1781 2257 dignos
1815 2168 1926 2260 quiete

557 2279 614 2351 illa
641 2282 819 2378 spirituali,
852 2303 949 2375 quam
976 2261 1140 2376 pollicitus
1176 2303 1214 2353 es
1249 2279 1364 2352 electis
1391 2279 1455 2351 illis
1482 2282 1557 2366 tuis,
1585 2282 1639 2374 qui
1672 2278 1818 2352 confessi
1852 2290 1927 2353 sunt

559 2401 754 2488 sanguinem
786 2409 875 2469 tuum
903 2399 1101 2490 pretiosum;
1136 2407 1170 2468 et
1204 2417 1303 2491 quam
1328 2400 1509 2492 promisisti
1535 2394 1712 2468 Ecclesiae
1740 2407 1815 2468 tuae
1842 2419 1926 2470 san-

559 2522 648 2604 ctae,
675 2491 766 2607 quae'
788 2521 986 2608 propterea,
1014 2522 1048 2583 et
1075 2515 1173 2603 juxta
1204 2511 1308 2601 baec,
1339 2533 1429 2585 voce
1463 2513 1549 2585 eluta
1586 2511 1859 2606 deprecatorie,
1895 2523 1928 2586 et

558 2651 621 2725 per
647 2639 681 2700 te
708 2639 741 2699 et
767 2639 877 2699 tecum
902 2628 1035 2699 Patrem
1062 2639 1150 2728 tuum
1178 2627 1302 2700 dicens.

661 2745 822 2837 Populus.
874 2744 1046 2816 Miserere.

661 2857 844 2934 Sacerdos.
897 2859 969 2932 Nos
997 2883 1138 2956 quoque.

660 2975 820 3068 Populus.
874 2975 925 3047 Te
951 2975 1134 3066 laudamus,
1162 2985 1224 3049 ete.

660 3092 849 3163 Diaconos.
902 3093 1010 3178 Quam
1038 3093 1182 3166 timenda
1208 3103 1260 3166 est
1285 3094 1370 3166 baec
1395 3094 1490 3184 bora,
1517 3104 1579 3166 etc.

660 3207 835 3279 Sacerdos
861 3207 1043 3278 inclinatas
1069 3207 1154 3279 dicit
1178 3209 1433 3281 lacocotioaera
1460 3209 1611 3304 Spiritus
1636 3216 1757 3284 sancti.

660 3305 824 3393 Miserere
851 3327 916 3394 mei
941 3325 1094 3414 Domine,
1121 3328 1378 3399 misereremei:
1405 3337 1439 3398 et
1450 3330 1540 3400 mitte
1567 3349 1669 3421 super
1683 3350 1739 3398 me
1764 3337 1797 3398 et
1824 3349 1924 3423 super

556 3437 617 3511 bas
645 3436 832 3511 oblationes
859 3444 1065 3535 propositus,
1092 3441 1249 3535 Spiritum
1275 3451 1366 3514 tuum
1393 3454 1558 3524 sanctum.
1584 3444 1761 3515 Dominum
1799 3452 1832 3514 et
1863 3448 1923 3515 vi-

555 3555 764 3642 vificantem,
793 3553 851 3626 tibi
885 3557 1201 3630 consubstantialem
1235 3568 1269 3629 et
1295 3567 1525 3646 coaeternum,
1551 3559 1669 3646 Pater,
1696 3567 1729 3631 et
1754 3561 1922 3650 unigenito

556 3670 641 3742 Filio
668 3681 724 3742 tuo
751 3672 895 3742 Domino
922 3680 1038 3744 nostro
1065 3673 1146 3746 Jesu
1174 3671 1325 3747 Christo:
1353 3684 1387 3745 et
1411 3674 1536 3760 habitet
1562 3674 1705 3748 innubis
1734 3685 1767 3746 et
1794 3679 1921 3748 sancti-

473 3861 482 3878 ,
554 3786 633 3858 licet
659 3785 761 3859 corda
787 3796 912 3874 nostra,

658 3902 809 3973 Eleoaas
834 3925 960 3974 vocem.
1014 3903 1146 3976 Exaudi
1172 3927 1235 3976 mc.

658 4018 820 4110 Papulas.
873 4017 978 4113 llyrie
1005 4020 1145 4110 eleison,
1171 4019 1276 4117 llyrie
1303 4020 1441 4110 eleison,
1468 4022 1574 4119 llyrie
1601 4024 1737 4098 eleison.
1794 4117 1797 4122 ,

659 4131 843 4205 Sacerdos.
896 4135 940 4207 Ut
966 4135 1148 4243 adveniens
1175 4137 1310 4228 efficiat,
1343 4160 1465 4234 panem
1491 4139 1620 4234 quidem
1654 4143 1766 4228 istum,
1800 4163 1921 4238 corpus

557 4245 679 4322 Christi
705 4248 770 4320 Dei
796 4253 910 4328 nostri.

661 4364 820 4458 Papulas.
847 4368 966 4438 Amen.

659 4477 842 4552 Sacerdos.
895 4480 939 4553 Et
964 4485 1092 4556 mistum
1120 4483 1208 4578 quod
1235 4493 1288 4557 est
1314 4487 1347 4558 in
1372 4484 1438 4558 hoc
1470 4485 1575 4559 calice
1611 4487 1729 4561 eliciat
1760 4491 1922 4581 sanguine

556 4591 678 4667 Christi
704 4596 768 4667 Dei
793 4601 909 4672 nostri.
1098 4599 1259 4694 Papalos.
1311 4603 1430 4674 Arnen.

659 4710 843 4785 Sacerdos.
896 4713 940 4785 Ut
965 4718 1071 4811 prosit
1096 4715 1160 4790 illis
1188 4715 1340 4791 omnibus
1367 4722 1422 4813 qui
1449 4741 1495 4792 ex
1521 4742 1563 4792 eo
1588 4723 1751 4818 accipiunt
1777 4730 1921 4794 etaem-

554 4824 766 4900 municabunt
794 4828 835 4901 ad
863 4834 1088 4926 expiationem
1115 4832 1328 4922 delictorum,
1361 4838 1591 4922 remissionem
1625 4847 1857 4933 peecatorum,
1889 4847 1923 4911 et

555 4946 838 5041 resurrectionem
864 4945 1075 5020 benedictam
1102 4972 1122 5020 a
1148 4953 1296 5039 mortuis,
1323 4959 1357 5022 et
1381 4955 1484 5024 vitam
1512 4961 1690 5027 aeternam.
