4728 6028
720 593 1407 672 LITURGIhPETRllI.
1668 594 1739 669 15⁷

489 781 638 853 fflcccns
662 802 788 852 cooeva.
840 781 972 854 Exaudi
999 804 1070 870 me,
1097 780 1248 855 Domine.

487 896 649 990 Popalas.
700 895 806 992 Kyrie
832 898 981 986 eleison,
1006 895 1112 992 Kyrie
1139 897 1282 986 eleison,
1308 897 1415 993 Kyrie
1442 895 1578 970 eleison.

488 1013 672 1086 Sacerdos.
724 1011 769 1084 Ut
795 1013 978 1086 adveniens
1008 1004 1023 1046 ³
1050 1012 1169 1085 efficiat
1198 1036 1317 1109 panem
1353 1011 1438 1084 huno
1471 1035 1593 1110 corpus
1627 1012 1747 1108 Christi

385 1131 449 1202 Dei
475 1132 588 1202 nostri.
794 1126 954 1220 Popalas.
1006 1113 1126 1199 Amen.

487 1245 670 1318 Sacerdos.
722 1241 766 1314 ln
792 1241 929 1314 calicem
956 1241 1050 1331 hunc,
1078 1245 1273 1336 sanguinem
1300 1242 1422 1317 Christi
1447 1244 1511 1316 Dei
1537 1252 1652 1321 nostri.

491 1361 651 1455 Populea.
691 1359 811 1431 Amen.
1699 1427 1702 1432 .

487 1477 670 1548 Sacerdos.
722 1473 767 1546 Ut
792 1477 857 1547 sint
882 1473 1197 1549 communicantibus
1224 1475 1266 1546 ad
1294 1499 1472 1573 corporum
1505 1487 1540 1548 et
1566 1480 1746 1552 animarum

385 1594 648 1666 emundationem
673 1589 715 1662 ab
743 1590 893 1666 omnibus
919 1590 1074 1682 maculis,
1105 1590 1149 1662 ad
1181 1594 1413 1683 remissionem
1446 1602 1679 1688 peccatorum,
1712 1605 1747 1668 et

384 1713 487 1784 vitam
512 1720 692 1782 aeternam.

485 1825 647 1920 Populos.
699 1825 818 1898 Amen.

483 1941 671 2014 Diaconos.
726 1938 878 2011 Oremus.

484 2056 659 2129 Sacerdos
684 2055 875 2127 inclinatas.
927 2053 1068 2150 Suscipe
1095 2053 1380 2149 deprecationem,
1413 2063 1447 2124 et
1472 2054 1743 2150 supplicationem

383 2183 548 2264 nostram,
573 2175 735 2260 Domine,
763 2180 797 2242 et
822 2169 971 2243 concede
997 2169 1262 2265 tranquillitatem
1293 2169 1418 2266 populo
1451 2179 1530 2258 tuo,
1563 2181 1597 2242 et
1627 2193 1745 2266 pacem

384 2293 481 2382 gregi
508 2300 577 2376 tuo,
603 2297 637 2360 et
663 2285 791 2360 custodi
816 2308 919 2358 ueros
945 2297 1113 2383 past-ores,
1140 2308 1213 2357 cum
1241 2282 1488 2373 Sacerdotibus,
1516 2295 1550 2357 et
1573 2287 1745 2380 Diaconis,

384 2427 580 2499 omnemque
607 2403 740 2478 Olenum
765 2401 941 2475 Ecclesiae
964 2412 1043 2476 mae
1069 2401 1201 2494 adiuva.
1442 2497 1448 2505 Ι

483 2521 636 2598 Elecoas
660 2541 786 2591 uocem.
839 2516 953 2590 Statue
979 2539 1059 2608 eos,
1085 2520 1248 2607 Domine,
1282 2516 1415 2607 lirrnos,
1446 2527 1480 2590 et
1511 2528 1683 2613 potentes:
1711 2532 1745 2594 et

351 2705 356 2720 ,
384 2637 526 2728 auxilio,
561 2649 596 2710 et
627 2633 859 2731 tranquilhtate
895 2657 980 2730 quae
1008 2657 1053 2706 ex
1079 2644 1112 2705 te
1138 2643 1214 2724 est,
1241 2634 1399 2706 conlirma
1427 2632 1520 2725 illos,
1546 2639 1591 2707 ita
1618 2647 1653 2707 ut
1679 2637 1744 2710 de-

385 2761 600 2849 precatores,
634 2763 669 2825 et
700 2754 943 2824 intercessores
976 2772 1038 2846 pro
1071 2749 1169 2823 nobis
1196 2752 1261 2823 sint
1294 2749 1380 2845 apud
1411 2759 1463 2842 te,
1498 2761 1531 2824 et
1561 2750 1744 2828 referemus

383 2866 459 2958 tibi,
486 2877 549 2940 etc.

483 2983 644 3078 Populos.
696 2981 816 3054 Ainen.

483 3098 658 3171 Sacerdos
683 3099 874 3170 inclinatas.
905 3096 1035 3170 Rursus
1061 3098 1204 3169 Domine
1232 3097 1370 3188 dignare
1397 3100 1586 3172 meminisse
1602 3101 1743 3190 illorum,
1883 3095 1893 3121 ⁸

383 3219 436 3312 qui
461 3225 706 3311 praeceperunt
730 3211 827 3286 nobis
854 3223 890 3286 ut
915 3233 1079 3286 memores
1106 3233 1222 3284 eorum
1257 3233 1424 3304 essemus,
1457 3225 1491 3286 et
1525 3237 1641 3288 eorum
1676 3221 1743 3313 qui,

381 3354 455 3404 cum
481 3331 604 3403 offerre
629 3329 765 3417 vellent,
791 3352 858 3401 non
884 3337 1070 3424 potuerunt.

483 3448 634 3518 Eleacas
659 3468 784 3518 nocem.
837 3443 1003 3517 Memento
1031 3445 1129 3515 etiam
1155 3442 1297 3515 Domine
1329 3465 1444 3516 eorum
1477 3448 1532 3540 qui
1557 3445 1742 3520 Ecclesiam

381 3573 470 3635 mam
496 3572 645 3636 sanctam
672 3561 844 3654 adjuvant:
872 3572 946 3633 esto
974 3562 1023 3631 eis
1050 3556 1217 3630 latibulum
1245 3567 1278 3630 et
1304 3558 1421 3632 domus
1437 3559 1568 3653 refugii,
1594 3559 1741 3636 liberans

382 3701 442 3752 eos
469 3677 511 3752 ab
539 3682 628 3751 omni
655 3678 850 3751 daemonum
876 3675 1108 3771 hominumque
1133 3697 1275 3770 nequam
1309 3674 1565 3763 machinatione,
1601 3678 1676 3771 quia
1708 3689 1743 3750 tu

381 3794 538 3868 Salvator
563 3819 602 3867 es
629 3798 791 3884 omnium,
816 3803 851 3865 et
876 3792 934 3865 tibi
960 3790 1120 3884 gloriam,
1147 3803 1181 3864 et
1204 3789 1336 3880 laudem
1361 3791 1547 3883 referimus,
1575 3803 1637 3864 etc.

482 3911 642 4004 Papulas.
694 3912 814 3984 Amen.

482 4025 656 4098 Sccerdce
682 4027 874 4098 inclinatas.
911 4023 1076 4096 Memento
1096 4023 1238 4096 Domine
1256 4020 1388 4114 Regum
1404 4021 1592 4116 ίίἀοΠιιῐη,4
1619 4036 1652 4097 et
1671 4029 1740 4098 im·

379 4146 469 4218 mitte
496 4142 652 4216 cordibus
678 4165 804 4230 eorum,
820 4140 959 4214 consilia
984 4139 1123 4237 pacifica
1151 4143 1239 4213 circa
1264 4141 1419 4235 populum
1446 4153 1543 4214 tuum.

481 4261 633 4332 Elmaas
656 4282 781 4331 uocem.
832 4255 977 4330 Mentem
1004 4280 1118 4330 eorum
1147 4259 1202 4352 qui
1228 4278 1371 4349 regnare
1397 4281 1585 4354 supernos
1612 4260 1740 4351 volunt,

379 4371 434 4446 lac
453 4377 596 4448 Domine
617 4374 808 4472 pacificam,
838 4383 872 4448 et
890 4373 931 4446 ab
952 4372 1136 4445 invidorum
1154 4371 1361 4467 hostiumque
1377 4372 1525 4446 manibus
1543 4396 1605 4446 nos
1619 4374 1740 4448 libera:

379 4499 414 4562 ut
439 4490 626 4565 referamus
654 4490 732 4582 tibi,
759 4501 822 4564 etc.
873 4503 884 4536 ⁸

481 4608 643 4701 Populos.
694 4609 813 4719 Amen.

481 4723 656 4796 Sacerdos
681 4725 873 4796 inclinatas.
900 4723 1021 4794 Iterum
1046 4722 1189 4794 Domine
1215 4721 1354 4814 dignare
1379 4723 1570 4794 meminisse
1592 4721 1740 4814 Virginis

380 4849 516 4912 sanctae
542 4839 689 4932 Mariae,
722 4851 757 4912 et
786 4863 860 4912 cum
887 4862 928 4912 ea
956 4841 1099 4912 omnium
1131 4835 1388 4932 Prophetarum,
1421 4847 1455 4908 et
1485 4837 1738 4932 Apostolorum:

379 4976 454 5028 cum
478 4955 694 5052 Martyribus,
722 4966 756 5030 et
782 4954 1059 5046 eomessoribus,
1085 4953 1285 5049 reliquisque
1311 4951 1461 5026 omnibus
1488 4955 1619 5026 sanctis.

1447 5072 1496 5146 23
1516 5071 1534 5106 ⁴*
