4712 6032
530 567 1488 648 s.t0nttutscnttlsosu0n1.
1572 572 1692 645 ·251

327 757 457 845 gratiae
482 765 577 845 tuae,
603 777 709 852 usque
735 755 777 828 ad
804 755 945 848 gloriam
973 755 1047 827 solii
1066 758 1161 846 regni
1176 757 1233 841 tui.
1261 777 1426 851 pureque,
1454 768 1583 846 sancte,
1609 757 1697 831 facie

326 871 494 962 revelata,
522 881 655 944 etcum
681 870 799 943 liducia
825 875 858 942 in
886 880 918 942 te
945 881 1069 944 stemus
1097 893 1211 942 coram
1238 882 1287 954 te,
1323 880 1356 942 et
1382 872 1606 964 glorificemus
1641 885 1695 946 te:

328 996 426 1081 atque
452 987 572 1079 linguis
601 987 804 1060 exultatione
832 996 865 1058 et
891 986 1013 1079 gaudio
1047 985 1169 1080 plenis,
1203 990 1386 1059 orationem
1419 988 1506 1060 illam
1540 1013 1695 1082 maguam

328 1111 362 1173 et
388 1102 601 1191 dominicam,
638 1127 734 1200 quam
767 1107 955 1196 unigenitus
981 1102 1083 1176 Filius
1118 1113 1192 1175 tuus
1225 1104 1410 1199 Apostolos
1444 1125 1524 1177 suos
1559 1114 1695 1178 sanctos

328 1216 455 1302 docuit,
481 1223 659 1292 recitemus
686 1230 720 1291 ct
746 1220 902 1320 dicamus.
955 1219 1056 1290 Pater
1081 1229 1197 1290 noster
1224 1225 1280 1315 qui
1306 1243 1344 1293 es
1370 1223 1403 1290 in
1429 1220 1544 1293 coelis.

430 1334 591 1428 Papulas.
644 1335 891 1423 Sanctificetur,
919 1346 981 1430 etc.

430 1449 613 1522 Sacerdos.
666 1453 809 1524 Domine
835 1455 1025 1524 misericors
1051 1473 1208 1543 rogamus
1236 1463 1269 1523 te
1305 1463 1338 1523 et
1374 1451 1592 1549 deprecamur
1625 1455 1695 1524 mi·
1743 1448 1746 1454 ’

326 1562 541 1639 sericordiam
568 1571 673 1639 tuain:
700 1577 835 1662 praesta
861 1569 958 1639 nobis
995 1566 1146 1640 omnibus
1181 1591 1243 1662 per
1277 1572 1417 1659 gratiam
1445 1580 1550 1656 tuam,
1591 1579 1625 1640 ut
1660 1572 1695 1640 in

325 1681 422 1754 uobis
448 1669 580 1756 'infimis
624 1695 657 1754 et
689 1688 845 1772 terrenis,
889 1683 1110 1756 sanctificetur
1152 1707 1273 1757 nomen
1315 1693 1405 1756 tuum
1445 1684 1627 1776 gloriosum
1660 1692 1695 1754 ct

326 1809 490 1872 sanctum:
518 1809 551 1872 et
576 1804 691 1872 veniat
715 1823 855 1893 regnum
891 1811 998 1890 mum,
1038 1801 1081 1871 ad
1117 1800 1273 1872 auxilium
1306 1800 1498 1872 infirmitatis
1534 1808 1693 1886 nostrae;

325 1919 577 2011 requiescatque
603 1917 756 1988 voluntas
782 1926 836 1990 tua
864 1928 898 1990 ct
923 1921 1175 2011 permanentia
1203 1917 1374 1990 animabus
1401 1919 1540 2001 nostris,
1569 1938 1692 2011 quem
1766 1925 1770 1940 ⁴

326 2031 501 2103 admodum
539 2036 572 2103 in
610 2031 813 2106 exercitibus
846 2037 968 2106 sanctis
1004 2042 1038 2104 ct
1072 2033 1283 2107 coelestibus.
1336 2033 1459 2105 Libera
1495 2037 1594 2104 etiam
1628 2052 1691 2103 nos

324 2145 486 2235 Domine,
527 2148 568 2221 ab
602 2148 752 2220 omnibus
788 2150 1022 2222 tentationibus
1056 2147 1285 2240 gravioribus,
1313 2173 1399 2246 quae
1432 2153 1525 2220 vires
1558 2154 1691 2218 nostras

325 2275 494 2358 superent:
529 2273 562 2335 et
588 2268 681 2359 cripe
708 2265 904 2337 adoratores
940 2275 1013 2337 tuos
1048 2263 1089 2336 ab
1123 2266 1273 2338 omnibus
1306 2264 1528 2339 molitionibus
1563 2273 1597 2334 et
1632 2266 1689 2334 in-

325 2379 417 2452 sidiis
443 2383 640 2476 perniciosis
668 2378 806 2453 diaboli:
834 2384 909 2477 quia
937 2391 1025 2453 tuum
1053 2391 1105 2452 est
1130 2403 1298 2473 regnum,
1317 2393 1350 2454 et
1375 2391 1524 2476 potestas
1551 2391 1585 2452 ct
1610 2381 1690 2452 lau-

324 2494 428 2584 datio,
457 2497 616 2592 simulque
642 2499 801 2588 unigeniti
824 2497 900 2568 Filii
926 2502 990 2588 tui.
1018 2507 1051 2569 ct
1077 2500 1209 2594 spiritus
1236 2502 1284 2571 tui
1310 2501 1517 2571 sanctissimi.

426 2611 586 2705 Poprdas.
639 2615 758 2685 Amen.

427 2725 612 2799 Sacerdos.
667 2728 750 2800 Pax.

427 2843 585 2937 Populus.
612 2843 656 2916 ta
682 2867 755 2916 cum
783 2848 896 2941 spiritu
925 2856 991 2918 tuo.

426 2959 613 3032 Diaconos.
666 2962 809 3033 Domino
838 2965 946 3056 capita
973 2971 1087 3036 nostra
1114 2960 1319 3034 inclinemus.

430 3076 589 3170 Papulas.
643 3076 766 3150 Coram
794 3088 835 3148 te.

424 3193 606 3265 Sacerdos.
659 3193 801 3266 Domine
826 3193 919 3265 Deus
952 3194 1040 3267 bone
1074 3204 1108 3265 et
1140 3205 1268 3266 amator
1300 3194 1483 3282 bominum,
1524 3199 1686 3292 propitius

322 3321 355 3382 et
380 3309 500 3383 multae
526 3309 789 3399 misericordiae,
818 3314 950 3404 respice
975 3309 1050 3382 illos
1079 3332 1195 3382 omues
1222 3314 1277 3406 qui
1310 3310 1550 3384 inclinavcmnt
1576 3315 1686 3408 capita

321 3449 381 3499 soa
414 3447 526 3498 coram
553 3428 727 3518 majestate
757 3436 830 3514 tua,
859 3436 893 3496 et
922 3422 1128 3498 benediciis
1163 3425 1395 3498 benedictione
1426 3435 1481 3498 tua
1514 3427 1685 3522 spirituali,

321 3552 355 3614 et
395 3541 600 3615 inauferibili.
659 3541 777 3637 Neque
818 3541 961 3636 repellas
998 3565 1061 3614 nos
1096 3542 1256 3630 Domine,
1296 3565 1370 3613 cum
1407 3542 1595 3614 accedimus
1641 3545 1684 3619 ad

320 3669 434 3730 sancta
462 3671 517 3732 tua
545 3658 655 3730 divina
683 3670 715 3730 ct
746 3658 957 3729 immortalia:
992 3680 1101 3754 noque
1134 3660 1233 3731 simus
1266 3661 1315 3730 rei
1349 3662 1500 3754 corporis
1532 3669 1565 3731 ct
1598 3680 1684 3731 san-

319 3777 437 3866 guinis
453 3778 611 3866 unigeniti
637 3773 712 3846 Filii
737 3777 783 3846 tui
809 3796 870 3868 per
896 3774 1117 3866 cogitationes
1144 3775 1280 3847 odiosas
1308 3774 1456 3847 cordium
1476 3785 1683 3866 nostrorum;

319 3889 378 3962 sed
405 3910 479 3962 oum
505 3892 658 3986 puritate,
685 3901 719 3961 et
745 3889 871 3985 absquo
890 3890 1017 3963 macurla
1038 3890 1157 3982 dignos
1183 3889 1236 3962 lac
1262 3890 1524 3964 communicandi
1549 3900 1684 3988 myste-

319 4009 376 4078 riis
403 4009 466 4078 tuis
493 4010 634 4096 sanctis,
661 4005 880 4095 coelestinus,
906 4006 1049 4079 viviticis
1082 4017 1116 4078 et
1147 4005 1364 4080 terribilibus:
1397 4019 1496 4103 atque
1529 4028 1590 4101 per
1626 4007 1683 4083 illa

319 4145 482 4194 consecra
512 4128 637 4195 animas
663 4133 797 4195 nostras
825 4132 859 4194 et
885 4145 1030 4218 corpora
1057 4133 1171 4196 nostra
1197 4128 1230 4196 in
1257 4122 1475 4196 habitaculum
1503 4123 1682 4196 divinitatis

317 4249 410 4331 tuae,
438 4251 471 4312 et
496 4239 681 4312 referemus
707 4238 765 4312 tibi
793 4237 944 4331 gloriam.

420 4356 580 4449 Populos.
631 4357 750 4429 Amen

420 4471 604 4543 Sacerdos.
631 4472 715 4544 Pax.

281 4643 288 4654 .
421 4587 580 4680 Populea.
632 4586 776 4660 Etcum
802 4591 917 4682 spi'tu
945 4596 1010 4660 tuo.

318 4719 322 4726 '
419 4703 603 4775 Sacerdos.
656 4704 833 4778 Miscerioo
887 4727 928 4776 ae
954 4707 1028 4777 Dei.

419 4819 579 4913 Papulas.
606 4818 748 4894 Etcum
775 4823 890 4915 spiritu
916 4832 983 4894 tuo.

376 5013 380 5022 ,
418 4937 605 5009 Dinaeam.
660 4937 743 5012 Cum
776 4939 903 5010 timore.

354 5075 438 5119 Tomi!
450 5074 474 5119 ΙΙ.
