4728 6028
622 583 673 658 tlt
706 581 989 660 titulatis
1024 579 1298 660 stallatis,
1588 583 1636 658 at

278 767 350 854 getii
372 767 474 831 Lucae
496 783 562 848 cap.
586 763 640 829 22.
662 787 691 829 v.
715 765 767 830 20.
788 762 888 830 τοῦτο
915 753 955 827 τὸ
984 756 1157 852 πσιὴριοι,
1191 756 1212 850 ἦ
1240 755 1335 852 καινὴ
1363 753 1509 853 διαθήκη
1534 757 1568 831 ἐν
1596 764 1642 850 cq'

279 859 395 944 αἵματι
416 885 483 946 μου
504 856 545 928 cd
566 855 651 950 help
672 853 764 944 ὑμῶν
784 851 1000 943 ἐκχυνόμειιιι.
1043 866 1101 929 liic
1122 866 1208 928 colico
1228 885 1338 929 novom
1360 873 1566 931 testommhm
1587 875 1643 943 eat,
1695 931 1696 934 ,

278 967 310 1028 ira
330 983 398 1028 meo
418 966 585 1046 scamium·
606 967 659 1045 pai
679 963 792 1038 (calix)
803 983 864 1044 pro
878 963 967 1025 uobis
979 961 1140 1044 oppanditur
1160 966 1192 1026 io
1213 967 1419 1028 remissivum
1436 975 1642 1045 peccatorum.

278 1065 323 1128 Ea
344 1063 438 1127 verba
460 1063 498 1127 ad
522 1063 646 1126 calicem
668 1062 777 1125 reterri
799 1061 984 1125 manifestum
1006 1071 1072 1141 est,
1100 1081 1200 1145 neque
1231 1063 1262 1126 id
1291 1081 1405 1148 negare
1433 1065 1514 1128 Rene
1536 1069 1643 1148 potuit,

279 1165 334 1228 sed
346 1163 588 1245 soloecophanes
600 1163 665 1225 vult
676 1180 757 1240 esse,
779 1169 812 1224 ιιι
833 1161 871 1224 ad
893 1161 1071 1245 sanguinem
1093 1161 1254 1242 referatur,
1277 1171 1328 1226 aut
1350 1164 1503 1228 emendari
1525 1183 1644 1230 sacrum

278 1261 432 1340 Codicem,
455 1271 559 1326 contm
582 1261 796 1343 exemplarium
819 1261 948 1323 omnium
969 1260 1071 1325 iidem:
1095 1269 1176 1326 tanta
1191 1263 1512 1344 estseripturariorum
1525 1265 1645 1328 illorum

278 1362 399 1446 rebgio.
443 1361 484 1424 At
506 1379 600 1440 uero,
629 1369 662 1424 ut
691 1361 729 1424 de
750 1361 867 1424 Latinis
896 1357 1081 1442 Graecisque
1104 1360 1268 1444 'theologis
1291 1369 1456 1440 taceamus,
1487 1365 1539 1446 qui
1567 1363 1644 1429 haec

278 1461 373 1524 verba
396 1458 434 1523 ad
456 1460 580 1523 calicem
601 1459 755 1538 relerunt,
785 1459 955 1522 Orientales
977 1459 1086 1522 rituum
1107 1459 1309 1541 interpretes,
1333 1461 1506 1526 effusionem
1530 1463 1644 1542 calicis,

279 1577 338 1641 qua
360 1558 553 1624 adumbretur
575 1567 607 1622 et
628 1565 875 1641 repraesentetur
897 1557 1114 1638 quodammodo
1130 1559 1236 1623 ellhsio
1248 1562 1402 1643 sanguinis
1414 1561 1534 1642 Christi,
1546 1565 1646 1648 sigm-

278 1659 363 1722 beari
384 1665 542 1722 testantur.
587 1657 671 1745 Unda
694 1664 815 1722 monent
837 1657 958 1721 Gabriel
979 1657 1203 1722 Alexandrinus
1226 1660 1397 1724 Patriarcha
1419 1662 1531 1740 etalii,
1553 1671 1587 1726 ιιι
1609 1683 1646 1727 eo

279 1759 346 1820 loco
367 1758 522 1820 Sacerdos
544 1757 668 1819 calicem
689 1758 794 1820 ieviter
814 1758 949 1833 ambiret,
979 1759 1022 1820 od
1042 1756 1215 1839 effosionem
1236 1761 1393 1840 soopaabaia
1415 1759 1528 1824 Christi
1544 1765 1647 1844 siqni-
1748 1773 1753 1779 “

278 1859 440 1936 mondum.
485 1855 588 1937 ltaque
618 1875 658 1918 ex
687 1855 805 1918 illorum
835 1857 997 1936 sententia,
1027 1873 1138 1938 corpus
1162 1855 1274 1920 Christi
1295 1859 1375 1939 quod
1397 1860 1427 1922 in
1445 1859 1647 1939 ,Sacramenta

278 1954 447 2037 frangitur,
479 1963 526 2017 est
546 1955 649 2035 punis,
680 1972 751 2017 mox
773 1954 890 2017 hrturus
913 1972 1025 2038 corpus
1049 1955 1173 2020 Christi:
1209 1955 1338 2040 Sanguis
1367 1961 1437 2022 noui
1466 1959 1648 2024 Testamenti

280 2055 331 2136 qui
345 2053 517 2129 effunditur,
528 2054 629 2116 vinum
642 2061 690 2116 est
704 2053 790 2117 calici
803 2054 943 2134 inlusum,
958 2073 1030 2117 mox
1039 2055 1275 2118 convertendum
1288 2057 1318 2118 in
1335 2060 1511 2142 sanguinem
1526 2059 1647 2124 Christi.

281 2153 339 2226 Qui
362 2154 455 2235 igitur
476 2152 571 2217 verba
592 2153 649 2214 ista
670 2142 709 2216 cd
733 2141 816 2238 ὑπὲρ
838 2143 928 2238 ἡμῶν
949 2139 1124 2244 κλώμενοι,
1157 2161 1208 2218 aut
1229 2161 1263 2216 ut
1284 2155 1350 2218 aliis
1372 2157 1403 2219 in
1425 2157 1568 2241 liturgiis
1590 2160 1647 2223 ba·-
1767 2227 1770 2234 κ

279 2253 371 2317 betur
391 2241 636 2331 θουπτόμενον,
660 2250 792 2314 tollenda
815 2261 885 2316 sunt
915 2253 1066 2333 arbitrati,
1089 2271 1149 2317 non
1170 2254 1259 2318 modo
1282 2255 1444 2320 hodiernos
1461 2257 1647 2324 Christianos

282 2350 463 2429 orientales,
485 2350 541 2414 sed
563 2357 654 2414 totam
676 2351 844 2416 Ecclesiam
856 2351 1040 2416 Orientalem
1054 2361 1085 2416 et
1098 2353 1320 2418 Occidentalem
1335 2355 1546 2436 condemnant,
1569 2377 1647 2438 quae

282 2451 339 2514 illis
361 2468 417 2514 usa
440 2457 497 2529 est,
519 2457 626 2512 autore
649 2449 740 2513 Paulo
763 2449 914 2532 Apostolo
936 2453 987 2533 qui
1010 2452 1115 2516 eadem
1137 2451 1248 2532 refert,
1271 2463 1303 2518 et
1326 2453 1486 2519 Corinthiis
1509 2457 1647 2523 inculcat.

282 2550 419 2631 Namqui
441 2567 477 2612 ea
499 2548 594 2612 torma
617 2549 780 2613 uerborum
802 2569 861 2614 non
883 2551 1159 2631 utebanturhatini,
1183 2551 1308 2617 Graecis
1331 2555 1444 2618 crimen
1465 2573 1526 2620 non
1548 2557 1648 2638 impe-

283 2657 410 2733 gerunt,
432 2649 521 2712 etiam
544 2667 612 2712 cum
632 2648 706 2712 nihil
727 2667 824 2731 prope
847 2652 877 2714 in
900 2649 1056 2733 disciplina
1081 2668 1204 2733 eorum,
1228 2653 1317 2736 rigidi
1340 2671 1484 2718 censores
1506 2655 1649 2720 intactum

282 2749 492 2832 praeterirent.

368 2846 511 2927 Sequitur
532 2845 628 2910 iorma
650 2846 850 2911 benedicendi
872 2849 992 2925 calicis,
1015 2867 1102 2932 qnam
1126 2849 1262 2913 similiter
1284 2850 1447 2915 immutavit
1469 2851 1560 2916 editio
1582 2851 1648 2916 llo·
1695 2853 1788 2907 Forma
1799 2852 1972 2908 benedicendi

283 2963 369 3008 mana
392 2945 522 3008 blissmis
544 2945 706 3025 Chaldaici,
729 2955 762 3008 ιιι
782 2946 907 3010 Latinae
929 2946 1075 3014 formulae
1098 2948 1266 3030 syllabatim
1288 2951 1500 3032 responderet,
1522 2952 1648 3034 adjectis
1660 2939 1756 2992 ⁰⁸5⁰ss

282 3041 339 3106 ills
363 3045 477 3122 uerbis,
500 3045 673 3128 clysterem»
692 3047 775 3126 fidei,
797 3064 875 3127 quae
897 3065 958 3111 non
979 3047 1069 3111 modo
1091 3050 1123 3111 in
1136 3048 1262 3112 Graecis
1283 3058 1334 3112 aut
1356 3049 1557 3115 Orientalibus
1580 3052 1649 3116 ullis

283 3142 425 3226 liturgiis
446 3161 508 3206 non
529 3143 686 3222 hahentur,
710 3144 764 3208 sed
788 3164 887 3227 neque
909 3149 939 3208 in
953 3148 1047 3210 llissa
1061 3148 1249 3212 hlosarabica
1271 3149 1522 3214 etAmbrosiana.
1545 3149 1649 3214 beatio

284 3259 372 3322 quam
393 3243 599 3324 expressimus
622 3245 816 3308 confirmatur
834 3247 994 3310 autoritate
1007 3246 1080 3310 llss.
1097 3246 1241 3318 Codicum
1263 3249 1315 3329 qui
1336 3248 1408 3312 illud
1430 3241 1553 3313 ἔδωκεν
1575 3240 1651 3334 ἡμῖν

283 3341 353 3416 τοῖς
374 3329 479 3405 αὐτοῦ
499 3341 678 3426 μαθηταῖς.
715 3343 809 3406 Dedit
827 3344 915 3407 ochis
936 3346 1093 3424 dissipatis
1113 3347 1192 3420 suis,
1221 3345 1302 3427 quod
1332 3345 1444 3428 legitur
1473 3349 1503 3410 in
1531 3347 1650 3412 Graeco

285 3449 379 3520 textu
402 3459 461 3504 non
485 3450 660 3524 agnoscunt„
700 3440 801 3505 Verba
823 3451 921 3508 autem
944 3442 1006 3522 illa,
1029 3443 1067 3506 ad
1089 3445 1233 3525 majorem
1254 3445 1408 3527 Liturgiae
1430 3445 1650 3529 Hierosolymi-

283 3547 371 3604 tanae
395 3540 570 3625 dignitatem
592 3541 831 3624 comparandam,
854 3561 894 3606 ex
916 3542 1185 3606 Constitutinnibus
1198 3542 1392 3608 clementinis
1414 3544 1559 3608 translata
1581 3565 1651 3610 esse

284 3641 447 3706 verisitnila
469 3641 606 3718 videtur;
628 3642 798 3725 lectumque
820 3643 851 3706 id
873 3645 971 3708 sarius
994 3642 1185 3728 intelligitur,
1213 3661 1280 3706 cum
1309 3644 1424 3726 Syriaci
1448 3643 1577 3708 Codices
1603 3647 1651 3708 si-

283 3741 353 3804 mile
375 3740 446 3804 nihil
468 3741 652 3805 contineant.

370 3837 500 3904 Codices
524 3839 720 3925 Aegyptiaci,
751 3840 832 3922 quod
861 3841 931 3905 alibi
960 3848 1094 3905 notatum
1115 3851 1179 3921 est,
1205 3850 1239 3906 ut
1267 3845 1357 3906 etiam
1378 3845 1550 3909 Nestoriani
1571 3845 1649 3929 adJi·

285 3939 366 4002 ciunt
379 3939 537 4002 Gestavit:
558 3947 591 4003 et
605 3940 739 4022 quamuis
753 3939 822 4022 Syri
834 3941 990 4006 Jacobitae
1014 3943 1044 4004 in
1066 3942 1140 4021 suis,
1163 3942 1256 4025 nubo
1278 3942 1329 4006 illa
1351 3944 1445 4008 verba
1467 3963 1529 4008 non
1550 3961 1651 4027 agno-

285 4045 385 4116 scant,
415 4055 474 4100 nec
500 4040 579 4102 enim
608 4046 711 4102 antam
738 4041 796 4102 nisi
829 4041 860 4102 in
889 4041 1024 4123 liturgia
1052 4039 1189 4106 Dioscori
1226 4041 1456 4123 Gordiaeensis,
1487 4051 1518 4107 et
1547 4045 1650 4126 paucis

286 4137 362 4217 aliis,
385 4144 484 4200 minen
507 4136 657 4202 Christum
679 4136 780 4202 edisse
802 4147 833 4202 et
854 4139 967 4204 bibisse
990 4159 1032 4204 ex
1054 4158 1184 4222 corpore
1207 4149 1238 4204 et
1259 4143 1406 4226 sanguine
1428 4160 1484 4206 suo
1507 4143 1651 4207 ahirmant

286 4235 466 4300 Orientales.
511 4237 646 4302 videnda
667 4256 745 4320 quae
767 4238 922 4302 retulhnus
945 4259 985 4303 ex
1006 4238 1170 4306 Barsalibio
1193 4250 1224 4304 et
1250 4241 1333 4320 aliis,
1364 4240 1583 4306 Commentario
1612 4245 1650 4309 ad
1720 4249 1762 4298 .2
1799 4285 1807 4300 ·

284 4333 386 4400 Basilii
408 4335 581 4418 hiturgiam.

371 4435 473 4499 Verba
495 4433 605 4499 Christi
627 4436 863 4516 sacramentalia,
887 4455 947 4502 uno
970 4447 1076 4502 tenore
1098 4440 1329 4520 pronuntiantur
1358 4457 1377 4500 a
1406 4437 1572 4504 Sacerdote
1594 4459 1651 4506 ce·

287 4530 440 4613 lebrante,
463 4552 520 4598 nec
542 4535 572 4598 iu
596 4536 724 4618 anhquis
748 4535 908 4601 Codicibus
929 4546 981 4602 aut
1001 4539 1220 4602 recentioribus
1242 4538 1469 4617 humanatae,
1491 4540 1651 4606 dilhnditur

286 4635 406 4698 illorum
419 4635 558 4698 recitatio
569 4636 738 4716 perrimeu,
756 4644 808 4700 aut
820 4655 876 4719 per
883 4637 1112 4703 Confessionem
1124 4637 1203 4715 fidei,
1215 4638 1293 4700 sicut
1307 4638 1338 4700 in
1351 4636 1484 4718 Copticis
1495 4639 1650 4724 Liturgiis.

287 4734 414 4798 Tantum
436 4742 507 4816 post
528 4734 630 4798 ultima
652 4753 730 4817 quae
752 4753 846 4818 super
872 4737 996 4800 calicem
1023 4737 1148 4801 dicenda
1175 4744 1260 4815 sunt,
1289 4736 1419 4818 populus
1448 4737 1520 4802 dicit
1544 4740 1649 4821 Arcera,

286 4841 320 4896 ut
341 4835 371 4896 in
395 4835 511 4897 Graeca
534 4833 668 4919 Limrgia
689 4832 805 4914 iacobi,
829 4843 860 4897 et
878 4835 947 4898 aliis
969 4835 1103 4918 ejusdem
1124 4836 1259 4920 linguae.

372 4933 558 4998 Elevationis
580 4933 786 4997 Eucharistiae
808 4934 957 4998 hocloco
979 4936 1089 4998 mentio
1116 4934 1195 4998 nulla
1224 4944 1289 5014 est,
1319 4955 1385 5002 cum
1414 4939 1474 5001 ritu
1505 4936 1650 5002 Orientali
1696 4949 1815 5004 ιιιοιιιιο
1839 4950 1889 5004 hoc
1913 4951 1972 5006 loco

287 5049 347 5095 non
370 5032 431 5110 bat,
453 5033 511 5097 nbi
533 5049 601 5096 cum
624 5032 742 5114 dicitur,
765 5031 880 5098 Sancto
901 5035 1030 5113 soncos,
1053 5034 1143 5115 paulo
1166 5042 1235 5099 anta
1258 5035 1513 5120 communionem,
1536 5045 1569 5102 ut
1591 5037 1714 5100 oh-uou
1731 5037 1759 5090 fit
1775 5038 1802 5090 in
1820 5033 1934 5092 oriente
