4730 6038
673 539 874 618 SEVERI
912 539 1279 620 lnilocflnvt
1591 547 1667 621 329

289 727 415 814 nitatis,
450 747 549 820 quam
584 745 706 818 magna
737 733 790 796 est
822 724 1011 799 sollicitudo
1045 733 1101 798 tua
1136 737 1297 822 patema,
1331 740 1487 824 quamam
1522 730 1666 827 pelagus

290 843 420 932 mattae
446 851 524 913 tuae
550 862 634 913 vere
661 842 760 914 ctiam
787 839 847 914 tibi
873 841 1016 934 gloriam
1042 840 1218 916 referimus
1245 854 1279 915 et
1296 846 1466 936 unigenito
1493 844 1578 918 Filio
1597 857 1665 919 tuo.

393 956 579 1030 Sacerdos.
632 957 716 1028 Pax.

394 1072 555 1166 Populos.
608 1071 653 1144 itt
679 1094 754 1144 eum
779 1075 896 1166 spiritu
922 1079 988 1145 tuo.

397 1187 583 1260 Sacerdos.
636 1189 779 1260 Domine
805 1188 898 1260 Dans
925 1190 1097 1282 spirituum
1125 1197 1158 1259 et
1185 1192 1291 1262 onrnis
1319 1192 1447 1277 carnis,
1476 1193 1531 1284 qui
1557 1189 1669 1264 fecisti

290 1323 353 1378 nos
381 1304 501 1395 dignos
529 1307 762 1377 communione
787 1304 852 1376 hae
880 1303 1009 1391 divina,
1037 1314 1070 1376 et
1097 1308 1311 1399 susceptione
1345 1307 1476 1397 gratiae
1503 1316 1598 1392 tuae,
1632 1317 1668 1380 tu

292 1438 408 1491 omnes
443 1441 564 1491 sensus
589 1431 771 1493 nostrosa
807 1417 1007 1491 mortalitate
1042 1423 1234 1514 passionum
1268 1418 1392 1492 libera:
1426 1430 1533 1493 statue
1566 1426 1666 1494 etiam

289 1533 354 1608 illis
380 1537 533 1631 principii
558 1539 636 1608 vice
662 1539 812 1607 timorem
840 1545 930 1607 tuum
957 1545 991 1606 at
1017 1544 1162 1606 mentem
1188 1536 1390 1607 interiorem.
1447 1534 1571 1608 Oculus
1586 1535 1666 1608 nihil

291 1647 495 1722 obscoenum
523 1655 678 1746 aspiciat:
714 1650 844 1724 auditus
871 1671 939 1722 non
971 1659 1085 1745 pateat
1121 1649 1237 1722 verbis
1272 1653 1411 1738 otiosis,
1447 1659 1481 1721 et
1514 1649 1665 1723 cantibus

289 1765 436 1838 lascivis.
489 1765 597 1838 Labie
623 1776 739 1838 nostra
767 1788 853 1860 quae
880 1775 913 1837 te
944 1764 1142 1858 glorificant,
1171 1763 1324 1860 purifica:
1361 1765 1454 1837 ellice
1488 1775 1523 1836 ut
1548 1789 1666 1840 manus

290 1891 426 1954 nestrae
454 1879 641 1954 abstineant
667 1880 709 1952 ab
738 1882 896 1976 operibus
924 1884 1109 1974 nequitiae,
1137 1889 1170 1951 et
1197 1891 1360 1954 extensae
1387 1883 1452 1952 sint
1472 1881 1515 1954 ad
1528 1885 1665 1955 miseri·

292 1995 440 2068 cordiam
467 1998 719 2093 praestandam3
753 2017 894 2088 gressus
920 2005 1055 2068 nostros
1082 2008 1200 2068 averte
1233 2019 1253 2066 a
1290 1999 1416 2070 semitis
1452 2001 1597 2090 pcccati,
1633 2009 1668 2070 at

291 2112 333 2184 ad
360 2133 493 2186 cursum
520 2111 701 2206 Evangelii
728 2111 927 2204 dirigantur:
962 2115 996 2183 in
1023 2110 1176 2184 omnibus
1202 2110 1361 2184 membris
1396 2115 1520 2186 nostris
1553 2115 1666 2186 insere

290 2230 443 2299 timorem
470 2237 571 2315 tuum,
600 2239 633 2300 et
658 2238 788 2300 mentes
814 2237 949 2300 nostras
976 2227 1146 2316 confirma,
1174 2237 1209 2299 ut
1234 2226 1361 2299 habitet
1387 2231 1419 2298 in
1447 2225 1544 2299 nobis
1572 2227 1665 2298 divi-

290 2345 377 2416 nitas
413 2353 478 2415 tua.
531 2342 575 2414 Et
607 2346 692 2415 sicut
724 2342 867 2439 Moyses
900 2345 956 2436 qui
990 2346 1238 2414 ministraverat
1274 2342 1375 2414 cultui
1405 2341 1597 2415 umbrarum
1632 2351 1667 2412 et

266 2457 489 2552 figurarum,
523 2457 654 2552 quando
691 2457 862 2530 descendit
895 2457 937 2529 de
971 2468 1104 2546 monte,
1136 2460 1267 2548 agnitus
1302 2457 1364 2528 fuit
1395 2484 1416 2531 a
1442 2456 1516 2529 liliis
1549 2453 1667 2544 lsrael,

292 2572 380 2668 quod
406 2596 482 2644 cum
507 2574 583 2645 Deo
616 2584 835 2646 conversatus
868 2581 975 2646 esset:
1009 2576 1054 2644 ita
1081 2574 1279 2660 etiamnum,
1314 2570 1375 2644 sed
1407 2570 1600 2668 perfectiori
1633 2580 1667 2642 et
1691 2644 1700 2660 ,,

292 2689 447 2761 diviniori
473 2688 585 2776 modo,
612 2692 721 2792 gratia
747 2699 802 2760 tua
830 2686 990 2760 adveniat
1023 2698 1057 2759 et
1083 2691 1257 2760 exoriatur
1284 2709 1386 2784 super
1413 2708 1475 2760 eos
1503 2689 1558 2780 qui
1584 2708 1666 2780 mp-

292 2807 396 2876 sterio
422 2804 519 2897 hujus
546 2807 720 2876 ministerii
747 2804 927 2900 spiritualis
954 2807 1146 2875 conscerati
1168 2812 1255 2894 sunt,
1283 2810 1484 2899 apparentes
1511 2812 1668 2898 tanquam

291 2917 464 2993 luminaria
491 2923 522 2991 in
550 2919 684 3011 mundo,
712 2930 744 2991 et
772 2929 922 2992 erentes
949 2918 1089 2990 verbum
1123 2921 1232 2990 vitae:
1270 2917 1407 2990 salvans
1439 2939 1502 2991 nos
1535 2941 1555 2990 a
1582 2941 1665 2990 eru-

292 3037 378 3106 ciatu
406 3039 460 3130 qui
496 3035 594 3107 linem
620 3058 687 3108 non
714 3033 833 3124 habet,
866 3043 1089 3108 transmutans
1120 3033 1261 3126 liguram
1295 3036 1450 3128 corporis
1478 3029 1665 3106 humilitatis
1696 3106 1699 3119 ,

290 3159 444 3238 nostrae,
471 3155 505 3222 in
532 3151 773 3224 similitudinem
800 3150 931 3244 gloriae
965 3158 1058 3238 tuae,
1084 3151 1118 3220 in
1144 3154 1215 3223 vita
1243 3151 1363 3238 beata,
1398 3158 1432 3220 et
1466 3149 1666 3222 indeficienti
1690 3223 1700 3239 Ν

292 3275 326 3336 et
352 3266 537 3340 referemus
570 3267 628 3339 tibi
661 3267 801 3360 gloriam
836 3277 870 3338 et
895 3264 1045 3354 laudem,
1078 3274 1112 3335 et
1145 3264 1236 3336 Patri
1269 3275 1326 3336 tuo
1360 3265 1416 3358 qui
1448 3266 1536 3336 misit
1563 3275 1596 3335 te
1622 3263 1664 3336 ad

292 3381 432 3452 salutem
459 3393 622 3470 nostram,
649 3394 683 3455 et
709 3383 845 3478 Spiritui
872 3390 928 3452 tuo
956 3381 1179 3469 sanctissimo,
1207 3390 1241 3450 et
1267 3379 1455 3465 adorando,
1483 3377 1664 3450 vivificanti

290 3495 415 3591 tibique
443 3496 716 3570 consubstantiali
742 3506 806 3569 etc.

713 3766 1267 3816 ψ

451 4107 547 4196 ln
609 4103 1123 4196 tiruncula
1185 4099 1505 4192 savini

635 4320 1319 4443 onsnvvlvlortns

874 4627 907 4697 1.
953 4629 1086 4700 Soceri.

392 4821 486 4915 Quas
517 4832 648 4896 celebris
674 4831 719 4894 sit
738 4831 816 4894 illius
839 4831 982 4894 memoria
1006 4848 1094 4893 neure
1117 4829 1256 4910 ignorat,
1287 4843 1355 4888 cunr
1383 4825 1449 4904 ipse
1471 4821 1667 4886 lacebiticarn

295 4945 409 5000 sectam
432 4955 488 5018 per
511 4953 607 4998 annos
622 4935 729 4998 multos
752 4934 979 5016 propagaverit,
1002 4940 1034 4995 et
1056 4933 1196 4994 infinitam
1219 4929 1363 4992 librorum
1386 4926 1503 5006 copiam
1526 4923 1564 4987 ad
1587 4924 1666 4986 illius

295 5053 404 5098 causae
427 5034 634 5100 defensionem
656 5033 794 5097 ediderit.
839 5031 903 5096 Etsi
930 5047 1006 5094 vero
1038 5032 1130 5094 multa
1148 5031 1211 5113 jam
1232 5027 1351 5092 aliunde
1373 5033 1445 5090 nota
1467 5032 1568 5104 crant,
1599 5041 1666 5086 cunr
