4784 6040
618 517 696 593 468
1191 512 1423 590 NOTAE

616 701 752 782 quamvis
775 698 813 760 de
837 717 875 760 eo
901 697 1094 760 doctissimus
1118 699 1269 779 interpres
1293 698 1367 760 satis
1390 699 1514 779 copiose
1531 697 1686 779 praelatus
1711 698 1811 778 luerit,
1836 700 1923 780 plura
1947 709 1999 766 ta-

616 819 685 862 men
708 798 747 861 de
770 818 807 862 eo
830 798 974 861 habemus
996 804 1028 860 et
1050 797 1192 860 certiora.
1235 797 1329 858 Natus
1353 804 1399 859 est
1422 795 1589 882 Gregorius
1613 797 1778 876 blelitinae,
1802 817 1892 880 quam
1914 800 1997 862 Ara-

616 899 671 960 bes
700 899 849 961 hlalatiam
882 904 1009 974 vocant,
1046 912 1124 956 anno
1161 894 1386 958 Seleucidarum
1423 913 1479 958 seu
1506 895 1674 959 Alexandri
1704 897 1913 962 leXXXVll.
1946 899 1997 980 qui

616 999 782 1078 respondet
812 1015 849 1058 an
879 995 907 1059 J.
932 995 965 1057 C.
988 993 1165 1058 lllCCXXV.
1195 994 1371 1074 parentibus
1395 979 1588 1058 Christianis:
1618 995 1775 1059 Michaelis
1805 999 1997 1062 Patriarchac

617 1097 807 1174 antiocheni,
831 1113 871 1156 ox
893 1093 988 1156 fratrc
1012 1111 1109 1174 nepos
1132 1101 1165 1155 ut
1188 1101 1310 1157 notatur
1332 1095 1363 1154 in
1387 1092 1462 1158 Cod.
1487 1094 1675 1159 colbertino.
1724 1095 1835 1160 lledioi
1857 1104 1890 1160 ut
1912 1097 1998 1160 multi

616 1193 737 1254 tradunt
760 1193 836 1257 filius
859 1193 929 1268 luit;
961 1211 1019 1274 qua
1043 1193 1074 1254 in
1097 1200 1162 1256 arte
1184 1210 1245 1254 non
1269 1193 1366 1256 minus
1390 1192 1469 1273 apud
1498 1210 1571 1256 suos
1599 1212 1688 1274 quam
1717 1213 1758 1256 ex
1785 1194 1997 1276 Philosophiae

618 1310 731 1369 summa
754 1291 861 1374 peritia
885 1290 1035 1370 inclaruit,
1067 1291 1155 1354 editis
1186 1290 1224 1354 de
1257 1309 1292 1353 ea
1322 1291 1421 1354 multis
1451 1291 1660 1356 voluminibus.
1704 1289 1902 1372 Bne-Hebri,
1931 1294 1997 1356 sive

512 1463 515 1474 .
616 1390 712 1452 Hebri
730 1390 816 1469 [ilios
839 1399 890 1454 aut
911 1390 1172 1468 Bor-Hebraeas,
1203 1397 1237 1452 ut
1259 1407 1327 1452 eum
1350 1409 1445 1472 saepe
1467 1392 1588 1454 vocavit
1616 1389 1767 1453 Abraham
1794 1392 1997 1470 Echellensls‚

617 1490 786 1571 appellatus
819 1489 908 1553 etiam
942 1497 1005 1567 est,
1037 1489 1123 1569 cujus
1159 1489 1348 1570 cognominis
1382 1490 1531 1552 rationem
1561 1508 1600 1551 ne
1628 1489 1829 1570 conjectando
1875 1491 1996 1571 quidem
2023 1537 2026 1544 .

617 1591 740 1670 assequi
763 1607 797 1650 sc
821 1607 912 1670 posse
937 1589 1059 1650 aliirmat
1081 1588 1259 1650 Pocockius.
1290 1581 1353 1648 Cur
1375 1587 1414 1648 ita
1440 1589 1669 1670 cognominatus
1693 1587 1784 1650 luerit
1807 1607 1905 1669 aeque
1929 1606 1996 1651 cum

618 1705 656 1749 co
679 1687 840 1765 nescimus,
864 1685 918 1749 sed
941 1689 981 1748 ita
1005 1686 1248 1768 cognominatum
1271 1687 1364 1748 luisse
1389 1693 1504 1748 certum
1522 1693 1578 1761 est,
1603 1688 1711 1748 cumin
1725 1687 1820 1752 Codd.
1837 1687 1996 1769 plusquam

617 1787 741 1865 triginta
771 1788 836 1868 ejus
865 1803 991 1865 operum
1013 1786 1128 1868 Regiis,
1157 1785 1312 1861 Mediceis,
1338 1783 1540 1862 Colherlinis,
1570 1787 1610 1847 ita
1638 1787 1785 1866 scriptum
1814 1788 1994 1868 reperiatur.

617 1883 704 1946 Alios
735 1885 800 1965 ejus
834 1884 953 1963 titulos,
984 1886 1035 1966 qui
1065 1901 1124 1946 non
1153 1884 1212 1946 nisi
1234 1883 1339 1946 laudes
1363 1885 1534 1961 continent,
1568 1902 1694 1965 quarum
1724 1888 1809 1949 avari
1838 1903 1898 1949 non
1927 1895 1997 1950 sunt

618 1983 799 2060 Orientales,
823 1985 1034 2064 praeterimus,
1057 2003 1124 2048 cum
1147 1982 1219 2044 nihil
1233 1983 1270 2044 ad
1292 2001 1356 2046 rem
1369 1984 1552 2064 pertineant,
1576 2001 1667 2046 unum
1683 1984 1850 2064 excipimus
1873 1994 1995 2052 matram

617 2087 753 2148 nullut
781 2083 914 2161 lllosrian
936 2083 1079 2161 Orientis,
1102 2099 1191 2164 quem
1213 2081 1382 2144 Pocockius
1405 2083 1496 2145 vertit
1517 2081 1633 2144 Doctor
1656 2081 1797 2146 Orientis.
1828 2083 1869 2144 At
1893 2081 1995 2144 titulus

618 2188 684 2242 erat
706 2179 858 2264 dignitatis
881 2181 1114 2243 Ecclesiasticae
1138 2180 1217 2242 inter
1237 2179 1391 2260 Jacobitas
1417 2181 1512 2262 Syros
1542 2186 1611 2260 post
1638 2179 1871 2242 Patriarchalem
1900 2199 1995 2261 prae-

618 2281 735 2362 cipuae,
759 2289 789 2343 et
812 2280 1034 2362 Metropolitica
1057 2280 1242 2361 superioris:
1268 2279 1342 2341 alias
1357 2279 1530 2342 Catholicos
1554 2297 1609 2342 eos
1633 2278 1836 2360 appellabant.
1859 2278 1995 2342 Succes-

618 2387 721 2440 serant
750 2396 844 2460 porro
873 2379 914 2441 illi
943 2377 1102 2441 hntistites
1133 2376 1298 2440 Catholicis
1322 2377 1481 2440 Seleuciae
1512 2385 1543 2441 et
1571 2377 1793 2458 Ctesiphontis,
1827 2377 1879 2456 qui
1905 2377 1994 2439 aliter

618 2478 689 2539 dicti
711 2486 780 2540 sunt
803 2478 949 2541 Catholici
970 2477 1102 2540 Persidis
1136 2483 1167 2538 et
1190 2475 1363 2555 Armeniae,
1387 2495 1464 2557 quae
1488 2494 1575 2539 suum
1597 2467 1833 2540 deindehabuit
1856 2475 1994 2539 Catholi-

618 2595 695 2654 cum,
719 2595 787 2638 eum
810 2577 926 2639 scilicet
948 2575 999 2655 qui
1021 2574 1146 2638 honoris
1175 2576 1272 2655 gratia
1296 2575 1470 2639 Patriarcha
1492 2575 1671 2657 appellatur.
1714 2576 1756 2638 ht
1786 2593 1854 2638 cunr
1877 2575 1994 2640 Nesto-

617 2675 694 2736 riani
716 2674 819 2738 sedem
844 2673 1000 2738 Seleuciae
1024 2681 1055 2736 et
1078 2671 1283 2752 Ctesiphontis
1305 2674 1362 2736 sub
1386 2673 1494 2738 ultimis
1507 2675 1667 2738 Persarum
1689 2674 1815 2756 regibus
1837 2692 1995 2756 occupas-

617 2780 685 2834 sent
708 2781 738 2834 ct
761 2774 790 2834 in
813 2792 850 2838 ca
872 2781 962 2855 caput
984 2780 1086 2835 sectae
1117 2790 1206 2849 suae,
1224 2785 1467 2854 'supremumque
1491 2773 1664 2837 Antistitem
1687 2774 1932 2852 constituissent,
1961 2783 1993 2837 et

618 2870 798 2953 amplisshna
821 2879 890 2934 ante
914 2870 988 2934 alios
1012 2869 1199 2934 Christianos
1222 2873 1311 2952 primi
1334 2873 1536 2935 obtinuissent
1549 2873 1711 2954 privilegia
1734 2871 1991 2935 alluhamedanis

616 2969 815 3049 Principibus,
840 2969 1048 3032 abstinuerunt
1075 2969 1235 3050 aliquando
1265 2971 1334 3052 Syri
1357 2990 1374 3032 a
1397 2972 1516 3034 nomine
1539 2971 1701 3052 Catholici,
1731 2973 1771 3034 ita
1800 2969 1879 3033 forte
1907 2979 1993 3033 sala-

616 3069 759 3151 gentibus
781 3067 982 3145 Nestorianis,
1004 3087 1043 3132 ne
1066 3087 1176 3133 nomen
1200 3069 1324 3142 honoris
1348 3072 1623 3133 communicaretur
1643 3069 1846 3133 Jacobitarum
1861 3071 1992 3134 Antisti·-

615 3166 706 3244 tihus,
729 3165 779 3228 vel
803 3184 843 3228 ex
865 3174 968 3230 sectae
991 3167 1071 3230 odio.
1124 3167 1229 3249 ltaque
1255 3167 1391 3246 dlofrion
1420 3178 1546 3232 vocatus
1580 3177 1641 3248 est,
1670 3187 1770 3250 neque
1799 3168 1991 3248 Antiochiae,

614 3265 665 3328 ubi
688 3264 859 3326 Patriarcha
882 3266 1030 3347 integram
1057 3268 1249 3330 autoritatem
1264 3266 1417 3344 habebat,
1441 3268 1496 3330 sed
1519 3267 1659 3330 Takritae
1680 3269 1713 3329 in
1734 3268 1896 3332 Anneniae
1919 3267 1991 3330 hui-

614 3366 681 3440 bus,
704 3353 797 3445 rtrlgo
820 3363 925 3428 sedem
948 3365 1058 3430 habuit.
1103 3365 1177 3427 Eam
1199 3366 1291 3449 igitur
1322 3366 1496 3448 dignitatem
1519 3367 1657 3430 sustinuit
1679 3368 1709 3429 in
1731 3367 1870 3430 Ecclesia
1892 3365 1989 3430 laco-

614 3465 704 3528 bitica
730 3462 912 3546 Gregorius,
940 3482 1048 3547 magna
1080 3482 1147 3526 cum
1179 3463 1284 3542 laude,
1314 3464 1401 3526 editis
1429 3466 1572 3546 operibus
1599 3467 1691 3528 variis
1727 3465 1808 3528 circa
1835 3465 1922 3528 fidem
1956 3473 1989 3528 et

615 3563 800 3642 disciplinam
823 3560 1085 3639 Ecclesiasticam,
1116 3580 1205 3642 quam
1235 3579 1420 3643 magnopere
1450 3562 1617 3627 illustravit.
1673 3563 1754 3627 Obiit
1781 3571 1880 3625 autern
1908 3581 1988 3625 anno

616 3661 800 3724 Graecorum
821 3658 997 3724 MDXCVll.
1019 3660 1046 3721 J.
1071 3658 1105 3724 C.
1129 3659 1358 3724 mcccxxxv.
1388 3661 1543 3744 Maragae,
1566 3681 1644 3743 quac
1667 3670 1713 3724 est
1735 3662 1807 3724 urbs
1830 3663 1860 3723 in
1882 3662 1987 3724 Ader-

613 3761 712 3841 bijana
736 3760 877 3838 celebris,
901 3767 948 3822 est
971 3766 1070 3820 autem
1093 3759 1279 3841 AderhiJ'ana
1306 3759 1337 3820 in
1368 3761 1465 3822 reteri
1488 3759 1603 3823 hledia:
1637 3761 1825 3842 relatumque
1855 3760 1987 3823 cadaver

616 3861 653 3922 ad
682 3860 899 3922 blonasterium
930 3857 960 3920 S.
991 3857 1133 3936 hlathaei,
1159 3859 1201 3920 ihi
1223 3857 1374 3940 sepultum
1402 3865 1459 3922 est.
1510 3859 1592 3922 llaec
1618 3859 1773 3923 habuimus
1802 3879 1842 3922 ex
1873 3859 1986 3923 Codice

615 3960 725 4039 optimo
748 3956 897 4036 Mediceo,
920 3959 972 4038 qui
995 3956 1032 4018 ab
1061 3964 1161 4020 aetate
1191 3959 1305 4020 autoris
1328 3974 1390 4019 non
1412 3957 1535 4020 multum
1557 3957 1787 4022 distare-nohis
1815 3960 1897 4020 risus
1926 3965 1985 4024 est.

615 4057 703 4134 Quod
726 4054 872 4118 dubitavit
893 4055 1063 4119 Pocockius
1086 4074 1124 4118 an
1146 4056 1226 4119 idem
1254 4055 1429 4137 Gregorius,
1453 4058 1521 4136 quia
1543 4056 1738 4138 Abulserpius
1764 4058 1829 4120 sive
1857 4063 1890 4118 ut
1918 4056 1986 4136 ipsc

614 4157 728 4233 scribit,
752 4154 980 4235 admiseramus,
1003 4155 1090 4217 etiam
1113 4153 1290 4231 vocabatur,
1311 4154 1390 4216 idem
1412 4153 1502 4218 luerit
1524 4157 1574 4236 qui
1597 4156 1786 4218 Eheml-Taib
1809 4156 1904 4218 dictus
1928 4163 1986 4232 est,

615 4255 729 4334 absque
759 4252 819 4315 alio
850 4261 1028 4334 argumento
1059 4252 1131 4315 lecit
1152 4261 1364 4335 praeterquam
1394 4254 1522 4316 nominis
1552 4255 1758 4330 similitudine3
1792 4257 1817 4316 is
1845 4257 1924 4317 enim
1952 4265 1984 4320 et

615 4353 764 4433 antiquior
786 4351 851 4429 luit,
874 4359 905 4414 et
934 4351 964 4413 in
986 4351 1167 4415 Nestoriana
1196 4361 1280 4415 secta
1310 4370 1371 4415 non
1400 4354 1497 4415 minus
1526 4353 1676 4432 celebris,
1710 4371 1798 4433 quam
1823 4361 1930 4416 noster
1955 4355 1986 4416 in

614 4470 669 4515 sua
691 4449 867 4515 Jacobitioa.
919 4451 1030 4513 Extant
1058 4450 1154 4516 adhuc
1183 4469 1279 4534 opera
1306 4452 1393 4514 istius
1423 4451 1565 4515 nonnulla
1598 4452 1730 4515 Arabica
1759 4452 1797 4514 de
1826 4450 1985 4534 Religione

616 4548 797 4627 Christiana,
821 4556 851 4611 ct
877 4548 915 4610 ad
943 4556 1047 4612 sectae
1076 4567 1150 4613 suae
1179 4550 1319 4632 dogmata
1342 4551 1531 4616 vindicanda.
1582 4551 1658 4613 'lum
1687 4549 1923 4614 Commentarius
1953 4553 1985 4613 in

614 4647 792 4730 Evangelia,
816 4665 904 4727 quem
928 4650 1001 4710 tanti
1023 4647 1161 4712 lecerunt
1191 4649 1363 4728 lacolpitae,
1392 4657 1439 4729 ut,
1469 4650 1539 4712 licet
1566 4651 1708 4732 perpetui
1735 4650 1985 4712 Nestorianororn

613 4747 728 4824 hostes,
751 4744 831 4808 illum
854 4743 985 4809 hrabice
1015 4748 1233 4826 transtulerint,
1256 4748 1405 4811 nonnullis
1429 4749 1568 4828 resectis,
1592 4757 1625 4811 ut
1647 4755 1774 4811 testatur
1795 4746 1984 4811 Ahulbircat.

612 4845 703 4908 Extat
727 4847 756 4905 in
778 4843 962 4907 Bibliotheca
986 4843 1193 4928 Seguieriana.
1237 4847 1441 4910 Recensuisse
1464 4849 1553 4911 ctiam
1575 4847 1685 4910 dicitur
1706 4849 1877 4910 versionem
1901 4847 1985 4908 hra-

612 4945 709 5007 bicam
732 4961 886 5007 sacrorum
909 4943 1071 5008 Bihliorum
1095 4965 1134 5008 ex
1158 4947 1282 5028 Syriaca
1310 4945 1434 5010 factam:
1463 4947 1522 5009 imo
1553 4967 1592 5010 ex
1621 4945 1811 5010 Praelatione
1841 4945 1879 5008 ad
1908 4963 1985 5008 ver-
