4782 6068
676 565 755 644 oso
937 589 970 684 .'
1170 564 1530 644 rrrnnern

675 774 784 826 meum
810 751 950 826 calicem
976 750 1109 842 salutis,
1135 751 1255 826 delicta
1280 749 1367 826 illius
1395 753 1504 826 omnia
1531 751 1699 844 dimittam,
1733 761 1768 825 et
1801 763 1940 849 peccata
1971 758 2045 848 ejus

676 867 816 959 delebo,
850 868 893 942 ad
918 891 1058 962 regnum
1084 867 1175 942 illurn
1202 868 1354 959 vocabo,
1390 878 1424 942 et
1453 867 1551 942 bonis
1583 871 1666 941 meis
1700 867 1827 965 perfrui
1859 869 1906 943 illi
1941 870 2045 949 dabo:

675 988 748 1082 ipse
775 1008 836 1082 per
861 989 1003 1080 gratiam
1031 1007 1125 1058 suam
1150 983 1327 1058 benedicat
1352 995 1489 1074 vos‚‚et
1508 987 1647 1058 seminet
1665 984 1931 1080 tranquillitatem
1950 1009 2045 1062 suam

671 1105 705 1173 in
731 1101 854 1175 vobis:
881 1125 900 1174 a
927 1105 1094 1197 pressuris
1120 1123 1186 1174 vos
1211 1101 1343 1190 liberet,
1370 1111 1405 1172 et
1430 1124 1451 1172 a
1478 1097 1644 1174 scandalis
1671 1099 1780 1172 salvet
1809 1122 1883 1176 vos.
1925 1103 2044 1176 Bene-

675 1219 764 1290 dicat
795 1216 920 1290 lructus
955 1229 1065 1291 terrae
1097 1227 1252 1306 vestrae,
1286 1216 1462 1290 benedicat
1493 1215 1619 1288 fructus
1652 1213 1810 1288 arborum
1842 1227 2044 1310 vestrarum,

674 1331 904 1407 benedicendo
931 1334 1125 1431 multiplicet
1148 1337 1387 1430 possessiones
1414 1343 1563 1406 vestras:
1597 1341 1631 1404 et
1660 1331 1837 1405 benedicat
1861 1357 1924 1430 per
1950 1338 2043 1408 cari-

673 1459 775 1524 tatem
801 1471 895 1524 suam
921 1453 1024 1524 vitam
1050 1461 1210 1524 vestram.
1262 1449 1356 1524 Deus
1381 1448 1522 1522 hominis
1548 1450 1727 1539 Dominae,
1760 1449 1938 1523 benedicat
1962 1455 2043 1523 uni-

592 1626 600 1639 .
672 1588 808 1640 versam
844 1565 930 1639 hanc
964 1569 1280 1662 congregationem:
1315 1565 1436 1661 detque
1467 1563 1690 1638 fortitudinem
1723 1565 1872 1656 infirmo,
1903 1568 1934 1638 is
1968 1567 2043 1662 ipse

674 1685 731 1779 qui
755 1682 941 1757 firmitatem
967 1693 1116 1780 praestat
1142 1683 1184 1756 ab
1211 1685 1303 1755 initio
1329 1705 1391 1779 per
1416 1684 1548 1774 siguum
1569 1678 1689 1754 Christi
1707 1693 1741 1755 et
1761 1684 1939 1758 Simeonis,
1966 1681 2042 1754 Bc·
2089 1765 2099 1784 .

673 1798 846 1872 nedicatur
872 1799 972 1872 sedes
993 1797 1156 1874 Catholici
1169 1801 1301 1902 Domini
1324 1797 1365 1872 N.
1384 1808 1418 1870 et
1441 1800 1565 1890 justitia
1593 1800 1626 1869 in
1653 1820 1695 1872 ea
1722 1798 1905 1895 splendeat.
1940 1797 2043 1870 Pater

672 1915 790 2012 plenus
818 1914 996 2008 dignitate,
1028 1897 1150 2002 Pastor
1176 1924 1210 1986 et
1234 1916 1396 1987 Dominus
1423 1915 1539 2006 gregis
1565 1912 1607 1987 D.
1643 1913 1684 1986 N.
1716 1913 1833 2010 plenos
1866 1915 2041 2004 modestia,

673 2030 878 2106 custodiatur
904 2054 925 2104 a
950 2029 1083 2104 malitia.
1137 2029 1276 2104 Custodi
1302 2028 1505 2103 Sacerdotes
1533 2039 1687 2119 sanctos,
1724 2027 1875 2104 Clericus
1910 2041 1944 2104 et
1970 2029 2042 2103 Mi-

671 2151 807 2236 nistros,
832 2157 1094 2245 praeserventur
1121 2170 1141 2220 a
1169 2144 1446 2234 contentionibus,
1473 2169 1492 2217 a
1519 2145 1715 2233 daemoniis,
1742 2154 1775 2218 et
1793 2146 1835 2219 ab
1855 2145 2041 2220 bominibus

672 2263 836 2357 malignis.
863 2263 1018 2361 Antiquis
1046 2263 1174 2336 dierum
1201 2261 1337 2336 senibus
1372 2265 1495 2334 canitie
1527 2260 1729 2334 venerandis
1763 2273 1912 2358 praestet
1943 2263 2043 2337 finem

671 2381 809 2470 bouum,
835 2389 870 2450 et
892 2389 997 2452 vocat
1021 2379 1097 2452 illos
1124 2378 1166 2452 ad
1193 2399 1342 2472 regnum.
1384 2378 1506 2450 Aetate
1532 2375 1668 2452 doridos
1701 2379 1797 2450 viros
1828 2383 1884 2476 qui
1918 2379 2041 2454 adole-

673 2499 801 2570 scentia
828 2495 934 2568 adhuc
958 2499 1087 2589 vigent,
1114 2505 1237 2588 augeat
1263 2493 1460 2589 splendore,
1498 2502 1532 2565 et
1556 2495 1774 2591 temperantia
1799 2492 1874 2568 illos
1900 2494 2041 2592 repleat.

671 2611 801 2684 Natura
826 2609 1013 2685 imbecillae
1038 2612 1212 2700 mrdieres,
1244 2613 1396 2704 virgines
1423 2618 1457 2683 et
1482 2621 1604 2707 nuptae
1638 2620 1900 2706 praeserventur
1932 2633 1952 2683 a
1983 2609 2040 2682 la-
2143 2635 2148 2650 ·

672 2726 801 2825 psibus,
828 2749 848 2799 a
874 2726 1014 2824 laqueis,
1042 2737 1076 2801 ct
1102 2751 1123 2801 a
1148 2728 1307 2823 peccatis.
1344 2723 1415 2798 Eos
1443 2729 1541 2799 etiam
1569 2729 1625 2821 qui
1652 2727 1737 2823 apud
1763 2749 1826 2800 nos
1852 2735 1929 2801 sunt
1952 2726 2040 2798 alie-

671 2847 825 2936 nigenas,
853 2852 888 2916 et
913 2866 933 2915 a
958 2847 1103 2940 propriis
1130 2841 1431 2935 domiciliis-longe
1457 2847 1556 2939 positi
1583 2852 1670 2932 suut,
1696 2842 1774 2916 Rex
1788 2854 1924 2916 aeterno
1937 2842 2041 2916 reduc

673 2958 716 3032 ad
743 2982 803 3034 sua
830 2962 862 3032 in
894 2982 990 3056 pace.
1041 2961 1105 3048 Qui
1139 2959 1235 3033 sedet
1266 2961 1301 3030 in
1334 2959 1431 3032 coelo
1467 2960 1627 3032 Dominus
1660 2958 1715 3032 det
1748 2957 1844 3031 nobis
1876 2958 2041 3055 placidam

672 3075 951 3172 tranquillitatem,
978 3085 1012 3148 et
1036 3098 1155 3172 pacem
1181 3065 1303 3148 bonam
1331 3084 1365 3146 et
1391 3096 1544 3164 suavem,
1570 3082 1606 3147 ut
1623 3073 1785 3148 laetemur
1801 3075 1855 3148 die
1873 3099 1913 3147 ac
1930 3086 2041 3149 nocte.

672 3191 844 3265 Concedat
869 3191 969 3265 vobis
995 3203 1146 3288 tempora
1170 3194 1292 3288 quieta,
1318 3192 1457 3285 sitisque
1472 3194 1506 3262 iu
1527 3200 1721 3286 perpetuum
1747 3192 1947 3281 exultantes,
1973 3213 2041 3262 non

671 3307 803 3397 turbati,
831 3318 887 3380 aut
913 3309 1045 3400 agitati,
1080 3306 1141 3380 sed
1173 3311 1207 3378 iu
1242 3309 1380 3378 caritate
1406 3305 1601 3399 gaudentes.
1659 3307 1723 3378 Hic
1755 3306 1862 3382 festus
1894 3310 1965 3380 dies
1998 3313 2041 3381 sit

670 3423 772 3498 vobis
804 3422 934 3512 hilaris,
968 3422 1092 3521 popule
1125 3423 1271 3495 humilis:
1307 3423 1469 3496 Dominus
1505 3427 1548 3497 sit
1581 3432 1775 3519 protector,
1810 3432 1844 3496 et
1876 3421 2041 3498 bonorum

670 3541 867 3638 promissor.
938 3539 1068 3636 Quique
1106 3542 1306 3631 congregati
1339 3541 1421 3612 estis
1460 3538 1559 3611 bodio
1599 3538 1641 3610 ad
1681 3537 1915 3612 celebrandam
1955 3541 2041 3614 hane

531 3755 533 3762 Ι
671 3656 891 3742 oblationem3
935 3678 1021 3728 crux
1056 3655 1162 3749 Regis
1202 3654 1325 3729 Christi
1359 3660 1433 3752 ipsa
1466 3660 1508 3729 sit
1543 3667 1656 3728 custos
1688 3664 1815 3727 vester.
1873 3657 2042 3752 suscipiat

670 3774 833 3848 Dominus
861 3771 1062 3846 oblationem
1091 3781 1259 3862 vestram,
1286 3773 1450 3846 sacrificia
1474 3783 1603 3862 vestra,
1630 3783 1664 3845 et
1690 3776 1860 3845 orationes
1887 3783 2039 3864 vestras;

671 3901 706 3962 et
732 3887 924 3984 adquiescat
949 3891 1057 3961 anima
1093 3892 1165 3981 ejus
1193 3887 1419 3987 eleemosynis
1445 3893 1582 3979 vestris,
1610 3898 1643 3961 et
1670 3888 1829 3960 ascendat
1854 3909 1967 3961 coram
1995 3911 2038 3962 eo

671 4005 864 4102 deprecatio
897 4016 1022 4078 vestra.
1091 4004 1266 4078 Gloriosus
1304 4008 1348 4078 in·
1373 4015 1472 4079 coetu
1507 4005 1705 4080 Sanctorum
1743 4005 1786 4077 D.
1818 4003 1861 4076 N.
1895 4005 2038 4078 Sanctus

670 4131 853 4196 conservet
877 4142 943 4195 vos
970 4118 1012 4192 ab
1040 4119 1186 4194 adversa
1216 4119 1361 4210 fortuna,
1388 4144 1409 4192 a
1435 4120 1651 4194 daemonibus
1686 4131 1720 4194 et
1750 4119 1937 4196 bominibus
1969 4143 2038 4194 ne-

670 4259 785 4331 quam:
813 4237 896 4310 Oret
922 4240 1020 4310 etiam
1036 4257 1098 4332 pro
1114 4239 1380 4329 congregatione
1397 4237 1461 4309 ista
1474 4236 1614 4326 infirma,
1639 4259 1790 4332 paupere
1816 4248 1849 4311 et
1875 4237 2038 4337 improba,

670 4351 905 4449 discipulorum
931 4363 1042 4426 temen
1067 4351 1154 4425 illius
1188 4355 1305 4440 sancti,
1330 4362 1367 4424 ut
1401 4361 1662 4449 praeserventur
1696 4350 1738 4423 ab
1775 4356 1864 4427 omni
1898 4364 2038 4450 pertur-
2088 4336 2092 4353 ¹

668 4467 814 4540 batione.
866 4468 917 4542 llli
944 4489 1076 4564 quoque
1104 4470 1157 4562 qui
1189 4467 1330 4541 honeste
1356 4466 1613 4557 laboraverunt,
1646 4479 1680 4540 et
1705 4473 1739 4541 iu
1765 4469 2040 4567 perlectionese

670 4596 894 4658 exercuerunt
920 4588 953 4656 in
985 4584 1050 4657 hoc
1081 4583 1216 4675 mundo,
1242 4587 1277 4657 in
1302 4587 1427 4681 pietate
1452 4596 1694 4660 conserventur
1721 4609 1740 4658 a
1768 4584 1906 4660 malitia:
1941 4609 2040 4676 nunc,

669 4709 703 4770 et
730 4695 990 4796 quibuscumque
1016 4701 1240 4798 temporibus,
1276 4688 1395 4776 diebus
1429 4714 1463 4775 et
1493 4700 1666 4794 noctibus,
1699 4723 1804 4798 usque
1837 4705 1871 4775 in
1905 4699 2041 4776 saecula

669 4813 888 4890 saeculorum.
