4730 6038
733 661 810 738 338
1236 661 1593 739 LITDRGIA

731 849 961 943 Evangelicae
987 848 1235 922 illustraverunt
1260 848 1417 924 tenebras
1429 851 1589 946 gentium,
1616 858 1650 920 et
1674 852 1841 946 persecuti
1868 860 1945 923 sunt
1970 851 2101 925 obscu-

730 989 804 1039 rum
831 987 980 1039 errorem
1007 965 1207 1054 haereseon,
1235 989 1320 1062 quae
1346 964 1621 1065 blasphemabant
1654 969 1755 1062 impie
1789 965 1953 1038 adversus
1979 969 2101 1042 lucar-

730 1083 900 1155 nationem
925 1080 1030 1154 Verbi
1057 1084 1216 1174 unigeniti
1242 1083 1317 1155 Filii
1341 1086 1397 1173 tui,
1424 1094 1458 1156 et
1489 1079 1502 1120 ⁷
1528 1085 1682 1154 unionem
1709 1085 1885 1172 innatura,
1911 1106 1985 1156 cum
2000 1107 2101 1158 carue

731 1209 878 1272 assumta
905 1221 951 1270 ex
977 1207 1091 1271 sancta
1118 1201 1280 1292 genitrice
1306 1201 1370 1272 Dei
1397 1199 1607 1289 dividebant3
1633 1219 1840 1293 gregemque
1858 1197 2100 1272 sacerdotalem

731 1311 774 1387 ob
802 1314 954 1388 omnibus
979 1316 1174 1410 perniciosis
1200 1319 1335 1411 pascuis
1362 1315 1551 1408 dogmatum
1577 1336 1814 1412 perversorum
1841 1315 2099 1406 elongavenmt:

731 1433 809 1525 qnia
836 1429 1074 1516 adorationes
1102 1453 1217 1502 eorum
1245 1431 1468 1524 confugimus
1494 1441 1530 1504 nt
1555 1435 1589 1503 in
1614 1430 1679 1504 lide
1694 1430 1874 1527 prudentes
1893 1433 2007 1518 simus,
2033 1429 2099 1503 ba-

731 1545 951 1641 bitaculisque
979 1569 1093 1619 cortun
1121 1546 1236 1619 lucidis
1264 1547 1354 1639 digni
1381 1548 1571 1637 efficiamur,
1598 1557 1631 1619 et
1656 1547 1777 1618 lumine
1803 1546 1914 1618 vultus
1941 1549 1999 1634 tui,
2027 1569 2099 1619 cum

730 1661 904 1759 voluptate
930 1661 1181 1760 perbmdamur:
1209 1666 1285 1758 quia
1312 1676 1346 1736 tu
1372 1665 1536 1758 benignus
1568 1687 1606 1736 es
1640 1685 1723 1754 erga
1755 1684 2021 1758 unumquemque
2047 1665 2100 1757 qui

730 1781 766 1849 in
792 1787 825 1851 te
851 1790 975 1875 sperat,
1002 1788 1036 1851 et
1060 1779 1119 1853 tibi
1145 1780 1286 1872 gloriam
1313 1779 1500 1869 referimus
1528 1792 1591 1854 etc.

835 1892 997 1989 Populus.
1051 1895 1171 1968 Amen.

834 2009 1011 2083 Sacerdos
1037 2012 1228 2086 inclinatus.
1280 2012 1448 2085 Memento
1481 2012 1626 2085 Domine
1660 2034 1721 2108 per
1751 2010 1982 2087 abundantem
2023 2010 2098 2082 cle-

731 2130 887 2200 mentiam
914 2138 1013 2221 tuam,
1039 2133 1182 2201 omnium
1210 2127 1438 2201 defunctorum
1472 2127 1636 2216 bdelium,
1670 2132 1724 2223 qui
1759 2151 1805 2200 ex
1837 2125 1902 2200 boc
1933 2126 2010 2199 loco
2044 2119 2099 2199 aul

732 2267 778 2316 ex
804 2244 902 2318 nobis
928 2257 1036 2318 morte
1063 2244 1161 2318 divisi
1188 2255 1279 2334 sunt,
1306 2249 1339 2316 in
1371 2243 1585 2319 confessione
1621 2243 1834 2332 Drtbodoxa,
1868 2254 1967 2336 atque
2001 2245 2098 2316 etiam

732 2382 779 2430 ex
806 2363 895 2432 omni
921 2359 1013 2432 loco:
1040 2372 1181 2456 patrum,
1208 2359 1411 2455 fratrumque
1437 2371 1638 2450 nostrorum,
1666 2371 1731 2432 tom
1758 2360 1938 2433 secundum
1965 2380 2098 2432 carnem

731 2499 831 2571 quam
863 2475 1045 2550 secundum
1085 2480 1251 2573 spiritum:
1285 2477 1521 2568 Sacerdotem,
1565 2477 1808 2566 Diaconorum,
1846 2473 2098 2564 Monacbomm,

730 2589 909 2688 bospitnm,
936 2591 1127 2680 alienorum,
1155 2595 1352 2688 pracsertim
1378 2615 1463 2665 vero
1491 2615 1605 2666 eorum
1639 2615 1701 2688 pro
1728 2594 1848 2688 quibus
1876 2592 2011 2666 offertur
2036 2591 2098 2666 boc

731 2707 939 2780 sacrificium.

835 2824 984 2896 mecam
1015 2844 1140 2895 uocem.
1192 2823 1336 2896 Domine
1370 2825 1463 2897 Deus
1497 2826 1667 2920 spirituum
1703 2833 1735 2895 et
1769 2827 1874 2898 omnis
1907 2825 2098 2899 camisiae

665 2989 668 2992 -
731 2948 768 3012 ut
793 2939 839 3012 ilb
866 2963 982 3014 omncs
1009 2960 1147 3035 quorum
1174 2941 1398 3026 meminimus,
1427 2949 1461 3012 et
1485 2939 1532 3012 illi
1558 2942 1658 3013 etiam
1685 2961 1823 3035 qnorum
1848 2963 1915 3013 non
1942 2946 2099 3015 memini-

731 3077 816 3143 mus,
843 3058 899 3150 qui
923 3060 957 3128 in
983 3056 1048 3129 fide
1075 3055 1271 3129 Ortbodoxa
1305 3079 1352 3128 ex
1382 3059 1452 3128 vita
1479 3055 1541 3129 bae
1568 3055 1715 3129 mutabili
1742 3061 1980 3150 migraverunt,
2009 3059 2101 3151 digni

731 3170 812 3245 bant
835 3175 905 3244 vita
932 3171 1162 3261 indefectibili,
1194 3176 1227 3244 in
1261 3176 1334 3244 sion
1366 3170 1557 3260 Abrabam,
1592 3173 1689 3245 Isaac
1724 3183 1757 3245 et
1783 3172 1909 3262 Jacob,
1943 3173 2000 3246 nbi
2028 3185 2101 3247 sunt

732 3279 850 3361 cinnes
877 3293 998 3361 sancti:
1025 3287 1081 3361 ubi
1108 3289 1243 3362 dolores
1270 3299 1304 3361 et
1330 3293 1505 3382 angustiae
1519 3311 1586 3360 non
1609 3293 1827 3385 reperiuntur,
1855 3288 1915 3362 sed
1933 3287 1989 3361 ubi
2011 3289 2101 3363 bea-

731 3404 835 3477 titudo
868 3415 902 3477 et
936 3406 1092 3498 gaudium
1123 3414 1266 3498 regnant
1298 3404 1540 3477 tantummodo:
1580 3405 1637 3478 ubi
1670 3407 1857 3498 rmigenitus
1888 3403 1992 3477 Filius
2027 3418 2099 3478 tuus

733 3530 845 3593 tecum
872 3517 914 3594 ab
943 3521 1094 3595 omnibus
1121 3520 1344 3614 glorificatur,
1378 3543 1440 3616 per
1471 3542 1566 3614 quem
1600 3523 1699 3593 etiam
1725 3519 1987 3594 misericordiam
2015 3544 2102 3594 con-

732 3639 845 3731 sequi,
878 3646 912 3709 et
944 3637 1186 3709 revelationem
1217 3634 1316 3709 faciei
1351 3657 1465 3708 coram
1499 3645 1533 3706 te
1566 3658 1759 3730 speramus,
1791 3646 1825 3708 et
1857 3646 1995 3731 propter
2028 3661 2101 3710 eum

732 3760 800 3823 tum
825 3750 923 3824 nobis
952 3776 1050 3848 quam
1077 3755 1168 3849 ipsis.
1284 3737 1287 3744 “

836 3868 997 3962 Populus.
1050 3867 1204 3954 Quietem
1229 3877 1373 3965 praesta.

835 3981 1018 4057 Sacerdos.
1072 3984 1224 4071 Quietem
1262 3994 1395 4080 praesta
1434 3985 1577 4056 Domine
1616 3987 1649 4055 in
1693 3982 1879 4058 habitaculo
1919 3987 2016 4078 regni
2052 3989 2096 4058 tui

733 4099 886 4172 omnibus
912 4102 967 4194 qui
993 4102 1026 4171 in
1053 4121 1115 4197 spe
1142 4113 1196 4173 tua
1224 4098 1488 4192 obdormierunt,
1522 4110 1556 4172 et
1590 4097 1696 4172 libera
1730 4122 1793 4175 nos
1829 4111 1928 4196 atque
1953 4100 2029 4174 illos
2056 4104 2096 4176 ab

587 4227 591 4236 ’
732 4217 812 4305 igne
844 4215 1101 4308 inextinguibili,
1137 4226 1171 4288 et
1204 4238 1223 4286 a
1255 4238 1371 4287 verme
1406 4219 1462 4312 qui
1493 4239 1560 4292 non
1594 4219 1740 4288 moritur.
1784 4217 1914 4309 Dignos
1947 4216 2004 4291 lac
2036 4241 2098 4294 nos

732 4328 905 4428 voluptate
938 4331 993 4404 illa
1029 4356 1126 4428 quum
1161 4333 1275 4405 oculus
1300 4353 1369 4405 non
1394 4331 1489 4423 vidit,
1516 4343 1550 4406 et
1576 4336 1665 4405 auris
1691 4355 1760 4408 nou
1786 4333 1904 4423 audiit,
1932 4355 2041 4428 neque
2067 4338 2098 4406 iu

736 4468 798 4520 eor
822 4446 964 4520 bominis
992 4450 1141 4522 ascendit
1167 4472 1253 4543 quae
1279 4447 1394 4522 electis
1421 4451 1485 4522 tuis
1511 4458 1712 4546 praeparata
1738 4459 1808 4533 est,
1841 4455 1876 4518 ut
1910 4451 1942 4519 in
1974 4449 2039 4522 boc
2066 4461 2098 4524 et

732 4563 767 4634 in
794 4563 946 4638 omnibus
972 4563 1175 4658 glorificetur
1202 4577 1236 4637 et
1260 4563 1412 4637 laudetur
1437 4588 1559 4640 nomen
1591 4575 1679 4638 tuum
1706 4563 1931 4654 benedictum,
1959 4573 1993 4637 et
2019 4569 2096 4638 uni-

732 4681 837 4771 geniti
862 4679 938 4752 Filii
965 4683 1010 4754 tui
1036 4693 1070 4754 et
1095 4682 1237 4778 Spiritus
1263 4685 1309 4754 tui
1336 4685 1451 4754 suncti.

779 4881 785 4894 Ι
837 4795 997 4889 Populus.
1049 4796 1105 4889 Ut,
1131 4807 1193 4870 etc.

836 4910 1020 4983 Sacerdos.
1071 4913 1155 4986 Pan.

838 5026 999 5120 Populea.
1050 5029 1094 5100 Et
1119 5051 1193 5101 curn
1220 5033 1336 5126 spiritu
1361 5042 1429 5104 tuo.

840 5140 1024 5217 Sacerdos.
1077 5145 1310 5220 liberationes
1336 5147 1401 5220 Dei
1427 5149 1490 5221 sint
1516 5170 1617 5244 super
1643 5169 1708 5221 vos
1735 5165 1862 5220 omues.
