<?xml version="1.0" encoding="UTF-8"?>
<!DOCTYPE html PUBLIC "-//W3C//DTD XHTML 1.0 Transitional//EN"
    "http://www.w3.org/TR/xhtml1/DTD/xhtml1-transitional.dtd">
<html xmlns="http://www.w3.org/1999/xhtml" xml:lang="en" lang="en">
 <head>
  <title>
</title>
<meta http-equiv="Content-Type" content="text/html;charset=utf-8" />
  <meta name='ocr-system' content='tesseract 3.04.00' />
  <meta name='ocr-capabilities' content='ocr_page ocr_carea ocr_par ocr_line ocrx_word'/>
</head>
<body>
  <div class='ocr_page' id='page_1' title='image "./liturgiarumorie04renagoog_0348.png"; bbox 0 0 4730 6038; ppageno 0'>
   <div class='ocr_carea' id='block_1_1' title="bbox 639 538 1648 619">
    <p class='ocr_par' dir='ltr' id='par_1_1' title="bbox 639 538 1648 619">
     <span class='ocr_line' id='line_1_1' title="bbox 639 538 1648 619; baseline 0.002 -3"><span class='ocrx_word' id='word_1_1' title='bbox 639 538 1301 619; x_wconf 77' lang='lat' dir='ltr'><strong>Paltoxnutfflnnoronlnlnt</strong></span> <span class='ocrx_word' id='word_1_2' title='bbox 1475 542 1480 546; x_wconf 78' lang='grc'><strong>’</strong></span> <span class='ocrx_word' id='word_1_3' title='bbox 1577 538 1648 618; x_wconf 90' lang='grc'><strong>311</strong></span> 
     </span>
    </p>
   </div>
   <div class='ocr_carea' id='block_1_2' title="bbox 277 725 1714 5125">
    <p class='ocr_par' dir='ltr' id='par_1_2' title="bbox 286 725 1660 1864">
     <span class='ocr_line' id='line_1_2' title="bbox 392 725 1659 825; baseline 0.006 -29"><span class='ocrx_word' id='word_1_4' title='bbox 392 725 569 798; x_wconf 74' lang='lat' dir='ltr'><strong><em>Sacerdos</em></strong></span> <span class='ocrx_word' id='word_1_5' title='bbox 595 726 786 798; x_wconf 76' lang='lat' dir='ltr'><strong>declinatur.</strong></span> <span class='ocrx_word' id='word_1_6' title='bbox 839 725 982 800; x_wconf 77' lang='lat' dir='ltr'><strong>Sanctus</strong></span> <span class='ocrx_word' id='word_1_7' title='bbox 1015 749 1053 800; x_wconf 89' lang='lat' dir='ltr'><strong>es</strong></span> <span class='ocrx_word' id='word_1_8' title='bbox 1088 728 1180 800; x_wconf 91' lang='lat' dir='ltr'><strong>Deus</strong></span> <span class='ocrx_word' id='word_1_9' title='bbox 1211 729 1327 802; x_wconf 88' lang='lat' dir='ltr'><strong>Pater:</strong></span> <span class='ocrx_word' id='word_1_10' title='bbox 1359 729 1502 802; x_wconf 89' lang='lat' dir='ltr'><strong>Sanctus</strong></span> <span class='ocrx_word' id='word_1_11' title='bbox 1529 736 1659 825; x_wconf 90' lang='lat' dir='ltr'><strong>unige-·</strong></span> 
     </span>
     <span class='ocr_line' id='line_1_3' title="bbox 288 841 1656 943; baseline 0.004 -31"><span class='ocrx_word' id='word_1_12' title='bbox 288 843 376 913; x_wconf 88' lang='lat' dir='ltr'><strong>nitus</strong></span> <span class='ocrx_word' id='word_1_13' title='bbox 395 841 498 915; x_wconf 87' lang='lat' dir='ltr'><strong>Filius</strong></span> <span class='ocrx_word' id='word_1_14' title='bbox 519 853 593 915; x_wconf 88' lang='lat' dir='ltr'><strong>tuus</strong></span> <span class='ocrx_word' id='word_1_15' title='bbox 614 851 765 914; x_wconf 76' lang='lat' dir='ltr'><strong>sanctum:</strong></span> <span class='ocrx_word' id='word_1_16' title='bbox 792 841 933 917; x_wconf 90' lang='lat' dir='ltr'><strong>Sanctus</strong></span> <span class='ocrx_word' id='word_1_17' title='bbox 949 842 1090 938; x_wconf 81' lang='lat' dir='ltr'><strong>Spiritus</strong></span> <span class='ocrx_word' id='word_1_18' title='bbox 1105 854 1179 917; x_wconf 90' lang='lat' dir='ltr'><strong>tuns</strong></span> <span class='ocrx_word' id='word_1_19' title='bbox 1202 856 1354 919; x_wconf 89' lang='lat' dir='ltr'><strong>sanctus:</strong></span> <span class='ocrx_word' id='word_1_20' title='bbox 1382 851 1436 943; x_wconf 91' lang='lat' dir='ltr'><strong>qui</strong></span> <span class='ocrx_word' id='word_1_21' title='bbox 1453 851 1577 920; x_wconf 79' lang='lat' dir='ltr'><strong>creasti</strong></span> <span class='ocrx_word' id='word_1_22' title='bbox 1594 857 1656 942; x_wconf 87' lang='lat' dir='ltr'><strong>per</strong></span> 
     </span>
     <span class='ocr_line' id='line_1_4' title="bbox 288 957 1655 1058; baseline 0.004 -28"><span class='ocrx_word' id='word_1_23' title='bbox 288 961 432 1049; x_wconf 86' lang='lat' dir='ltr'><strong>gratiam</strong></span> <span class='ocrx_word' id='word_1_24' title='bbox 465 970 554 1030; x_wconf 90' lang='lat' dir='ltr'><strong>tuam</strong></span> <span class='ocrx_word' id='word_1_25' title='bbox 588 979 695 1050; x_wconf 87' lang='lat' dir='ltr'><strong>genus</strong></span> <span class='ocrx_word' id='word_1_26' title='bbox 726 958 921 1048; x_wconf 76' lang='lat' dir='ltr'><strong>humanum:</strong></span> <span class='ocrx_word' id='word_1_27' title='bbox 947 957 1247 1057; x_wconf 79' lang='lat' dir='ltr'><strong>habitationemque</strong></span> <span class='ocrx_word' id='word_1_28' title='bbox 1280 966 1313 1034; x_wconf 91' lang='lat' dir='ltr'><strong>in</strong></span> <span class='ocrx_word' id='word_1_29' title='bbox 1346 964 1503 1058; x_wconf 83' lang='lat' dir='ltr'><strong>paradiso</strong></span> <span class='ocrx_word' id='word_1_30' title='bbox 1537 963 1655 1036; x_wconf 91' lang='lat' dir='ltr'><strong>dedisti</strong></span> 
     </span>
     <span class='ocr_line' id='line_1_5' title="bbox 287 1072 1660 1182; baseline 0.007 -39"><span class='ocrx_word' id='word_1_31' title='bbox 287 1072 347 1158; x_wconf 90' lang='lat' dir='ltr'><strong>illi,</strong></span> <span class='ocrx_word' id='word_1_32' title='bbox 368 1073 639 1182; x_wconf 86' lang='lat' dir='ltr'><strong>voluptatemque</strong></span> <span class='ocrx_word' id='word_1_33' title='bbox 656 1073 761 1168; x_wconf 89' lang='lat' dir='ltr'><strong>qualis</strong></span> <span class='ocrx_word' id='word_1_34' title='bbox 779 1077 812 1145; x_wconf 93' lang='lat' dir='ltr'><strong>in</strong></span> <span class='ocrx_word' id='word_1_35' title='bbox 829 1097 871 1146; x_wconf 89' lang='lat' dir='ltr'><strong>eo</strong></span> <span class='ocrx_word' id='word_1_36' title='bbox 893 1086 975 1163; x_wconf 81' lang='lat' dir='ltr'><strong>eret,</strong></span> <span class='ocrx_word' id='word_1_37' title='bbox 995 1081 1213 1171; x_wconf 84' lang='lat' dir='ltr'><strong>praeparasti.</strong></span> <span class='ocrx_word' id='word_1_38' title='bbox 1248 1077 1332 1151; x_wconf 85' lang='lat' dir='ltr'><strong>Cum</strong></span> <span class='ocrx_word' id='word_1_39' title='bbox 1348 1089 1457 1152; x_wconf 90' lang='lat' dir='ltr'><strong>autem</strong></span> <span class='ocrx_word' id='word_1_40' title='bbox 1473 1105 1494 1152; x_wconf 92' lang='lat' dir='ltr'><strong>a</strong></span> <span class='ocrx_word' id='word_1_41' title='bbox 1509 1081 1660 1173; x_wconf 87' lang='lat' dir='ltr'><strong>maligno</strong></span> 
     </span>
     <span class='ocr_line' id='line_1_6' title="bbox 289 1187 1655 1288; baseline 0.007 -29"><span class='ocrx_word' id='word_1_42' title='bbox 289 1193 361 1281; x_wconf 84' lang='lat' dir='ltr'><strong>ejus</strong></span> <span class='ocrx_word' id='word_1_43' title='bbox 383 1189 563 1285; x_wconf 84' lang='lat' dir='ltr'><strong>deceptore</strong></span> <span class='ocrx_word' id='word_1_44' title='bbox 580 1188 734 1262; x_wconf 90' lang='lat' dir='ltr'><strong>seductus</strong></span> <span class='ocrx_word' id='word_1_45' title='bbox 750 1187 880 1280; x_wconf 84' lang='lat' dir='ltr'><strong>luisset,</strong></span> <span class='ocrx_word' id='word_1_46' title='bbox 894 1201 927 1262; x_wconf 90' lang='lat' dir='ltr'><strong>et</strong></span> <span class='ocrx_word' id='word_1_47' title='bbox 949 1215 968 1263; x_wconf 92' lang='lat' dir='ltr'><strong>a</strong></span> <span class='ocrx_word' id='word_1_48' title='bbox 985 1201 1017 1262; x_wconf 91' lang='lat' dir='ltr'><strong>te</strong></span> <span class='ocrx_word' id='word_1_49' title='bbox 1033 1194 1066 1262; x_wconf 93' lang='lat' dir='ltr'><strong>in</strong></span> <span class='ocrx_word' id='word_1_50' title='bbox 1080 1191 1215 1265; x_wconf 88' lang='lat' dir='ltr'><strong>exilium</strong></span> <span class='ocrx_word' id='word_1_51' title='bbox 1228 1193 1355 1287; x_wconf 79' lang='lat' dir='ltr'><strong>pulsuS,</strong></span> <span class='ocrx_word' id='word_1_52' title='bbox 1373 1193 1522 1288; x_wconf 91' lang='lat' dir='ltr'><strong>dejectus</strong></span> <span class='ocrx_word' id='word_1_53' title='bbox 1540 1207 1592 1268; x_wconf 93' lang='lat' dir='ltr'><strong>est</strong></span> <span class='ocrx_word' id='word_1_54' title='bbox 1613 1197 1655 1268; x_wconf 91' lang='lat' dir='ltr'><strong>ad</strong></span> 
     </span>
     <span class='ocr_line' id='line_1_7' title="bbox 286 1303 1654 1402; baseline 0.007 -26"><span class='ocrx_word' id='word_1_55' title='bbox 286 1303 430 1377; x_wconf 87' lang='lat' dir='ltr'><strong>infimam</strong></span> <span class='ocrx_word' id='word_1_56' title='bbox 450 1315 587 1394; x_wconf 90' lang='lat' dir='ltr'><strong>sortem,</strong></span> <span class='ocrx_word' id='word_1_57' title='bbox 613 1304 890 1401; x_wconf 78' lang='lat' dir='ltr'><strong>humilitatemque</strong></span> <span class='ocrx_word' id='word_1_58' title='bbox 913 1311 1040 1394; x_wconf 90' lang='lat' dir='ltr'><strong>mortis,</strong></span> <span class='ocrx_word' id='word_1_59' title='bbox 1068 1317 1102 1378; x_wconf 91' lang='lat' dir='ltr'><strong>et</strong></span> <span class='ocrx_word' id='word_1_60' title='bbox 1119 1309 1250 1381; x_wconf 89' lang='lat' dir='ltr'><strong>eumad</strong></span> <span class='ocrx_word' id='word_1_61' title='bbox 1269 1331 1309 1382; x_wconf 91' lang='lat' dir='ltr'><strong>ee</strong></span> <span class='ocrx_word' id='word_1_62' title='bbox 1332 1311 1509 1384; x_wconf 87' lang='lat' dir='ltr'><strong>translatus</strong></span> <span class='ocrx_word' id='word_1_63' title='bbox 1526 1311 1654 1402; x_wconf 86' lang='lat' dir='ltr'><strong>luisset,</strong></span> 
     </span>
     <span class='ocr_line' id='line_1_8' title="bbox 287 1420 1655 1522; baseline 0.007 -30"><span class='ocrx_word' id='word_1_64' title='bbox 287 1424 406 1493; x_wconf 90' lang='lat' dir='ltr'><strong>misisti</strong></span> <span class='ocrx_word' id='word_1_65' title='bbox 432 1420 580 1493; x_wconf 89' lang='lat' dir='ltr'><strong>Verbum</strong></span> <span class='ocrx_word' id='word_1_66' title='bbox 607 1423 715 1494; x_wconf 91' lang='lat' dir='ltr'><strong>Deum</strong></span> <span class='ocrx_word' id='word_1_67' title='bbox 741 1425 944 1513; x_wconf 88' lang='lat' dir='ltr'><strong>unigenitum</strong></span> <span class='ocrx_word' id='word_1_68' title='bbox 969 1422 1086 1496; x_wconf 88' lang='lat' dir='ltr'><strong>Filium</strong></span> <span class='ocrx_word' id='word_1_69' title='bbox 1114 1434 1213 1512; x_wconf 88' lang='lat' dir='ltr'><strong>tunm,</strong></span> <span class='ocrx_word' id='word_1_70' title='bbox 1243 1429 1298 1520; x_wconf 92' lang='lat' dir='ltr'><strong>qui</strong></span> <span class='ocrx_word' id='word_1_71' title='bbox 1324 1426 1450 1522; x_wconf 88' lang='lat' dir='ltr'><strong>absque</strong></span> <span class='ocrx_word' id='word_1_72' title='bbox 1475 1432 1655 1502; x_wconf 88' lang='lat' dir='ltr'><strong>mutatione</strong></span> 
     </span>
     <span class='ocr_line' id='line_1_9' title="bbox 287 1536 1652 1633; baseline 0.006 -25"><span class='ocrx_word' id='word_1_73' title='bbox 287 1540 479 1612; x_wconf 88' lang='lat' dir='ltr'><strong>incarnatus</strong></span> <span class='ocrx_word' id='word_1_74' title='bbox 507 1548 559 1610; x_wconf 89' lang='lat' dir='ltr'><strong>est</strong></span> <span class='ocrx_word' id='word_1_75' title='bbox 592 1536 635 1609; x_wconf 91' lang='lat' dir='ltr'><strong>de</strong></span> <span class='ocrx_word' id='word_1_76' title='bbox 661 1536 784 1633; x_wconf 87' lang='lat' dir='ltr'><strong>Spiritu</strong></span> <span class='ocrx_word' id='word_1_77' title='bbox 819 1547 951 1625; x_wconf 89' lang='lat' dir='ltr'><strong>sancto,</strong></span> <span class='ocrx_word' id='word_1_78' title='bbox 985 1561 1031 1610; x_wconf 88' lang='lat' dir='ltr'><strong>ex</strong></span> <span class='ocrx_word' id='word_1_79' title='bbox 1065 1539 1172 1613; x_wconf 88' lang='lat' dir='ltr'><strong>Maria</strong></span> <span class='ocrx_word' id='word_1_80' title='bbox 1204 1540 1347 1633; x_wconf 85' lang='lat' dir='ltr'><strong>Virgine</strong></span> <span class='ocrx_word' id='word_1_81' title='bbox 1371 1543 1560 1630; x_wconf 68' lang='lat' dir='ltr'><strong>‚benedicta</strong></span> <span class='ocrx_word' id='word_1_82' title='bbox 1613 1546 1652 1616; x_wconf 93' lang='lat' dir='ltr'><strong>In</strong></span> 
     </span>
     <span class='ocr_line' id='line_1_10' title="bbox 286 1652 1652 1756; baseline 0.005 -31"><span class='ocrx_word' id='word_1_83' title='bbox 286 1652 408 1726; x_wconf 89' lang='lat' dir='ltr'><strong>mundo</strong></span> <span class='ocrx_word' id='word_1_84' title='bbox 442 1652 622 1725; x_wconf 90' lang='lat' dir='ltr'><strong>secundum</strong></span> <span class='ocrx_word' id='word_1_85' title='bbox 656 1652 934 1749; x_wconf 89' lang='lat' dir='ltr'><strong>dispensationem</strong></span> <span class='ocrx_word' id='word_1_86' title='bbox 969 1677 1063 1726; x_wconf 88' lang='lat' dir='ltr'><strong>suam</strong></span> <span class='ocrx_word' id='word_1_87' title='bbox 1096 1667 1318 1729; x_wconf 91' lang='lat' dir='ltr'><strong>conversatus</strong></span> <span class='ocrx_word' id='word_1_88' title='bbox 1351 1668 1414 1748; x_wconf 87' lang='lat' dir='ltr'><strong>est,</strong></span> <span class='ocrx_word' id='word_1_89' title='bbox 1452 1659 1652 1756; x_wconf 87' lang='lat' dir='ltr'><strong>reduxitque</strong></span> 
     </span>
     <span class='ocr_line' id='line_1_11' title="bbox 286 1768 966 1864; baseline -0.001 -23"><span class='ocrx_word' id='word_1_90' title='bbox 286 1792 349 1843; x_wconf 91' lang='lat' dir='ltr'><strong>nos</strong></span> <span class='ocrx_word' id='word_1_91' title='bbox 377 1768 420 1840; x_wconf 90' lang='lat' dir='ltr'><strong>ad</strong></span> <span class='ocrx_word' id='word_1_92' title='bbox 445 1771 585 1863; x_wconf 91' lang='lat' dir='ltr'><strong>patriam</strong></span> <span class='ocrx_word' id='word_1_93' title='bbox 610 1778 760 1842; x_wconf 88' lang='lat' dir='ltr'><strong>nostram</strong></span> <span class='ocrx_word' id='word_1_94' title='bbox 785 1772 966 1864; x_wconf 90' lang='lat' dir='ltr'><strong>pristinam.</strong></span> 
     </span>
    </p>

    <p class='ocr_par' dir='ltr' id='par_1_3' title="bbox 279 1883 1714 3124">
     <span class='ocr_line' id='line_1_12' title="bbox 389 1883 1650 1984; baseline 0.008 -28"><span class='ocrx_word' id='word_1_95' title='bbox 389 1885 539 1957; x_wconf 71' lang='grc' dir='ltr'><strong>Εῑευαπε</strong></span> <span class='ocrx_word' id='word_1_96' title='bbox 564 1907 689 1956; x_wconf 75' lang='lat' dir='ltr'><strong>vocem.</strong></span> <span class='ocrx_word' id='word_1_97' title='bbox 743 1883 820 1970; x_wconf 84' lang='lat' dir='ltr'><strong>Qui.</strong></span> <span class='ocrx_word' id='word_1_98' title='bbox 834 1909 909 1958; x_wconf 91' lang='lat' dir='ltr'><strong>cum</strong></span> <span class='ocrx_word' id='word_1_99' title='bbox 934 1889 1125 1961; x_wconf 88' lang='lat' dir='ltr'><strong>universam</strong></span> <span class='ocrx_word' id='word_1_100' title='bbox 1152 1888 1431 1984; x_wconf 87' lang='lat' dir='ltr'><strong>dispensationem</strong></span> <span class='ocrx_word' id='word_1_101' title='bbox 1466 1913 1560 1964; x_wconf 90' lang='lat' dir='ltr'><strong>suam</strong></span> <span class='ocrx_word' id='word_1_102' title='bbox 1586 1915 1650 1966; x_wconf 94' lang='lat' dir='ltr'><strong>sa-</strong></span> 
     </span>
     <span class='ocr_line' id='line_1_13' title="bbox 285 2001 1650 2101; baseline 0.006 -27"><span class='ocrx_word' id='word_1_103' title='bbox 285 2001 425 2077; x_wconf 90' lang='lat' dir='ltr'><strong>lutarem</strong></span> <span class='ocrx_word' id='word_1_104' title='bbox 453 2015 487 2077; x_wconf 92' lang='lat' dir='ltr'><strong>et</strong></span> <span class='ocrx_word' id='word_1_105' title='bbox 512 2008 604 2076; x_wconf 91' lang='lat' dir='ltr'><strong>vitae</strong></span> <span class='ocrx_word' id='word_1_106' title='bbox 631 2004 773 2101; x_wconf 89' lang='lat' dir='ltr'><strong>plenam,</strong></span> <span class='ocrx_word' id='word_1_107' title='bbox 801 2006 1055 2100; x_wconf 78' lang='lat' dir='ltr'><strong>complevisset,</strong></span> <span class='ocrx_word' id='word_1_108' title='bbox 1090 2009 1296 2100; x_wconf 83' lang='lat' dir='ltr'><strong>virtutesque</strong></span> <span class='ocrx_word' id='word_1_109' title='bbox 1327 2016 1361 2079; x_wconf 94' lang='lat' dir='ltr'><strong>et</strong></span> <span class='ocrx_word' id='word_1_110' title='bbox 1386 2008 1543 2081; x_wconf 89' lang='lat' dir='ltr'><strong>miracula</strong></span> <span class='ocrx_word' id='word_1_111' title='bbox 1569 2015 1650 2082; x_wconf 90' lang='lat' dir='ltr'><strong>uni-</strong></span> 
     </span>
     <span class='ocr_line' id='line_1_14' title="bbox 284 2119 1650 2218; baseline 0.004 -27"><span class='ocrx_word' id='word_1_112' title='bbox 284 2125 396 2193; x_wconf 91' lang='lat' dir='ltr'><strong>versis</strong></span> <span class='ocrx_word' id='word_1_113' title='bbox 423 2126 584 2196; x_wconf 90' lang='lat' dir='ltr'><strong>creaturis</strong></span> <span class='ocrx_word' id='word_1_114' title='bbox 612 2121 828 2213; x_wconf 82' lang='lat' dir='ltr'><strong>exhibuisset,</strong></span> <span class='ocrx_word' id='word_1_115' title='bbox 854 2132 1118 2218; x_wconf 86' lang='lat' dir='ltr'><strong>potestatemque</strong></span> <span class='ocrx_word' id='word_1_116' title='bbox 1143 2119 1278 2193; x_wconf 91' lang='lat' dir='ltr'><strong>rebellis</strong></span> <span class='ocrx_word' id='word_1_117' title='bbox 1305 2133 1339 2196; x_wconf 92' lang='lat' dir='ltr'><strong>et</strong></span> <span class='ocrx_word' id='word_1_118' title='bbox 1370 2122 1555 2198; x_wconf 88' lang='lat' dir='ltr'><strong>seductoris</strong></span> <span class='ocrx_word' id='word_1_119' title='bbox 1582 2148 1650 2196; x_wconf 93' lang='lat' dir='ltr'><strong>nn-</strong></span> 
     </span>
     <span class='ocr_line' id='line_1_15' title="bbox 285 2236 1650 2333; baseline 0.003 -25"><span class='ocrx_word' id='word_1_120' title='bbox 285 2237 384 2333; x_wconf 91' lang='lat' dir='ltr'><strong>dique</strong></span> <span class='ocrx_word' id='word_1_121' title='bbox 417 2237 620 2312; x_wconf 86' lang='lat' dir='ltr'><strong>sustulisset:</strong></span> <span class='ocrx_word' id='word_1_122' title='bbox 654 2247 752 2332; x_wconf 90' lang='lat' dir='ltr'><strong>atque</strong></span> <span class='ocrx_word' id='word_1_123' title='bbox 788 2237 829 2310; x_wconf 90' lang='lat' dir='ltr'><strong>ad</strong></span> <span class='ocrx_word' id='word_1_124' title='bbox 863 2241 1054 2333; x_wconf 90' lang='lat' dir='ltr'><strong>passionem</strong></span> <span class='ocrx_word' id='word_1_125' title='bbox 1081 2236 1259 2310; x_wconf 87' lang='lat' dir='ltr'><strong>salutarem</strong></span> <span class='ocrx_word' id='word_1_126' title='bbox 1290 2261 1352 2333; x_wconf 92' lang='lat' dir='ltr'><strong>per</strong></span> <span class='ocrx_word' id='word_1_127' title='bbox 1384 2260 1533 2310; x_wconf 90' lang='lat' dir='ltr'><strong>amorem</strong></span> <span class='ocrx_word' id='word_1_128' title='bbox 1566 2262 1650 2332; x_wconf 90' lang='lat' dir='ltr'><strong>erga</strong></span> 
     </span>
     <span class='ocr_line' id='line_1_16' title="bbox 284 2347 1675 2452; baseline 0.004 -28"><span class='ocrx_word' id='word_1_129' title='bbox 284 2351 434 2427; x_wconf 89' lang='lat' dir='ltr'><strong>homines</strong></span> <span class='ocrx_word' id='word_1_130' title='bbox 461 2377 555 2428; x_wconf 89' lang='lat' dir='ltr'><strong>suum</strong></span> <span class='ocrx_word' id='word_1_131' title='bbox 580 2356 740 2443; x_wconf 88' lang='lat' dir='ltr'><strong>veniens,</strong></span> <span class='ocrx_word' id='word_1_132' title='bbox 774 2375 894 2446; x_wconf 91' lang='lat' dir='ltr'><strong>agnum</strong></span> <span class='ocrx_word' id='word_1_133' title='bbox 927 2353 1016 2426; x_wconf 93' lang='lat' dir='ltr'><strong>illum</strong></span> <span class='ocrx_word' id='word_1_134' title='bbox 1048 2352 1193 2445; x_wconf 83' lang='lat' dir='ltr'><strong>legalem</strong></span> <span class='ocrx_word' id='word_1_135' title='bbox 1223 2347 1237 2388; x_wconf 85' lang='lat'>³</span> <span class='ocrx_word' id='word_1_136' title='bbox 1264 2377 1336 2425; x_wconf 93' lang='lat' dir='ltr'><strong>cum</strong></span> <span class='ocrx_word' id='word_1_137' title='bbox 1374 2356 1469 2429; x_wconf 90' lang='lat' dir='ltr'><strong>turba</strong></span> <span class='ocrx_word' id='word_1_138' title='bbox 1496 2354 1675 2452; x_wconf 90' lang='lat' dir='ltr'><strong>discipn-.</strong></span> 
     </span>
     <span class='ocr_line' id='line_1_17' title="bbox 284 2469 1714 2567; baseline 0.003 -25"><span class='ocrx_word' id='word_1_139' title='bbox 284 2469 392 2542; x_wconf 92' lang='lat' dir='ltr'><strong>lorum</strong></span> <span class='ocrx_word' id='word_1_140' title='bbox 425 2492 560 2545; x_wconf 89' lang='lat' dir='ltr'><strong>suorum</strong></span> <span class='ocrx_word' id='word_1_141' title='bbox 593 2470 811 2546; x_wconf 83' lang='lat' dir='ltr'><strong>comedisset:</strong></span> <span class='ocrx_word' id='word_1_142' title='bbox 854 2473 1022 2566; x_wconf 89' lang='lat' dir='ltr'><strong>accipiens</strong></span> <span class='ocrx_word' id='word_1_143' title='bbox 1054 2492 1175 2566; x_wconf 90' lang='lat' dir='ltr'><strong>panem</strong></span> <span class='ocrx_word' id='word_1_144' title='bbox 1205 2473 1240 2542; x_wconf 92' lang='lat' dir='ltr'><strong>in</strong></span> <span class='ocrx_word' id='word_1_145' title='bbox 1273 2491 1389 2543; x_wconf 89' lang='lat' dir='ltr'><strong>manus</strong></span> <span class='ocrx_word' id='word_1_146' title='bbox 1422 2493 1500 2544; x_wconf 90' lang='lat' dir='ltr'><strong>suas</strong></span> <span class='ocrx_word' id='word_1_147' title='bbox 1533 2495 1648 2567; x_wconf 89' lang='lat' dir='ltr'><strong>puras,</strong></span> <span class='ocrx_word' id='word_1_148' title='bbox 1712 2553 1714 2559; x_wconf 22' lang='lat' dir='ltr'>s</span> 
     </span>
     <span class='ocr_line' id='line_1_18' title="bbox 283 2585 1649 2683; baseline -0.002 -22"><span class='ocrx_word' id='word_1_149' title='bbox 283 2597 428 2675; x_wconf 86' lang='lat' dir='ltr'><strong>sanctas,</strong></span> <span class='ocrx_word' id='word_1_150' title='bbox 455 2585 680 2658; x_wconf 86' lang='lat' dir='ltr'><strong>immaculatas</strong></span> <span class='ocrx_word' id='word_1_151' title='bbox 707 2596 742 2658; x_wconf 89' lang='lat' dir='ltr'><strong>et</strong></span> <span class='ocrx_word' id='word_1_152' title='bbox 766 2585 966 2682; x_wconf 88' lang='lat' dir='ltr'><strong>impollutas,</strong></span> <span class='ocrx_word' id='word_1_153' title='bbox 993 2585 1131 2658; x_wconf 91' lang='lat' dir='ltr'><strong>elevans</strong></span> <span class='ocrx_word' id='word_1_154' title='bbox 1147 2586 1263 2660; x_wconf 92' lang='lat' dir='ltr'><strong>oculos</strong></span> <span class='ocrx_word' id='word_1_155' title='bbox 1289 2589 1322 2657; x_wconf 92' lang='lat' dir='ltr'><strong>in</strong></span> <span class='ocrx_word' id='word_1_156' title='bbox 1350 2586 1490 2676; x_wconf 91' lang='lat' dir='ltr'><strong>coelum,</strong></span> <span class='ocrx_word' id='word_1_157' title='bbox 1517 2589 1649 2683; x_wconf 84' lang='lat' dir='ltr'><strong>aspexit</strong></span> 
     </span>
     <span class='ocr_line' id='line_1_19' title="bbox 283 2702 1647 2795; baseline 0.001 -20"><span class='ocrx_word' id='word_1_158' title='bbox 283 2703 325 2775; x_wconf 91' lang='lat' dir='ltr'><strong>ad</strong></span> <span class='ocrx_word' id='word_1_159' title='bbox 351 2713 384 2775; x_wconf 91' lang='lat' dir='ltr'><strong>te</strong></span> <span class='ocrx_word' id='word_1_160' title='bbox 411 2704 504 2775; x_wconf 92' lang='lat' dir='ltr'><strong>Deus</strong></span> <span class='ocrx_word' id='word_1_161' title='bbox 530 2703 630 2775; x_wconf 89' lang='lat' dir='ltr'><strong>Pater</strong></span> <span class='ocrx_word' id='word_1_162' title='bbox 656 2712 691 2774; x_wconf 88' lang='lat' dir='ltr'><strong>ct</strong></span> <span class='ocrx_word' id='word_1_163' title='bbox 716 2705 842 2795; x_wconf 82' lang='lat' dir='ltr'><strong>gratias</strong></span> <span class='ocrx_word' id='word_1_164' title='bbox 869 2706 950 2794; x_wconf 90' lang='lat' dir='ltr'><strong>egit,</strong></span> <span class='ocrx_word' id='word_1_165' title='bbox 976 2708 997 2784; x_wconf 92' lang='lat'>†</span> <span class='ocrx_word' id='word_1_166' title='bbox 1023 2702 1205 2792; x_wconf 81' lang='lat' dir='ltr'><strong>benedixit,</strong></span> <span class='ocrx_word' id='word_1_167' title='bbox 1232 2703 1498 2792; x_wconf 87' lang='lat' dir='ltr'><strong>†sanotilicavit‚</strong></span> <span class='ocrx_word' id='word_1_168' title='bbox 1525 2710 1546 2786; x_wconf 92' lang='lat'>†</span> <span class='ocrx_word' id='word_1_169' title='bbox 1571 2703 1647 2777; x_wconf 87' lang='lat' dir='ltr'><strong>he-</strong></span> 
     </span>
     <span class='ocr_line' id='line_1_20' title="bbox 282 2816 1649 2915; baseline 0.001 -23"><span class='ocrx_word' id='word_1_170' title='bbox 282 2821 351 2912; x_wconf 86' lang='lat' dir='ltr'><strong>gil,</strong></span> <span class='ocrx_word' id='word_1_171' title='bbox 388 2818 542 2914; x_wconf 91' lang='lat' dir='ltr'><strong>deditque</strong></span> <span class='ocrx_word' id='word_1_172' title='bbox 574 2819 739 2914; x_wconf 89' lang='lat' dir='ltr'><strong>discipulis</strong></span> <span class='ocrx_word' id='word_1_173' title='bbox 773 2822 841 2890; x_wconf 90' lang='lat' dir='ltr'><strong>suis</strong></span> <span class='ocrx_word' id='word_1_174' title='bbox 874 2820 998 2890; x_wconf 87' lang='lat' dir='ltr'><strong>sanctis</strong></span> <span class='ocrx_word' id='word_1_175' title='bbox 1029 2816 1159 2902; x_wconf 82' lang='lat' dir='ltr'><strong>dicens:</strong></span> <span class='ocrx_word' id='word_1_176' title='bbox 1197 2821 1364 2915; x_wconf 83' lang='lat' dir='ltr'><strong>Accipite:</strong></span> <span class='ocrx_word' id='word_1_177' title='bbox 1400 2820 1563 2894; x_wconf 92' lang='lat' dir='ltr'><strong>comedite</strong></span> <span class='ocrx_word' id='word_1_178' title='bbox 1602 2844 1649 2893; x_wconf 90' lang='lat' dir='ltr'><strong>ex</strong></span> 
     </span>
     <span class='ocr_line' id='line_1_21' title="bbox 283 2932 1648 3032; baseline -0.001 -24"><span class='ocrx_word' id='word_1_179' title='bbox 283 2958 345 3008; x_wconf 92' lang='lat' dir='ltr'><strong>eo:</strong></span> <span class='ocrx_word' id='word_1_180' title='bbox 371 2935 446 3007; x_wconf 91' lang='lat' dir='ltr'><strong>lloc</strong></span> <span class='ocrx_word' id='word_1_181' title='bbox 473 2945 524 3008; x_wconf 90' lang='lat' dir='ltr'><strong>est</strong></span> <span class='ocrx_word' id='word_1_182' title='bbox 550 2956 671 3031; x_wconf 91' lang='lat' dir='ltr'><strong>corpus</strong></span> <span class='ocrx_word' id='word_1_183' title='bbox 699 2957 820 3024; x_wconf 90' lang='lat' dir='ltr'><strong>meum,</strong></span> <span class='ocrx_word' id='word_1_184' title='bbox 847 2932 935 3028; x_wconf 91' lang='lat' dir='ltr'><strong>quod</strong></span> <span class='ocrx_word' id='word_1_185' title='bbox 961 2955 1025 3006; x_wconf 92' lang='lat' dir='ltr'><strong>vos</strong></span> <span class='ocrx_word' id='word_1_186' title='bbox 1053 2945 1087 3006; x_wconf 92' lang='lat' dir='ltr'><strong>et</strong></span> <span class='ocrx_word' id='word_1_187' title='bbox 1112 2934 1232 3008; x_wconf 89' lang='lat' dir='ltr'><strong>multos</strong></span> <span class='ocrx_word' id='word_1_188' title='bbox 1258 2934 1373 3008; x_wconf 88' lang='lat' dir='ltr'><strong>lideles</strong></span> <span class='ocrx_word' id='word_1_189' title='bbox 1399 2947 1578 3032; x_wconf 89' lang='lat' dir='ltr'><strong>praeparat</strong></span> <span class='ocrx_word' id='word_1_190' title='bbox 1604 2935 1648 3008; x_wconf 92' lang='lat' dir='ltr'><strong>ad</strong></span> 
     </span>
     <span class='ocr_line' id='line_1_22' title="bbox 279 3055 590 3124; baseline -0.003 -1"><span class='ocrx_word' id='word_1_191' title='bbox 279 3055 385 3124; x_wconf 91' lang='lat' dir='ltr'><strong>vitam</strong></span> <span class='ocrx_word' id='word_1_192' title='bbox 412 3061 590 3123; x_wconf 89' lang='lat' dir='ltr'><strong>aeternam.</strong></span> 
     </span>
    </p>

    <p class='ocr_par' dir='ltr' id='par_1_4' title="bbox 384 3169 716 3264">
     <span class='ocr_line' id='line_1_23' title="bbox 384 3169 716 3264; baseline 0.006 -24"><span class='ocrx_word' id='word_1_193' title='bbox 384 3169 545 3264; x_wconf 83' lang='lat' dir='ltr'><strong>Populos.</strong></span> <span class='ocrx_word' id='word_1_194' title='bbox 596 3171 716 3245; x_wconf 84' lang='lat' dir='ltr'><strong>Amen.</strong></span> 
     </span>
    </p>

    <p class='ocr_par' dir='ltr' id='par_1_5' title="bbox 279 3283 1644 3847">
     <span class='ocr_line' id='line_1_24' title="bbox 383 3283 1644 3381; baseline 0.001 -25"><span class='ocrx_word' id='word_1_195' title='bbox 383 3285 567 3360; x_wconf 81' lang='lat' dir='ltr'><strong>Sacerdos.</strong></span> <span class='ocrx_word' id='word_1_196' title='bbox 620 3288 776 3360; x_wconf 90' lang='lat' dir='ltr'><strong>Similiter</strong></span> <span class='ocrx_word' id='word_1_197' title='bbox 802 3289 902 3358; x_wconf 93' lang='lat' dir='ltr'><strong>etiam</strong></span> <span class='ocrx_word' id='word_1_198' title='bbox 937 3295 972 3357; x_wconf 92' lang='lat' dir='ltr'><strong>et</strong></span> <span class='ocrx_word' id='word_1_199' title='bbox 1006 3283 1144 3355; x_wconf 87' lang='lat' dir='ltr'><strong>calicem</strong></span> <span class='ocrx_word' id='word_1_200' title='bbox 1176 3285 1257 3354; x_wconf 94' lang='lat' dir='ltr'><strong>vino</strong></span> <span class='ocrx_word' id='word_1_201' title='bbox 1289 3293 1323 3354; x_wconf 91' lang='lat' dir='ltr'><strong>et</strong></span> <span class='ocrx_word' id='word_1_202' title='bbox 1354 3306 1438 3378; x_wconf 91' lang='lat' dir='ltr'><strong>aqua</strong></span> <span class='ocrx_word' id='word_1_203' title='bbox 1470 3295 1644 3381; x_wconf 90' lang='lat' dir='ltr'><strong>tempera-</strong></span> 
     </span>
     <span class='ocr_line' id='line_1_25' title="bbox 280 3398 1644 3499; baseline 0.001 -25"><span class='ocrx_word' id='word_1_204' title='bbox 280 3411 366 3492; x_wconf 87' lang='lat' dir='ltr'><strong>tum,</strong></span> <span class='ocrx_word' id='word_1_205' title='bbox 402 3407 530 3499; x_wconf 88' lang='lat' dir='ltr'><strong>accepit</strong></span> <span class='ocrx_word' id='word_1_206' title='bbox 556 3415 590 3476; x_wconf 91' lang='lat' dir='ltr'><strong>et</strong></span> <span class='ocrx_word' id='word_1_207' title='bbox 623 3409 750 3498; x_wconf 89' lang='lat' dir='ltr'><strong>gratias</strong></span> <span class='ocrx_word' id='word_1_208' title='bbox 776 3407 856 3495; x_wconf 85' lang='lat' dir='ltr'><strong>egit,</strong></span> <span class='ocrx_word' id='word_1_209' title='bbox 882 3408 903 3484; x_wconf 93' lang='lat'>†</span> <span class='ocrx_word' id='word_1_210' title='bbox 929 3399 1120 3490; x_wconf 90' lang='lat' dir='ltr'><strong>benedixit,</strong></span> <span class='ocrx_word' id='word_1_211' title='bbox 1145 3405 1166 3481; x_wconf 86' lang='lat'><strong>†</strong></span> <span class='ocrx_word' id='word_1_212' title='bbox 1193 3398 1421 3489; x_wconf 86' lang='lat' dir='ltr'><strong>sanctificavit,</strong></span> <span class='ocrx_word' id='word_1_213' title='bbox 1447 3406 1468 3482; x_wconf 92' lang='lat'>†</span> <span class='ocrx_word' id='word_1_214' title='bbox 1495 3411 1529 3472; x_wconf 91' lang='lat' dir='ltr'><strong>et</strong></span> <span class='ocrx_word' id='word_1_215' title='bbox 1556 3401 1644 3475; x_wconf 91' lang='lat' dir='ltr'><strong>dedit</strong></span> 
     </span>
     <span class='ocr_line' id='line_1_26' title="bbox 279 3515 1643 3616; baseline -0.001 -26"><span class='ocrx_word' id='word_1_216' title='bbox 279 3518 398 3590; x_wconf 91' lang='lat' dir='ltr'><strong>iisdem</strong></span> <span class='ocrx_word' id='word_1_217' title='bbox 424 3518 593 3615; x_wconf 87' lang='lat' dir='ltr'><strong>discipulis</strong></span> <span class='ocrx_word' id='word_1_218' title='bbox 626 3518 801 3616; x_wconf 88' lang='lat' dir='ltr'><strong>Apostolis</strong></span> <span class='ocrx_word' id='word_1_219' title='bbox 838 3521 906 3590; x_wconf 91' lang='lat' dir='ltr'><strong>suis</strong></span> <span class='ocrx_word' id='word_1_220' title='bbox 940 3518 1079 3591; x_wconf 90' lang='lat' dir='ltr'><strong>sanctis:</strong></span> <span class='ocrx_word' id='word_1_221' title='bbox 1112 3515 1239 3587; x_wconf 90' lang='lat' dir='ltr'><strong>dicens:</strong></span> <span class='ocrx_word' id='word_1_222' title='bbox 1266 3516 1441 3611; x_wconf 86' lang='lat' dir='ltr'><strong>Accipite,</strong></span> <span class='ocrx_word' id='word_1_223' title='bbox 1467 3517 1583 3612; x_wconf 88' lang='lat' dir='ltr'><strong>bibite</strong></span> <span class='ocrx_word' id='word_1_224' title='bbox 1597 3541 1643 3590; x_wconf 90' lang='lat' dir='ltr'><strong>ex</strong></span> 
     </span>
     <span class='ocr_line' id='line_1_27' title="bbox 279 3630 1641 3728; baseline 0.001 -22"><span class='ocrx_word' id='word_1_225' title='bbox 279 3657 322 3706; x_wconf 92' lang='lat' dir='ltr'><strong>eo</strong></span> <span class='ocrx_word' id='word_1_226' title='bbox 350 3656 414 3707; x_wconf 92' lang='lat' dir='ltr'><strong>vos</strong></span> <span class='ocrx_word' id='word_1_227' title='bbox 448 3659 582 3708; x_wconf 91' lang='lat' dir='ltr'><strong>omnes:</strong></span> <span class='ocrx_word' id='word_1_228' title='bbox 614 3637 678 3708; x_wconf 93' lang='lat' dir='ltr'><strong>Hic</strong></span> <span class='ocrx_word' id='word_1_229' title='bbox 711 3646 763 3709; x_wconf 91' lang='lat' dir='ltr'><strong>est</strong></span> <span class='ocrx_word' id='word_1_230' title='bbox 790 3638 926 3726; x_wconf 90' lang='lat' dir='ltr'><strong>sanguis</strong></span> <span class='ocrx_word' id='word_1_231' title='bbox 956 3656 1050 3707; x_wconf 90' lang='lat' dir='ltr'><strong>meus</strong></span> <span class='ocrx_word' id='word_1_232' title='bbox 1085 3632 1289 3705; x_wconf 83' lang='lat' dir='ltr'><strong>Testamenti</strong></span> <span class='ocrx_word' id='word_1_233' title='bbox 1315 3630 1424 3722; x_wconf 91' lang='lat' dir='ltr'><strong>Novi,</strong></span> <span class='ocrx_word' id='word_1_234' title='bbox 1457 3636 1545 3728; x_wconf 94' lang='lat' dir='ltr'><strong>quod</strong></span> <span class='ocrx_word' id='word_1_235' title='bbox 1577 3657 1641 3708; x_wconf 92' lang='lat' dir='ltr'><strong>vos</strong></span> 
     </span>
     <span class='ocr_line' id='line_1_28' title="bbox 279 3750 1205 3847; baseline -0.004 -25"><span class='ocrx_word' id='word_1_236' title='bbox 279 3761 313 3822; x_wconf 88' lang='lat' dir='ltr'><strong>ct</strong></span> <span class='ocrx_word' id='word_1_237' title='bbox 338 3751 458 3824; x_wconf 90' lang='lat' dir='ltr'><strong>multos</strong></span> <span class='ocrx_word' id='word_1_238' title='bbox 484 3751 599 3826; x_wconf 90' lang='lat' dir='ltr'><strong>lideles</strong></span> <span class='ocrx_word' id='word_1_239' title='bbox 625 3762 803 3847; x_wconf 89' lang='lat' dir='ltr'><strong>praeparat</strong></span> <span class='ocrx_word' id='word_1_240' title='bbox 830 3750 872 3822; x_wconf 91' lang='lat' dir='ltr'><strong>ad</strong></span> <span class='ocrx_word' id='word_1_241' title='bbox 898 3753 1001 3823; x_wconf 88' lang='lat' dir='ltr'><strong>vitam</strong></span> <span class='ocrx_word' id='word_1_242' title='bbox 1027 3759 1205 3821; x_wconf 91' lang='lat' dir='ltr'><strong>aeternam.</strong></span> 
     </span>
    </p>

    <p class='ocr_par' dir='ltr' id='par_1_6' title="bbox 383 3866 715 3961">
     <span class='ocr_line' id='line_1_29' title="bbox 383 3866 715 3961; baseline 0.006 -24"><span class='ocrx_word' id='word_1_243' title='bbox 383 3866 543 3961; x_wconf 85' lang='lat' dir='ltr'><strong>Populos.</strong></span> <span class='ocrx_word' id='word_1_244' title='bbox 594 3869 715 3941; x_wconf 88' lang='lat' dir='ltr'><strong>Amen.</strong></span> 
     </span>
    </p>

    <p class='ocr_par' dir='ltr' id='par_1_7' title="bbox 279 3979 1643 4422">
     <span class='ocr_line' id='line_1_30' title="bbox 382 3979 1643 4081; baseline -0.001 -26"><span class='ocrx_word' id='word_1_245' title='bbox 382 3983 566 4056; x_wconf 82' lang='lat' dir='ltr'><strong>Sacerdos.</strong></span> <span class='ocrx_word' id='word_1_246' title='bbox 607 3984 748 4081; x_wconf 91' lang='lat' dir='ltr'><strong>Semper</strong></span> <span class='ocrx_word' id='word_1_247' title='bbox 775 3993 884 4056; x_wconf 89' lang='lat' dir='ltr'><strong>antem</strong></span> <span class='ocrx_word' id='word_1_248' title='bbox 910 3987 955 4055; x_wconf 91' lang='lat' dir='ltr'><strong>ita</strong></span> <span class='ocrx_word' id='word_1_249' title='bbox 982 3979 1146 4053; x_wconf 42' lang='lat' dir='ltr'><strong>iacite‘ad</strong></span> <span class='ocrx_word' id='word_1_250' title='bbox 1164 3984 1513 4054; x_wconf 91' lang='lat' dir='ltr'><strong>commemorationem</strong></span> <span class='ocrx_word' id='word_1_251' title='bbox 1528 3984 1643 4054; x_wconf 90' lang='lat' dir='ltr'><strong>mortis</strong></span> 
     </span>
     <span class='ocr_line' id='line_1_31' title="bbox 279 4094 1643 4196; baseline 0 -26"><span class='ocrx_word' id='word_1_252' title='bbox 279 4121 395 4171; x_wconf 86' lang='lat' dir='ltr'><strong>meae:</strong></span> <span class='ocrx_word' id='word_1_253' title='bbox 424 4104 693 4196; x_wconf 85' lang='lat' dir='ltr'><strong>quotiescumque</strong></span> <span class='ocrx_word' id='word_1_254' title='bbox 719 4104 805 4173; x_wconf 91' lang='lat' dir='ltr'><strong>enim</strong></span> <span class='ocrx_word' id='word_1_255' title='bbox 832 4121 954 4196; x_wconf 92' lang='lat' dir='ltr'><strong>panem</strong></span> <span class='ocrx_word' id='word_1_256' title='bbox 974 4098 1059 4169; x_wconf 93' lang='lat' dir='ltr'><strong>hunc</strong></span> <span class='ocrx_word' id='word_1_257' title='bbox 1084 4094 1323 4169; x_wconf 89' lang='lat' dir='ltr'><strong>manducabitis</strong></span> <span class='ocrx_word' id='word_1_258' title='bbox 1348 4107 1382 4167; x_wconf 91' lang='lat' dir='ltr'><strong>et</strong></span> <span class='ocrx_word' id='word_1_259' title='bbox 1407 4097 1545 4170; x_wconf 89' lang='lat' dir='ltr'><strong>cahcem</strong></span> <span class='ocrx_word' id='word_1_260' title='bbox 1558 4098 1643 4170; x_wconf 91' lang='lat' dir='ltr'><strong>hunc</strong></span> 
     </span>
     <span class='ocr_line' id='line_1_32' title="bbox 279 4213 1642 4306; baseline -0.001 -19"><span class='ocrx_word' id='word_1_261' title='bbox 279 4213 413 4306; x_wconf 90' lang='lat' dir='ltr'><strong>bibetis,</strong></span> <span class='ocrx_word' id='word_1_262' title='bbox 439 4221 554 4289; x_wconf 91' lang='lat' dir='ltr'><strong>mortis</strong></span> <span class='ocrx_word' id='word_1_263' title='bbox 581 4240 678 4290; x_wconf 88' lang='lat' dir='ltr'><strong>meae</strong></span> <span class='ocrx_word' id='word_1_264' title='bbox 704 4220 896 4289; x_wconf 89' lang='lat' dir='ltr'><strong>memoriam</strong></span> <span class='ocrx_word' id='word_1_265' title='bbox 923 4214 1064 4304; x_wconf 83' lang='lat' dir='ltr'><strong>facietis,</strong></span> <span class='ocrx_word' id='word_1_266' title='bbox 1091 4215 1424 4286; x_wconf 85' lang='lat' dir='ltr'><strong>et&#39;resnrrectionem</strong></span> <span class='ocrx_word' id='word_1_267' title='bbox 1449 4235 1558 4286; x_wconf 88' lang='lat' dir='ltr'><strong>meam</strong></span> <span class='ocrx_word' id='word_1_268' title='bbox 1575 4238 1642 4288; x_wconf 95' lang='lat' dir='ltr'><strong>an-</strong></span> 
     </span>
     <span class='ocr_line' id='line_1_33' title="bbox 279 4331 784 4422; baseline 0.004 -20"><span class='ocrx_word' id='word_1_269' title='bbox 279 4331 482 4422; x_wconf 89' lang='lat' dir='ltr'><strong>nuntiabitis,</strong></span> <span class='ocrx_word' id='word_1_270' title='bbox 510 4333 616 4407; x_wconf 92' lang='lat' dir='ltr'><strong>donec</strong></span> <span class='ocrx_word' id='word_1_271' title='bbox 641 4336 784 4405; x_wconf 86' lang='lat' dir='ltr'><strong>veniam.</strong></span> 
     </span>
    </p>

    <p class='ocr_par' dir='ltr' id='par_1_8' title="bbox 385 4449 995 4542">
     <span class='ocr_line' id='line_1_34' title="bbox 385 4449 995 4542; baseline -0.003 -23"><span class='ocrx_word' id='word_1_272' title='bbox 385 4449 544 4542; x_wconf 80' lang='lat' dir='ltr'><strong>Populos.</strong></span> <span class='ocrx_word' id='word_1_273' title='bbox 596 4451 715 4523; x_wconf 88' lang='lat' dir='ltr'><strong>Mortis</strong></span> <span class='ocrx_word' id='word_1_274' title='bbox 741 4459 818 4520; x_wconf 89' lang='lat' dir='ltr'><strong>tuae</strong></span> <span class='ocrx_word' id='word_1_275' title='bbox 844 4449 995 4521; x_wconf 89' lang='lat' dir='ltr'><strong>Domine.</strong></span> 
     </span>
    </p>

    <p class='ocr_par' dir='ltr' id='par_1_9' title="bbox 277 4560 1645 5125">
     <span class='ocr_line' id='line_1_35' title="bbox 384 4560 1644 4658; baseline -0.001 -21"><span class='ocrx_word' id='word_1_276' title='bbox 384 4565 559 4638; x_wconf 81' lang='lat' dir='ltr'><strong>Sacerdos</strong></span> <span class='ocrx_word' id='word_1_277' title='bbox 592 4565 729 4637; x_wconf 81' lang='lat' dir='ltr'><strong>elevans</strong></span> <span class='ocrx_word' id='word_1_278' title='bbox 760 4586 887 4636; x_wconf 85' lang='lat' dir='ltr'><strong>ccccm.</strong></span> <span class='ocrx_word' id='word_1_279' title='bbox 939 4561 1140 4634; x_wconf 82' lang='lat' dir='ltr'><strong>Universum</strong></span> <span class='ocrx_word' id='word_1_280' title='bbox 1180 4561 1353 4658; x_wconf 90' lang='lat' dir='ltr'><strong>periodum</strong></span> <span class='ocrx_word' id='word_1_281' title='bbox 1390 4560 1644 4656; x_wconf 90' lang='lat' dir='ltr'><strong>dispensationis</strong></span> 
     </span>
     <span class='ocr_line' id='line_1_36' title="bbox 279 4676 1644 4773; baseline -0.001 -20"><span class='ocrx_word' id='word_1_282' title='bbox 279 4690 357 4753; x_wconf 91' lang='lat' dir='ltr'><strong>tuae</strong></span> <span class='ocrx_word' id='word_1_283' title='bbox 382 4684 535 4770; x_wconf 88' lang='lat' dir='ltr'><strong>Domine,</strong></span> <span class='ocrx_word' id='word_1_284' title='bbox 562 4691 878 4768; x_wconf 89' lang='lat' dir='ltr'><strong>commemorantes,</strong></span> <span class='ocrx_word' id='word_1_285' title='bbox 911 4677 1194 4773; x_wconf 90' lang='lat' dir='ltr'><strong>obstupescimus,</strong></span> <span class='ocrx_word' id='word_1_286' title='bbox 1227 4689 1261 4750; x_wconf 86' lang='lat' dir='ltr'><strong>et</strong></span> <span class='ocrx_word' id='word_1_287' title='bbox 1293 4676 1492 4749; x_wconf 90' lang='lat' dir='ltr'><strong>admiramur</strong></span> <span class='ocrx_word' id='word_1_288' title='bbox 1521 4678 1644 4769; x_wconf 89' lang='lat' dir='ltr'><strong>judicia</strong></span> 
     </span>
     <span class='ocr_line' id='line_1_37' title="bbox 277 4791 1642 4893; baseline 0 -25"><span class='ocrx_word' id='word_1_289' title='bbox 277 4799 502 4872; x_wconf 90' lang='lat' dir='ltr'><strong>inscrutabilia</strong></span> <span class='ocrx_word' id='word_1_290' title='bbox 530 4809 599 4870; x_wconf 92' lang='lat' dir='ltr'><strong>tua:</strong></span> <span class='ocrx_word' id='word_1_291' title='bbox 627 4795 853 4893; x_wconf 77' lang='lat' dir='ltr'><strong>abyssumque</strong></span> <span class='ocrx_word' id='word_1_292' title='bbox 880 4791 1163 4891; x_wconf 90' lang='lat' dir='ltr'><strong>impenetrabilem</strong></span> <span class='ocrx_word' id='word_1_293' title='bbox 1190 4793 1443 4890; x_wconf 90' lang='lat' dir='ltr'><strong>dispensationis</strong></span> <span class='ocrx_word' id='word_1_294' title='bbox 1476 4802 1552 4866; x_wconf 86' lang='lat' dir='ltr'><strong>tuae</strong></span> <span class='ocrx_word' id='word_1_295' title='bbox 1579 4819 1642 4868; x_wconf 92' lang='lat' dir='ltr'><strong>sa-</strong></span> 
     </span>
     <span class='ocr_line' id='line_1_38' title="bbox 278 4907 1645 5009; baseline -0.002 -25"><span class='ocrx_word' id='word_1_296' title='bbox 278 4911 394 4986; x_wconf 89' lang='lat' dir='ltr'><strong>lutaris</strong></span> <span class='ocrx_word' id='word_1_297' title='bbox 427 4923 564 5009; x_wconf 88' lang='lat' dir='ltr'><strong>propter</strong></span> <span class='ocrx_word' id='word_1_298' title='bbox 594 4936 672 4986; x_wconf 91' lang='lat' dir='ltr'><strong>nos:</strong></span> <span class='ocrx_word' id='word_1_299' title='bbox 708 4924 906 5008; x_wconf 91' lang='lat' dir='ltr'><strong>conceptum</strong></span> <span class='ocrx_word' id='word_1_300' title='bbox 941 4923 1047 5000; x_wconf 90' lang='lat' dir='ltr'><strong>tuum,</strong></span> <span class='ocrx_word' id='word_1_301' title='bbox 1080 4932 1141 5006; x_wconf 90' lang='lat' dir='ltr'><strong>per</strong></span> <span class='ocrx_word' id='word_1_302' title='bbox 1176 4933 1273 5005; x_wconf 90' lang='lat' dir='ltr'><strong>qoem</strong></span> <span class='ocrx_word' id='word_1_303' title='bbox 1314 4908 1479 4983; x_wconf 90' lang='lat' dir='ltr'><strong>benedicti</strong></span> <span class='ocrx_word' id='word_1_304' title='bbox 1514 4907 1645 4981; x_wconf 86' lang='lat' dir='ltr'><strong>hramnt</strong></span> 
     </span>
     <span class='ocr_line' id='line_1_39' title="bbox 280 5025 1644 5125; baseline -0.003 -22"><span class='ocrx_word' id='word_1_305' title='bbox 280 5051 398 5103; x_wconf 89' lang='lat' dir='ltr'><strong>omnes</strong></span> <span class='ocrx_word' id='word_1_306' title='bbox 432 5033 601 5125; x_wconf 90' lang='lat' dir='ltr'><strong>concepti:</strong></span> <span class='ocrx_word' id='word_1_307' title='bbox 636 5033 840 5102; x_wconf 85' lang='lat' dir='ltr'><strong>nativitatem</strong></span> <span class='ocrx_word' id='word_1_308' title='bbox 873 5040 962 5102; x_wconf 90' lang='lat' dir='ltr'><strong>tuam</strong></span> <span class='ocrx_word' id='word_1_309' title='bbox 993 5025 1194 5119; x_wconf 82' lang='lat' dir='ltr'><strong>mirabilem,</strong></span> <span class='ocrx_word' id='word_1_310' title='bbox 1239 5038 1274 5100; x_wconf 90' lang='lat' dir='ltr'><strong>et</strong></span> <span class='ocrx_word' id='word_1_311' title='bbox 1304 5025 1463 5100; x_wconf 88' lang='lat' dir='ltr'><strong>miraculo</strong></span> <span class='ocrx_word' id='word_1_312' title='bbox 1495 5025 1644 5122; x_wconf 89' lang='lat' dir='ltr'><strong>plenam:</strong></span> 
     </span>
    </p>
   </div>
   <div class='ocr_carea' id='block_1_3' title="bbox 0 0 2370 6038">
    <p class='ocr_par' dir='ltr' id='par_1_10' title="bbox 0 0 2370 6038">
     <span class='ocr_line' id='line_1_40' title="bbox 0 0 2370 6038; baseline 0 1"><span class='ocrx_word' id='word_1_313' title='bbox 0 0 2370 6038; x_wconf 95' lang='lat' dir='ltr'><strong> </strong></span> 
     </span>
    </p>
   </div>
  </div>
 </body>
</html>
