4784 6040
491 571 884 656 .J0tnltls
937 567 1408 650 ossonensis
1589 561 1663 638 431

303 774 551 862 superterram
576 765 671 838 visus
697 771 750 835 est
776 763 927 834 immunis
954 783 975 833 a
1000 767 1155 855 peccato:
1181 757 1343 830 Dominus
1369 767 1403 830 ct
1427 755 1520 829 Deus
1552 763 1668 828 noster

301 882 401 957 Jesns
428 879 577 954 Christus
604 881 791 972 unigenitus
817 876 920 950 Filius
946 887 1039 964 tuus,
1065 897 1127 972 per
1153 895 1251 970 quem
1277 895 1341 948 uos
1375 895 1508 970 quoque
1543 893 1666 969 spera-

302 1019 395 1088 mus,
421 1007 484 1068 etc.
704 987 708 996 ’

404 1111 565 1207 Populus.
619 1110 773 1199 Quietem
799 1119 944 1205 praesta.

405 1226 581 1299 Sacerdos
608 1229 746 1300 eleccna
770 1249 895 1298 ccccm.
947 1223 991 1296 ln
1017 1223 1060 1297 ad
1084 1227 1187 1296 vitam
1201 1222 1359 1319 deinceps
1374 1231 1467 1296 recte
1485 1224 1666 1296 insumen-

303 1345 378 1417 dam
402 1343 563 1434 Domine,
589 1346 714 1417 instrue
740 1365 862 1417 servos
887 1351 982 1430 tuos,
1009 1349 1043 1413 et
1069 1325 1239 1414 oculorum
1261 1341 1507 1432 evagationem,
1531 1339 1666 1430 linguae

303 1463 572 1557 protervitatem,
598 1469 707 1533 tactus
733 1481 886 1532 manuum
912 1457 1115 1554 impudicos,
1140 1455 1347 1554 voluptatem
1374 1461 1473 1530 etiam
1508 1479 1594 1553 quae
1621 1479 1668 1529 cx

304 1575 551 1649 auditurorum
577 1576 736 1648 malarum
762 1576 962 1672 percipitur,
996 1571 1091 1645 aufer
1121 1596 1142 1645 a
1168 1571 1275 1646 nobis.
1332 1571 1392 1646 llla
1426 1577 1524 1646 etiam
1557 1597 1667 1669 quac-

240 1753 244 1764 .
304 1714 444 1786 cumque
476 1713 524 1764 ex
555 1695 670 1789 pravis
704 1689 930 1765 allectionibus
969 1694 1132 1778 criuntur,
1166 1711 1290 1762 vanam
1324 1688 1483 1782 gloriam,
1516 1707 1668 1786 quaeque

304 1809 544 1882 similitudinem
570 1807 693 1882 hahent
719 1831 792 1880 cum
819 1809 913 1879 ruina
939 1807 995 1880 illa
1026 1810 1132 1903 prima
1166 1805 1302 1893 Adami,
1336 1828 1398 1903 per
1427 1804 1669 1880 iraudulentum

305 1921 486 1996 diabolum:
514 1928 640 1998 ventris
672 1922 966 2014 insatiabilitatem,
1006 1944 1104 2018 qulam
1137 1921 1230 1994 multi
1261 1921 1370 1995 Deum
1402 1944 1496 1996 suum
1529 1921 1669 1996 faciunt:

306 2043 479 2113 avaritiam
506 2063 592 2136 quac
624 2051 677 2113 est
708 2039 872 2113 idolorum
904 2041 1064 2112 seruitus:
1098 2047 1134 2110 ιιι
1165 2037 1208 2112 alr
1242 2035 1395 2112 omuibus
1427 2039 1491 2113 illis
1524 2043 1668 2136 purgati,

305 2179 525 2253 appareamus
551 2159 583 2228 in
610 2155 730 2229 mundo
757 2165 910 2251 tanquam
935 2151 1126 2244 luminaria3
1158 2152 1298 2227 verbum
1330 2157 1422 2230 vitae
1453 2177 1668 2230 conservan-

304 2281 371 2362 tes;
398 2284 432 2345 et
457 2276 564 2346 omnis
591 2274 788 2369 quicumque
814 2293 877 2344 uos
903 2271 1037 2358 viderit,
1071 2274 1146 2346 sive
1171 2270 1277 2344 fidelis
1303 2273 1379 2345 sive
1407 2271 1561 2362 infidelis,
1587 2274 1668 2347 lan-

306 2389 361 2461 det
392 2399 426 2460 et
458 2399 638 2462 veneretur
672 2388 842 2463 nobiscum
875 2411 996 2462 nomen
1026 2398 1116 2462 ιιιιιιιι
1141 2387 1358 2480 laudandum,
1390 2387 1667 2482 gloriosissimum

307 2515 341 2576 et
365 2504 591 2594 benedictum,
628 2504 788 2601 simulque
814 2505 946 2578 Domini
976 2507 1082 2579 nostri
1113 2503 1195 2578 lesu
1227 2503 1367 2596 Christi,
1393 2515 1428 2578 et
1453 2504 1594 2601 Spiritus
1621 2509 1667 2579 tui

306 2623 420 2726 sancti.
1499 2619 1504 2632 “

408 2737 569 2832 Populea.
621 2736 683 2826 Ut,
710 2745 773 2808 etc.

408 2853 591 2926 Sacerdos.
643 2854 727 2926 Pax.

408 2969 570 3065 Populus.
620 2969 665 3043 Et
690 2991 764 3041 cnm
790 2969 906 3064 spiritu
931 2977 998 3040 tuo.

408 3085 591 3158 Sacerdos.
644 3083 895 3159 Misericordiae
920 3083 986 3155 Dei
1012 3085 1085 3156 sint

410 3201 570 3296 Populea.
622 3201 666 3274 Et
692 3221 766 3274 cum
792 3201 907 3296 spiritu
933 3209 1000 3272 tuo.

411 3317 586 3390 Sacerdos
608 3320 743 3413 frangit
768 3321 803 3388 et
827 3318 948 3409 ιιφιαι.

411 3433 597 3507 Diaconos.
650 3436 773 3508 ltenrm
799 3443 897 3528 atque
925 3435 1053 3504 iterum.

549 3793 725 3868 Sacerdos
750 3797 835 3867 dicit
862 3795 1059 3867 Orationem
1084 3799 1164 3867 ante
1190 3793 1290 3866 Pater
1314 3805 1439 3870 noster.

413 3996 538 4070 Sancta
564 3995 762 4070 Sanctorum
788 3998 842 4092 qui
868 4000 903 4100 in
935 3999 1059 4070 sanctis
1091 3999 1275 4093 requiescis
1301 4007 1336 4071 et
1361 4009 1496 4074 sanctos
1522 3998 1673 4098 perficis3

312 4111 366 4207 qui
384 4133 447 4185 uos
463 4134 586 4216 vornnes
604 4117 736 4188 vocasti
758 4117 937 4187 vocatione
958 4122 1087 4202 sancta,
1113 4113 1155 4184 ad
1174 4114 1284 4187 lumen
1305 4115 1455 4190 muchila
1474 4120 1673 4210 cognitionis

311 4230 370 4317 tui,
397 4231 452 4324 qui
478 4230 617 4321 gratiam
645 4231 851 4328 adoptionis,
876 4252 944 4302 non
970 4251 1016 4301 ex
1042 4227 1198 4326 operibus
1227 4235 1368 4321 nostris,
1395 4232 1456 4306 sed
1482 4257 1544 4331 per
1575 4233 1674 4307 tidem

310 4343 408 4416 nobis
436 4342 661 4440 adonicivisti3
688 4357 834 4443 praesta,
859 4354 894 4418 ut
919 4367 1106 4418 mereamur
1130 4368 1199 4419 uon
1224 4347 1332 4440 figura
1357 4357 1480 4420 tantm
1502 4352 1673 4440 exteriori,

312 4459 372 4530 sed
398 4459 501 4532 corde
527 4483 630 4556 puro,
667 4474 701 4536 et
735 4465 960 4535 conscientiae
991 4461 1127 4550 fiducia,
1161 4474 1195 4535 et
1227 4461 1324 4537 labiis
1356 4486 1424 4536 non
1450 4463 1674 4538 deficientibus

311 4577 472 4649 invocare
499 4585 533 4648 te
558 4576 704 4668 Patrem,
730 4579 861 4651 Patrem
888 4586 1047 4666 nostrum,
1075 4587 1110 4650 ut
1135 4578 1372 4677 multiloquium
1397 4603 1520 4654 vanum
1548 4591 1583 4654 et
1613 4582 1673 4656 iu-

312 4691 369 4764 tile
394 4694 570 4789 impiorum
597 4694 825 4787 Paganorum,
859 4704 894 4766 et
925 4693 1098 4767 ludaicam
1132 4696 1323 4792 superbiam
1347 4700 1560 4791 rejicientes,
1586 4721 1674 4772 voce

313 4805 436 4899 humili,
464 4817 497 4881 et
524 4809 628 4903 qualis
657 4809 860 4884 Christianos
887 4810 1002 4901 decet,
1033 4814 1199 4908 possimus
1226 4813 1347 4886 ollerre
1373 4813 1432 4888 tihi
1458 4815 1673 4913 deprecatio-

312 4946 408 5015 nem,
442 4925 622 4999 secundum
648 4926 759 5020 legem
786 4928 827 5000 ab
854 4931 1024 5020 unigenito
1051 4927 1136 5001 Filio
1163 4939 1219 5001 tuo
1245 4933 1401 5026 positum,
1427 4941 1462 5003 et
1487 4955 1561 5004 cum
1588 4955 1674 5006 san-

313 5043 425 5114 ctitate
465 5044 618 5137 corporis
650 5055 684 5117 et
719 5047 864 5134 animae,
901 5045 1056 5142 bonaque
1093 5045 1283 5139 voluntate,
1315 5070 1400 5143 quae
1438 5047 1523 5138 lilios
1565 5049 1675 5144 dccet,
