4782 6068
764 646 839 722 592
1331 643 1562 726 notos

764 857 861 907 amen
887 833 962 906 dico
990 831 1106 921 vobis,
1138 835 1215 928 quin
1248 836 1355 906 omnis
1388 833 1443 929 qui
1475 832 1650 906 manducat
1683 855 1807 930 corpus
1833 855 1963 924 meum,
1989 843 2023 904 et
2048 831 2131 906 bibit

764 953 960 1043 sanguinem
997 970 1104 1021 meurn
1139 951 1254 1022 inme
1279 960 1407 1040 manet,
1441 960 1475 1022 ct
1502 971 1568 1042 ego
1595 953 1629 1023 in
1656 972 1719 1040 eo,
1755 959 1790 1023 et
1823 970 1890 1042 ego
1922 948 2131 1022 resuscitabo

763 1089 840 1140 eum
866 1068 1109 1138 innovissimo
1136 1065 1209 1154 dia,
1245 1077 1279 1140 et
1313 1069 1348 1138 in
1369 1065 1526 1159 judicium
1553 1089 1621 1140 non
1647 1071 1760 1156 veuit,
1787 1065 1848 1139 sed
1875 1069 2017 1142 transire
2043 1064 2132 1138 illum

761 1181 882 1256 faciam
910 1180 953 1252 de
979 1189 1086 1251 morte
1112 1179 1284 1254 advitam
1311 1192 1497 1257 aeternam:
1524 1187 1598 1279 ipse
1624 1206 1712 1256 nunc
1732 1183 1908 1256 benedicat
1933 1204 2132 1276 congrega·

762 1301 844 1370 tioni
869 1305 1026 1386 nostrae,
1053 1304 1087 1367 et
1113 1307 1294 1370 conservet
1319 1309 1437 1371 statum
1463 1309 1633 1389 nostrum,
1666 1309 1700 1372 at
1726 1299 1907 1392 gloriosum
1932 1297 2037 1372 faciat
2062 1320 2133 1394 po-

761 1412 873 1512 pulum
900 1423 1062 1503 nostrum,
1090 1416 1144 1508 qui
1169 1417 1263 1486 venit
1289 1423 1324 1486 et
1347 1414 1489 1488 laetatus
1519 1419 1630 1488 estin
1657 1419 1872 1512 susceptione
1898 1419 2132 1511 mysteriorum

764 1535 850 1625 ejus,
877 1529 1144 1627 praeclarorum,
1179 1539 1383 1620 sauctorum,
1415 1532 1652 1606 vivificantium
1683 1541 1718 1604 et
1753 1531 1958 1620 divinorum,
1983 1533 2133 1628 vivoque

763 1648 862 1739 signo
890 1649 999 1719 crucis
1026 1645 1210 1718 dominicae
1237 1650 1308 1720 sitis
1335 1647 1503 1740 obsignati
1529 1658 1563 1721 et
1589 1648 1756 1739 custoditi,
1784 1646 1826 1720 ab
1854 1645 2005 1720 omnibus
2032 1646 2132 1720 nau-

764 1761 860 1836 dibus
886 1764 1038 1852 secretis,
1065 1771 1100 1834 ct
1125 1765 1250 1859 apertis
1276 1786 1364 1837 nunc
1389 1775 1424 1837 et
1450 1771 1592 1862 semper.

1197 2089 1699 2135 ψ

929 2477 995 2570 ΙΝ
1046 2475 1428 2570 LITURGIAM
1489 2473 1977 2571 APOSTOLORUM

965 2637 969 2646 ’
1275 2691 1624 2773 ειιιιιοιιιιι

1362 2891 1536 2977 dded.

850 3189 880 3257 1.
902 3179 1049 3274 Liturpio
1076 3189 1289 3270 Apostolorum
1317 3197 1499 3251 sanctonum.
1550 3190 1615 3253 Hoc
1649 3192 1736 3256 titulo
1763 3193 1935 3256 Nestoriani
1969 3194 2135 3278 insigniunt

764 3313 951 3360 communem
975 3314 1075 3370 suam,
1106 3301 1137 3356 ct
1166 3311 1244 3376 quae
1267 3291 1424 3355 extribus
1447 3310 1521 3374 quas
1544 3293 1670 3375 habent,
1701 3297 1867 3378 praecipua
1890 3305 1937 3360 est
1958 3297 2134 3380 Litnrgiam,

760 3397 827 3460 sire
849 3393 993 3458 Ordinem
1013 3393 1225 3478 Myatcriomm
1246 3391 1511 3454 celebrandorum.-
1539 3409 1607 3456 nam
1635 3402 1668 3457 ιιι
1689 3395 1770 3476 apud
1792 3397 1944 3475 Graccus,
1973 3395 2133 3479 dipatcrr'o,

761 3495 980 3560 Eucharistiam
1009 3510 1128 3576 quoque
1159 3491 1239 3573 apud
1268 3510 1323 3555 eos
1353 3489 1532 3575 significant.
1593 3492 1735 3558 Continet
1764 3502 1864 3558 autem
1893 3493 1969 3558 haec
1998 3495 2134 3580 Liturgia

761 3613 824 3658 non
852 3593 942 3658 modo
970 3600 1002 3655 ut
1033 3592 1146 3654 alterae
1176 3591 1254 3654 duae
1284 3591 1381 3654 omnin
1412 3609 1489 3672 quae
1516 3609 1633 3654 sacram
1654 3592 1813 3656 Actionem
1836 3595 1959 3675 proprie
1982 3601 2132 3675 spectant,

762 3695 883 3760 scilicet
904 3711 1014 3775 preces
1037 3691 1075 3755 ab
1098 3689 1211 3754 Oscula
1240 3693 1340 3772 pacis,
1373 3709 1469 3771 usqne
1492 3691 1530 3753 ad
1552 3689 1646 3754 Officii
1669 3691 1774 3772 finem,
1804 3693 1858 3756 sed
1888 3693 2133 3775 praeparatorios

762 3795 869 3872 etiam,
899 3811 976 3874 quae
999 3791 1050 3854 ubi
1073 3791 1150 3854 aliae
1173 3790 1380 3868 celebrantur,
1404 3809 1444 3852 ex
1467 3789 1572 3852 eadem
1594 3791 1670 3854 sumi
1693 3791 1813 3854 debent.
1859 3792 1936 3866 Quin
1958 3810 2035 3855 uero
2057 3811 2134 3875 ger-

760 3871 920 3958 mana'illa
943 3893 982 3955 sit
1002 3889 1251 3954 Nestorianorum
1272 3889 1363 3952 Missa
1386 3889 1515 3952 dubitari
1536 3907 1596 3960 non
1618 3897 1736 3972 potest,
1763 3911 1825 3955 ιιοιι
1853 3890 1942 3954 modo
1965 3891 2046 3973 quod
2069 3891 2133 3955 Co-

761 3995 845 4056 dices
867 3989 953 4058 MSS.
974 4009 1015 4054 ex
1036 3988 1144 4072 quibus
1166 3988 1247 4051 illam
1270 3991 1486 4070 expressimus,
1509 3988 1620 4052 inerint
1641 3993 1672 4052 in
1694 4009 1760 4054 usu.
1775 3991 1854 4072 apud
1877 3989 2056 4069 Chaldaeos,
2082 3991 2133 4054 vel

762 4093 908 4175 Syrianos
931 4097 963 4153 ut
985 4090 1090 4154 vocari
1114 4095 1227 4168 amant,
1251 4095 1282 4150 ct
1304 4089 1355 4170 qui
1377 4088 1535 4152 certissimi
1556 4089 1726 4153 Nestoriani
1749 4097 1833 4168 suut,
1862 4091 1917 4154 sed
1939 4093 2028 4154 etiam
2050 4091 2132 4173 qnod

761 4193 929 4258 Malabnres
953 4189 1130 4267 Christiani,
1161 4189 1212 4269 qui
1234 4187 1265 4250 in
1288 4187 1393 4251 eadem
1415 4195 1501 4251 secta
1522 4195 1622 4268 erant,
1646 4188 1896 4272 Bagdadansique
1918 4190 2053 4253 Antistiti
2074 4208 2131 4254 seu

763 4291 936 4369 Catholico,
965 4287 1110 4372 subJecti,
1134 4306 1170 4350 ea
1193 4285 1364 4353 utebantur.
1409 4287 1494 4351 Unde
1516 4288 1620 4351 Latina
1643 4290 1757 4367 versio,
1780 4306 1858 4370 qnae
1880 4288 1981 4351 Alexii
2003 4290 2130 4352 Menesii

762 4410 835 4456 cura
858 4399 889 4454 et
911 4389 1011 4454 studio
1032 4393 1206 4470 procurata,
1230 4385 1438 4450 conimbricae
1461 4387 1540 4451 edita
1563 4395 1625 4465 est,
1649 4387 1758 4450 deinde
1780 4388 1811 4450 in
1833 4387 2049 4452 Bibliothecam
2071 4391 2131 4452 Pa-

761 4495 841 4552 trnm
863 4488 1016 4568 translata,
1040 4485 1125 4550 titulo
1147 4486 1261 4548 Musae
1273 4483 1515 4549 Christianorum
1536 4489 1620 4568 opud
1636 4487 1739 4564 indos,
1763 4486 1868 4550 eadem
1893 4505 1962 4550 esse
1985 4491 2133 4572 agnosci-

763 4597 823 4668 tur,
845 4588 984 4670 exoeptis
1007 4605 1083 4669 quae
1106 4585 1158 4648 iile
1180 4585 1318 4648 mnunda
1337 4585 1494 4667 judicavit.

849 4687 1011 4768 Apostolos
1032 4694 1156 4748 sanctos
1181 4692 1292 4748 vocant
1319 4683 1492 4750 Nestoriani
1521 4685 1658 4750 Adaeum
1687 4693 1719 4750 et
1747 4686 1861 4766 Mario,
1891 4704 1968 4769 quos
1999 4687 2132 4752 Orientis

762 4787 928 4869 Apostolos
949 4785 1046 4852 tuisse
1069 4785 1240 4849 existimant
1261 4803 1300 4848 ex
1323 4785 1443 4868 antique
1465 4804 1520 4850 sna
1536 4787 1707 4867 traditione,
1723 4803 1811 4869 quam
1830 4787 1938 4850 fabulis
1950 4787 2134 4870 inquinatam

763 4889 880 4970 scripto
903 4887 1093 4970 consignavit
1114 4885 1206 4948 tiaris
1229 4883 1348 4966 quidam
1369 4883 1447 4950 filius
1466 4887 1644 4968 Salomonis,
1668 4907 1709 4951 ex
1731 4888 1816 4970 cujus
1838 4887 2134 4969 historiaEpitomen

762 4985 835 5051 iecit
857 4986 968 5049 Amrus
991 4985 1068 5048 filius
1090 4983 1236 5063 Mathaei,
1266 5003 1305 5046 ex
1334 5002 1392 5066 qua
1415 4983 1542 5049 habetur
1564 4986 1719 5050 successio
1743 4985 1963 5050 catholicorum
1985 4987 2050 5049 sive
2073 4985 2134 5047 Pa-

762 5084 959 5147 triarcharum
970 5090 1074 5148 sectae
1086 5081 1296 5159 nestorianae,
1310 5099 1407 5165 usque
1430 5084 1467 5148 ad
1490 5087 1643 5149 saeculum
1666 5085 1812 5149 decimum
1834 5087 1962 5149 tertium.
1984 5083 2132 5163 Adaeum,

762 5191 796 5246 nt
819 5181 990 5248 orientales
1020 5183 1174 5265 scribunt,
1204 5181 1340 5246 eurndem
1370 5201 1439 5249 esse
1469 5203 1537 5248 omn
1566 5185 1724 5268 Thadaeo,
1753 5185 1891 5268 plerique
1913 5191 2079 5248 testantur:
2101 5189 2133 5245 et
