<?xml version="1.0" encoding="UTF-8"?>
<!DOCTYPE html PUBLIC "-//W3C//DTD XHTML 1.0 Transitional//EN"
    "http://www.w3.org/TR/xhtml1/DTD/xhtml1-transitional.dtd">
<html xmlns="http://www.w3.org/1999/xhtml" xml:lang="en" lang="en">
 <head>
  <title>
</title>
<meta http-equiv="Content-Type" content="text/html;charset=utf-8" />
  <meta name='ocr-system' content='tesseract 3.04.00' />
  <meta name='ocr-capabilities' content='ocr_page ocr_carea ocr_par ocr_line ocrx_word'/>
</head>
<body>
  <div class='ocr_page' id='page_1' title='image "./liturgiarumorie04renagoog_0393.png"; bbox 0 0 4730 6038; ppageno 0'>
   <div class='ocr_carea' id='block_1_1' title="bbox 895 1215 1749 1728">
    <p class='ocr_par' dir='ltr' id='par_1_1' title="bbox 895 1215 1749 1728">
     <span class='ocr_line' id='line_1_1' title="bbox 1021 1215 1574 1493; baseline -0.007 -97"><span class='ocrx_word' id='word_1_1' title='bbox 1021 1215 1574 1493; x_wconf 12' lang='lat' dir='ltr'>‘urrunnu</span> 
     </span>
     <span class='ocr_line' id='line_1_2' title="bbox 895 1549 1749 1728; baseline -0.004 -58"><span class='ocrx_word' id='word_1_2' title='bbox 895 1549 1326 1728; x_wconf 68' lang='lat' dir='ltr'>srlconrr-</span> <span class='ocrx_word' id='word_1_3' title='bbox 1368 1549 1749 1670; x_wconf 84' lang='lat' dir='ltr'>nrrscorr</span> 
     </span>
    </p>
   </div>
   <div class='ocr_carea' id='block_1_2' title="bbox 508 1785 2008 1888">
    <p class='ocr_par' dir='ltr' id='par_1_2' title="bbox 508 1785 2008 1888">
     <span class='ocr_line' id='line_1_3' title="bbox 508 1785 2008 1888; baseline 0.003 -23"><span class='ocrx_word' id='word_1_4' title='bbox 508 1804 513 1814; x_wconf 88' lang='grc'><em>’</em></span> <span class='ocrx_word' id='word_1_5' title='bbox 633 1789 896 1867; x_wconf 81' lang='lat' dir='ltr'><strong>BOTNANENSIS</strong></span> <span class='ocrx_word' id='word_1_6' title='bbox 923 1791 971 1866; x_wconf 87' lang='grc' dir='ltr'>ΕΤ</span> <span class='ocrx_word' id='word_1_7' title='bbox 999 1788 1244 1882; x_wconf 67' lang='lat' dir='ltr'>suetonius</span> <span class='ocrx_word' id='word_1_8' title='bbox 1278 1785 1453 1865; x_wconf 82' lang='lat' dir='ltr'>stnottuu</span> <span class='ocrx_word' id='word_1_9' title='bbox 1487 1786 1689 1885; x_wconf 71' lang='lat' dir='ltr'>uoototus</span> <span class='ocrx_word' id='word_1_10' title='bbox 1726 1791 1791 1880; x_wconf 84' lang='lat' dir='ltr'>Qut</span> <span class='ocrx_word' id='word_1_11' title='bbox 1822 1793 2008 1888; x_wconf 73' lang='lat' dir='ltr'>annuunt</span> 
     </span>
    </p>
   </div>
   <div class='ocr_carea' id='block_1_3' title="bbox 1154 1921 1487 1999">
    <p class='ocr_par' dir='ltr' id='par_1_3' title="bbox 1154 1921 1487 1999">
     <span class='ocr_line' id='line_1_4' title="bbox 1154 1921 1487 1999; baseline -0.003 0"><span class='ocrx_word' id='word_1_12' title='bbox 1154 1923 1273 1999; x_wconf 73' lang='lat' dir='ltr'>uttan</span> <span class='ocrx_word' id='word_1_13' title='bbox 1298 1921 1487 1999; x_wconf 83' lang='lat' dir='ltr'><strong>VOCATUR.</strong></span> 
     </span>
    </p>
   </div>
   <div class='ocr_carea' id='block_1_4' title="bbox 1034 2194 1608 2268">
    <p class='ocr_par' dir='ltr' id='par_1_4' title="bbox 1034 2194 1608 2268">
     <span class='ocr_line' id='line_1_5' title="bbox 1034 2194 1608 2268; baseline -0.002 -1"><span class='ocrx_word' id='word_1_14' title='bbox 1034 2195 1186 2267; x_wconf 85' lang='lat' dir='ltr'>Primum</span> <span class='ocrx_word' id='word_1_15' title='bbox 1214 2195 1336 2268; x_wconf 81' lang='lat' dir='ltr'>Oratio</span> <span class='ocrx_word' id='word_1_16' title='bbox 1363 2201 1444 2267; x_wconf 87' lang='lat' dir='ltr'>ante</span> <span class='ocrx_word' id='word_1_17' title='bbox 1470 2194 1608 2267; x_wconf 83' lang='lat' dir='ltr'><strong><em>Pacem.</em></strong></span> 
     </span>
    </p>
   </div>
   <div class='ocr_carea' id='block_1_5' title="bbox 631 2393 2006 2982">
    <p class='ocr_par' dir='ltr' id='par_1_5' title="bbox 631 2393 2006 2982">
     <span class='ocr_line' id='line_1_6' title="bbox 703 2393 2004 2520; baseline -0.001 -22"><span class='ocrx_word' id='word_1_18' title='bbox 703 2393 820 2498; x_wconf 66' lang='lat' dir='ltr'>Dius</span> <span class='ocrx_word' id='word_1_19' title='bbox 846 2419 947 2492; x_wconf 86' lang='lat' dir='ltr'>Pater</span> <span class='ocrx_word' id='word_1_20' title='bbox 974 2421 1030 2514; x_wconf 91' lang='lat' dir='ltr'>qui</span> <span class='ocrx_word' id='word_1_21' title='bbox 1061 2440 1099 2490; x_wconf 89' lang='lat' dir='ltr'>es</span> <span class='ocrx_word' id='word_1_22' title='bbox 1135 2417 1352 2512; x_wconf 81' lang='lat' dir='ltr'>tranquillitas</span> <span class='ocrx_word' id='word_1_23' title='bbox 1386 2421 1559 2492; x_wconf 89' lang='lat' dir='ltr'>terminum</span> <span class='ocrx_word' id='word_1_24' title='bbox 1592 2442 1661 2492; x_wconf 92' lang='lat' dir='ltr'>non</span> <span class='ocrx_word' id='word_1_25' title='bbox 1687 2420 1831 2511; x_wconf 87' lang='lat' dir='ltr'>habens,</span> <span class='ocrx_word' id='word_1_26' title='bbox 1866 2433 1899 2496; x_wconf 87' lang='lat' dir='ltr'>et</span> <span class='ocrx_word' id='word_1_27' title='bbox 1933 2448 2004 2520; x_wconf 84' lang='lat' dir='ltr'>pax</span> 
     </span>
     <span class='ocr_line' id='line_1_7' title="bbox 632 2529 2006 2632; baseline 0.003 -22"><span class='ocrx_word' id='word_1_28' title='bbox 632 2537 841 2610; x_wconf 88' lang='lat' dir='ltr'>indeficiens:</span> <span class='ocrx_word' id='word_1_29' title='bbox 869 2537 1055 2629; x_wconf 78' lang='lat' dir='ltr'>caritasque</span> <span class='ocrx_word' id='word_1_30' title='bbox 1082 2533 1333 2630; x_wconf 83' lang='lat' dir='ltr'>inseparabilis3</span> <span class='ocrx_word' id='word_1_31' title='bbox 1362 2539 1416 2630; x_wconf 90' lang='lat' dir='ltr'>qui</span> <span class='ocrx_word' id='word_1_32' title='bbox 1442 2558 1504 2632; x_wconf 90' lang='lat' dir='ltr'>per</span> <span class='ocrx_word' id='word_1_33' title='bbox 1530 2535 1763 2610; x_wconf 89' lang='lat' dir='ltr'>abundantiam</span> <span class='ocrx_word' id='word_1_34' title='bbox 1784 2544 1915 2632; x_wconf 86' lang='lat' dir='ltr'>gratiae</span> <span class='ocrx_word' id='word_1_35' title='bbox 1929 2529 2006 2614; x_wconf 82' lang='lat' dir='ltr'>luae</span> 
     </span>
     <span class='ocr_line' id='line_1_8' title="bbox 633 2649 2005 2750; baseline 0.003 -24"><span class='ocrx_word' id='word_1_36' title='bbox 633 2657 755 2726; x_wconf 76' lang='lat' dir='ltr'><strong>creasti</strong></span> <span class='ocrx_word' id='word_1_37' title='bbox 781 2652 947 2726; x_wconf 87' lang='lat' dir='ltr'>hominem</span> <span class='ocrx_word' id='word_1_38' title='bbox 981 2650 1023 2724; x_wconf 89' lang='lat' dir='ltr'>ad</span> <span class='ocrx_word' id='word_1_39' title='bbox 1058 2650 1422 2746; x_wconf 79' lang='lat' dir='ltr'>incorruptibilitatem:</span> <span class='ocrx_word' id='word_1_40' title='bbox 1454 2649 1508 2722; x_wconf 88' lang='lat' dir='ltr'>ille</span> <span class='ocrx_word' id='word_1_41' title='bbox 1543 2663 1653 2724; x_wconf 89' lang='lat' dir='ltr'>tamen</span> <span class='ocrx_word' id='word_1_42' title='bbox 1688 2676 1731 2728; x_wconf 94' lang='lat' dir='ltr'>eo</span> <span class='ocrx_word' id='word_1_43' title='bbox 1766 2655 1854 2750; x_wconf 89' lang='lat' dir='ltr'>quod</span> <span class='ocrx_word' id='word_1_44' title='bbox 1887 2667 2005 2730; x_wconf 90' lang='lat' dir='ltr'>trans-</span> 
     </span>
     <span class='ocr_line' id='line_1_9' title="bbox 632 2765 2004 2864; baseline 0.005 -23"><span class='ocrx_word' id='word_1_45' title='bbox 632 2791 773 2863; x_wconf 86' lang='lat' dir='ltr'>gressus</span> <span class='ocrx_word' id='word_1_46' title='bbox 801 2777 892 2842; x_wconf 90' lang='lat' dir='ltr'>esset</span> <span class='ocrx_word' id='word_1_47' title='bbox 917 2777 1153 2863; x_wconf 78' lang='lat' dir='ltr'>praeceptum,</span> <span class='ocrx_word' id='word_1_48' title='bbox 1179 2790 1257 2840; x_wconf 91' lang='lat' dir='ltr'>reus</span> <span class='ocrx_word' id='word_1_49' title='bbox 1284 2771 1400 2840; x_wconf 90' lang='lat' dir='ltr'>mortis</span> <span class='ocrx_word' id='word_1_50' title='bbox 1426 2765 1531 2840; x_wconf 89' lang='lat' dir='ltr'>factus</span> <span class='ocrx_word' id='word_1_51' title='bbox 1559 2778 1612 2841; x_wconf 89' lang='lat' dir='ltr'>est</span> <span class='ocrx_word' id='word_1_52' title='bbox 1636 2791 1698 2864; x_wconf 91' lang='lat' dir='ltr'>per</span> <span class='ocrx_word' id='word_1_53' title='bbox 1723 2772 1881 2846; x_wconf 88' lang='lat' dir='ltr'>invidiam</span> <span class='ocrx_word' id='word_1_54' title='bbox 1913 2775 2004 2848; x_wconf 92' lang='lat' dir='ltr'>Dia-</span> 
     </span>
     <span class='ocr_line' id='line_1_10' title="bbox 631 2880 2003 2982; baseline 0.003 -23"><span class='ocrx_word' id='word_1_55' title='bbox 631 2885 719 2974; x_wconf 87' lang='lat' dir='ltr'>boli;</span> <span class='ocrx_word' id='word_1_56' title='bbox 746 2908 808 2982; x_wconf 87' lang='lat' dir='ltr'>per</span> <span class='ocrx_word' id='word_1_57' title='bbox 835 2883 1013 2956; x_wconf 90' lang='lat' dir='ltr'>adventum</span> <span class='ocrx_word' id='word_1_58' title='bbox 1041 2894 1151 2956; x_wconf 91' lang='lat' dir='ltr'>autem</span> <span class='ocrx_word' id='word_1_59' title='bbox 1176 2885 1338 2981; x_wconf 85' lang='lat' dir='ltr'>unigeniti</span> <span class='ocrx_word' id='word_1_60' title='bbox 1363 2880 1439 2954; x_wconf 87' lang='lat' dir='ltr'>Filii</span> <span class='ocrx_word' id='word_1_61' title='bbox 1475 2887 1520 2954; x_wconf 89' lang='lat' dir='ltr'>tui</span> <span class='ocrx_word' id='word_1_62' title='bbox 1555 2884 1689 2958; x_wconf 90' lang='lat' dir='ltr'>Domini</span> <span class='ocrx_word' id='word_1_63' title='bbox 1724 2897 1758 2958; x_wconf 86' lang='lat' dir='ltr'>et</span> <span class='ocrx_word' id='word_1_64' title='bbox 1789 2887 1856 2959; x_wconf 86' lang='lat' dir='ltr'>Dei</span> <span class='ocrx_word' id='word_1_65' title='bbox 1887 2895 2003 2980; x_wconf 90' lang='lat' dir='ltr'>nostri,</span> 
     </span>
    </p>
   </div>
   <div class='ocr_carea' id='block_1_6' title="bbox 627 2998 2006 5304">
    <p class='ocr_par' dir='ltr' id='par_1_6' title="bbox 628 2998 2006 4119">
     <span class='ocr_line' id='line_1_11' title="bbox 630 2998 2004 3098; baseline 0.003 -24"><span class='ocrx_word' id='word_1_66' title='bbox 630 3025 717 3098; x_wconf 88' lang='lat' dir='ltr'>pace</span> <span class='ocrx_word' id='word_1_67' title='bbox 744 3025 765 3074; x_wconf 89' lang='lat' dir='ltr'>c</span> <span class='ocrx_word' id='word_1_68' title='bbox 792 3001 890 3073; x_wconf 89' lang='lat' dir='ltr'>coelo</span> <span class='ocrx_word' id='word_1_69' title='bbox 918 2999 1064 3074; x_wconf 87' lang='lat' dir='ltr'>demissa</span> <span class='ocrx_word' id='word_1_70' title='bbox 1091 3010 1212 3072; x_wconf 86' lang='lat' dir='ltr'>terram</span> <span class='ocrx_word' id='word_1_71' title='bbox 1239 2999 1432 3094; x_wconf 83' lang='lat' dir='ltr'>replevisti3</span> <span class='ocrx_word' id='word_1_72' title='bbox 1461 2998 1550 3094; x_wconf 84' lang='lat' dir='ltr'>quod</span> <span class='ocrx_word' id='word_1_73' title='bbox 1586 3002 1683 3072; x_wconf 92' lang='lat' dir='ltr'>etiam</span> <span class='ocrx_word' id='word_1_74' title='bbox 1720 3007 1889 3076; x_wconf 85' lang='lat' dir='ltr'>exercitus</span> <span class='ocrx_word' id='word_1_75' title='bbox 1907 3007 2004 3078; x_wconf 82' lang='lat' dir='ltr'>&#39;An-</span> 
     </span>
     <span class='ocr_line' id='line_1_12' title="bbox 630 3114 2006 3214; baseline 0.001 -24"><span class='ocrx_word' id='word_1_76' title='bbox 630 3118 785 3212; x_wconf 86' lang='lat' dir='ltr'>gelorum</span> <span class='ocrx_word' id='word_1_77' title='bbox 810 3117 941 3214; x_wconf 78' lang='lat' dir='ltr'>hymnis</span> <span class='ocrx_word' id='word_1_78' title='bbox 968 3115 1246 3206; x_wconf 78' lang='lat' dir='ltr'>celebraverunt,</span> <span class='ocrx_word' id='word_1_79' title='bbox 1273 3114 1440 3187; x_wconf 90' lang='lat' dir='ltr'>dicentes:</span> <span class='ocrx_word' id='word_1_80' title='bbox 1476 3115 1598 3187; x_wconf 83' lang='lat' dir='ltr'><em>Gloria</em></span> <span class='ocrx_word' id='word_1_81' title='bbox 1630 3120 1666 3187; x_wconf 83' lang='lat' dir='ltr'>io</span> <span class='ocrx_word' id='word_1_82' title='bbox 1691 3118 1839 3190; x_wconf 75' lang='lat' dir='ltr'>excelsis</span> <span class='ocrx_word' id='word_1_83' title='bbox 1863 3119 1942 3192; x_wconf 88' lang='lat' dir='ltr'>Deo</span> <span class='ocrx_word' id='word_1_84' title='bbox 1971 3129 2006 3192; x_wconf 88' lang='lat' dir='ltr'>ct</span> 
     </span>
     <span class='ocr_line' id='line_1_13' title="bbox 630 3230 2004 3330; baseline 0.001 -22"><span class='ocrx_word' id='word_1_85' title='bbox 630 3258 734 3328; x_wconf 72' lang='lat' dir='ltr'>super</span> <span class='ocrx_word' id='word_1_86' title='bbox 760 3242 889 3306; x_wconf 83' lang='lat' dir='ltr'>terram</span> <span class='ocrx_word' id='word_1_87' title='bbox 912 3257 1005 3326; x_wconf 74' lang='lat' dir='ltr'>pcc,</span> <span class='ocrx_word' id='word_1_88' title='bbox 1037 3238 1140 3327; x_wconf 81' lang='lat' dir='ltr'>utque</span> <span class='ocrx_word' id='word_1_89' title='bbox 1173 3230 1361 3303; x_wconf 76' lang='lat' dir='ltr'>hominibus</span> <span class='ocrx_word' id='word_1_90' title='bbox 1393 3231 1484 3302; x_wconf 84' lang='lat' dir='ltr'>bona</span> <span class='ocrx_word' id='word_1_91' title='bbox 1516 3231 1692 3304; x_wconf 81' lang='lat' dir='ltr'>uoluntas:</span> <span class='ocrx_word' id='word_1_92' title='bbox 1726 3236 1825 3330; x_wconf 66' lang='lat' dir='ltr'>imme</span> <span class='ocrx_word' id='word_1_93' title='bbox 1860 3234 2004 3310; x_wconf 85' lang='lat' dir='ltr'>Domine</span> 
     </span>
     <span class='ocr_line' id='line_1_14' title="bbox 631 3347 2004 3444; baseline 0.004 -24"><span class='ocrx_word' id='word_1_94' title='bbox 631 3351 735 3424; x_wconf 91' lang='lat' dir='ltr'>corda</span> <span class='ocrx_word' id='word_1_95' title='bbox 762 3359 875 3425; x_wconf 88' lang='lat' dir='ltr'>nostra</span> <span class='ocrx_word' id='word_1_96' title='bbox 901 3348 991 3422; x_wconf 89' lang='lat' dir='ltr'>bona</span> <span class='ocrx_word' id='word_1_97' title='bbox 1027 3347 1199 3420; x_wconf 87' lang='lat' dir='ltr'>voluntate</span> <span class='ocrx_word' id='word_1_98' title='bbox 1233 3355 1305 3436; x_wconf 79' lang='lat' dir='ltr'>tua,</span> <span class='ocrx_word' id='word_1_99' title='bbox 1340 3369 1488 3442; x_wconf 84' lang='lat' dir='ltr'>purgans</span> <span class='ocrx_word' id='word_1_100' title='bbox 1515 3369 1578 3421; x_wconf 93' lang='lat' dir='ltr'>nos</span> <span class='ocrx_word' id='word_1_101' title='bbox 1605 3349 1647 3422; x_wconf 90' lang='lat' dir='ltr'>ah</span> <span class='ocrx_word' id='word_1_102' title='bbox 1676 3355 1765 3424; x_wconf 95' lang='lat' dir='ltr'>omni</span> <span class='ocrx_word' id='word_1_103' title='bbox 1791 3351 1941 3444; x_wconf 78' lang='lat' dir='ltr'>macula,</span> <span class='ocrx_word' id='word_1_104' title='bbox 1970 3363 2004 3426; x_wconf 91' lang='lat' dir='ltr'>et</span> 
     </span>
     <span class='ocr_line' id='line_1_15' title="bbox 628 3463 2003 3564; baseline 0.003 -26"><span class='ocrx_word' id='word_1_105' title='bbox 628 3465 775 3540; x_wconf 87' lang='lat' dir='ltr'>liberans</span> <span class='ocrx_word' id='word_1_106' title='bbox 802 3488 865 3538; x_wconf 89' lang='lat' dir='ltr'>nos</span> <span class='ocrx_word' id='word_1_107' title='bbox 893 3463 935 3538; x_wconf 91' lang='lat' dir='ltr'>ab</span> <span class='ocrx_word' id='word_1_108' title='bbox 963 3468 1053 3537; x_wconf 90' lang='lat' dir='ltr'>omni</span> <span class='ocrx_word' id='word_1_109' title='bbox 1080 3463 1187 3560; x_wconf 51' lang='lat' dir='ltr'>dolo„</span> <span class='ocrx_word' id='word_1_110' title='bbox 1204 3463 1281 3536; x_wconf 89' lang='lat' dir='ltr'>odio</span> <span class='ocrx_word' id='word_1_111' title='bbox 1308 3463 1499 3552; x_wconf 78' lang='lat' dir='ltr'>mortifero,</span> <span class='ocrx_word' id='word_1_112' title='bbox 1533 3475 1567 3536; x_wconf 87' lang='lat' dir='ltr'>ct</span> <span class='ocrx_word' id='word_1_113' title='bbox 1593 3464 1635 3537; x_wconf 90' lang='lat' dir='ltr'>ab</span> <span class='ocrx_word' id='word_1_114' title='bbox 1663 3470 1752 3539; x_wconf 93' lang='lat' dir='ltr'>omni</span> <span class='ocrx_word' id='word_1_115' title='bbox 1778 3473 2003 3564; x_wconf 88' lang='lat' dir='ltr'>perversitate</span> 
     </span>
     <span class='ocr_line' id='line_1_16' title="bbox 630 3578 2002 3674; baseline 0.004 -20"><span class='ocrx_word' id='word_1_116' title='bbox 630 3595 664 3654; x_wconf 90' lang='lat' dir='ltr'>et</span> <span class='ocrx_word' id='word_1_117' title='bbox 691 3584 820 3654; x_wconf 90' lang='lat' dir='ltr'>astutia.</span> <span class='ocrx_word' id='word_1_118' title='bbox 873 3582 1013 3653; x_wconf 89' lang='lat' dir='ltr'>Praesta</span> <span class='ocrx_word' id='word_1_119' title='bbox 1041 3582 1139 3652; x_wconf 90' lang='lat' dir='ltr'>etiam</span> <span class='ocrx_word' id='word_1_120' title='bbox 1167 3590 1202 3651; x_wconf 91' lang='lat' dir='ltr'>ut</span> <span class='ocrx_word' id='word_1_121' title='bbox 1229 3578 1342 3650; x_wconf 88' lang='lat' dir='ltr'>demus</span> <span class='ocrx_word' id='word_1_122' title='bbox 1369 3601 1487 3674; x_wconf 81' lang='lat' dir='ltr'>pacem</span> <span class='ocrx_word' id='word_1_123' title='bbox 1523 3579 1620 3654; x_wconf 89' lang='lat' dir='ltr'>nohis</span> <span class='ocrx_word' id='word_1_124' title='bbox 1647 3584 1791 3655; x_wconf 87' lang='lat' dir='ltr'>invicem</span> <span class='ocrx_word' id='word_1_125' title='bbox 1818 3587 1851 3653; x_wconf 95' lang='lat' dir='ltr'>in</span> <span class='ocrx_word' id='word_1_126' title='bbox 1884 3585 2002 3659; x_wconf 93' lang='lat' dir='ltr'>osculo</span> 
     </span>
     <span class='ocr_line' id='line_1_17' title="bbox 630 3694 2002 3791; baseline 0.003 -21"><span class='ocrx_word' id='word_1_127' title='bbox 630 3709 765 3770; x_wconf 88' lang='lat' dir='ltr'>sancto:</span> <span class='ocrx_word' id='word_1_128' title='bbox 794 3709 827 3769; x_wconf 90' lang='lat' dir='ltr'>et</span> <span class='ocrx_word' id='word_1_129' title='bbox 854 3695 982 3790; x_wconf 87' lang='lat' dir='ltr'>absque</span> <span class='ocrx_word' id='word_1_130' title='bbox 1013 3694 1081 3767; x_wconf 96' lang='lat' dir='ltr'>ullo</span> <span class='ocrx_word' id='word_1_131' title='bbox 1109 3698 1246 3767; x_wconf 90' lang='lat' dir='ltr'>crimine</span> <span class='ocrx_word' id='word_1_132' title='bbox 1272 3698 1453 3791; x_wconf 76' lang='lat' dir='ltr'>participes</span> <span class='ocrx_word' id='word_1_133' title='bbox 1480 3696 1659 3768; x_wconf 86' lang='lat' dir='ltr'>efficiamur</span> <span class='ocrx_word' id='word_1_134' title='bbox 1685 3698 1764 3772; x_wconf 90' lang='lat' dir='ltr'>doni</span> <span class='ocrx_word' id='word_1_135' title='bbox 1781 3703 1827 3770; x_wconf 92' lang='lat' dir='ltr'>tui</span> <span class='ocrx_word' id='word_1_136' title='bbox 1842 3700 2002 3774; x_wconf 89' lang='lat' dir='ltr'>coelestis</span> 
     </span>
     <span class='ocr_line' id='line_1_18' title="bbox 631 3808 2001 3910; baseline 0.004 -25"><span class='ocrx_word' id='word_1_137' title='bbox 631 3824 664 3886; x_wconf 91' lang='lat' dir='ltr'>et</span> <span class='ocrx_word' id='word_1_138' title='bbox 690 3811 967 3909; x_wconf 78' lang='lat' dir='ltr'>incorruptibilis,</span> <span class='ocrx_word' id='word_1_139' title='bbox 993 3814 1027 3883; x_wconf 90' lang='lat' dir='ltr'>in</span> <span class='ocrx_word' id='word_1_140' title='bbox 1054 3808 1186 3885; x_wconf 83' lang='lat' dir='ltr'>Christo</span> <span class='ocrx_word' id='word_1_141' title='bbox 1211 3811 1295 3884; x_wconf 83' lang='lat' dir='ltr'>lesu</span> <span class='ocrx_word' id='word_1_142' title='bbox 1320 3809 1466 3883; x_wconf 92' lang='lat' dir='ltr'>Domino</span> <span class='ocrx_word' id='word_1_143' title='bbox 1492 3821 1628 3902; x_wconf 76' lang='lat' dir='ltr'>nostro,</span> <span class='ocrx_word' id='word_1_144' title='bbox 1654 3835 1837 3910; x_wconf 89' lang='lat' dir='ltr'>perquem</span> <span class='ocrx_word' id='word_1_145' title='bbox 1866 3827 1900 3888; x_wconf 89' lang='lat' dir='ltr'>et</span> <span class='ocrx_word' id='word_1_146' title='bbox 1926 3841 2001 3890; x_wconf 89' lang='lat' dir='ltr'>cum</span> 
     </span>
     <span class='ocr_line' id='line_1_19' title="bbox 631 3926 2000 4030; baseline 0.004 -28"><span class='ocrx_word' id='word_1_147' title='bbox 631 3953 697 4026; x_wconf 91' lang='lat' dir='ltr'>quo</span> <span class='ocrx_word' id='word_1_148' title='bbox 731 3943 766 4004; x_wconf 86' lang='lat' dir='ltr'>te</span> <span class='ocrx_word' id='word_1_149' title='bbox 784 3930 896 4002; x_wconf 89' lang='lat' dir='ltr'>·decet</span> <span class='ocrx_word' id='word_1_150' title='bbox 927 3926 1055 4022; x_wconf 73' lang='lat' dir='ltr'>gloria,</span> <span class='ocrx_word' id='word_1_151' title='bbox 1087 3927 1215 4018; x_wconf 77' lang='lat' dir='ltr'>honor,</span> <span class='ocrx_word' id='word_1_152' title='bbox 1254 3937 1288 3999; x_wconf 87' lang='lat' dir='ltr'>ct</span> <span class='ocrx_word' id='word_1_153' title='bbox 1319 3929 1508 4023; x_wconf 88' lang='lat' dir='ltr'>imperium,</span> <span class='ocrx_word' id='word_1_154' title='bbox 1544 3950 1617 4000; x_wconf 91' lang='lat' dir='ltr'>cum</span> <span class='ocrx_word' id='word_1_155' title='bbox 1652 3930 1775 4026; x_wconf 81' lang='lat' dir='ltr'>Spiritu</span> <span class='ocrx_word' id='word_1_156' title='bbox 1810 3944 1866 4006; x_wconf 90' lang='lat' dir='ltr'>tuo</span> <span class='ocrx_word' id='word_1_157' title='bbox 1906 3936 2000 4030; x_wconf 86' lang='lat' dir='ltr'>vivo,</span> 
     </span>
     <span class='ocr_line' id='line_1_20' title="bbox 631 4045 935 4119; baseline -0.01 -1"><span class='ocrx_word' id='word_1_158' title='bbox 631 4058 747 4119; x_wconf 90' lang='lat' dir='ltr'>sancto</span> <span class='ocrx_word' id='word_1_159' title='bbox 776 4055 810 4118; x_wconf 89' lang='lat' dir='ltr'>ct</span> <span class='ocrx_word' id='word_1_160' title='bbox 835 4045 935 4118; x_wconf 92' lang='lat' dir='ltr'>bono.</span> 
     </span>
    </p>

    <p class='ocr_par' dir='ltr' id='par_1_7' title="bbox 733 4161 1184 4256">
     <span class='ocr_line' id='line_1_21' title="bbox 733 4161 1184 4256; baseline -0.011 -23"><span class='ocrx_word' id='word_1_161' title='bbox 733 4161 893 4256; x_wconf 82' lang='lat' dir='ltr'>Populus.</span> <span class='ocrx_word' id='word_1_162' title='bbox 945 4161 1065 4232; x_wconf 89' lang='lat' dir='ltr'>Amen.</span> <span class='ocrx_word' id='word_1_163' title='bbox 1181 4223 1184 4228; x_wconf 85' lang='lat'>.</span> 
     </span>
    </p>

    <p class='ocr_par' dir='ltr' id='par_1_8' title="bbox 735 4269 1057 4350">
     <span class='ocr_line' id='line_1_22' title="bbox 735 4269 1057 4350; baseline -0.003 -1"><span class='ocrx_word' id='word_1_164' title='bbox 735 4269 920 4350; x_wconf 70' lang='lat' dir='ltr'>sacerdos.</span> <span class='ocrx_word' id='word_1_165' title='bbox 973 4279 1057 4349; x_wconf 89' lang='lat' dir='ltr'>Pax.</span> 
     </span>
    </p>

    <p class='ocr_par' dir='ltr' id='par_1_9' title="bbox 732 4392 1326 4490">
     <span class='ocr_line' id='line_1_23' title="bbox 732 4392 1326 4490; baseline -0.003 -24"><span class='ocrx_word' id='word_1_166' title='bbox 732 4394 892 4489; x_wconf 76' lang='lat' dir='ltr'>Populus.</span> <span class='ocrx_word' id='word_1_167' title='bbox 945 4392 990 4464; x_wconf 87' lang='lat' dir='ltr'>Et</span> <span class='ocrx_word' id='word_1_168' title='bbox 1016 4415 1091 4464; x_wconf 92' lang='lat' dir='ltr'>cum</span> <span class='ocrx_word' id='word_1_169' title='bbox 1118 4395 1235 4490; x_wconf 90' lang='lat' dir='ltr'>spiritu</span> <span class='ocrx_word' id='word_1_170' title='bbox 1260 4405 1326 4466; x_wconf 89' lang='lat' dir='ltr'>tuo.</span> 
     </span>
    </p>

    <p class='ocr_par' dir='ltr' id='par_1_10' title="bbox 732 4511 1445 4608">
     <span class='ocr_line' id='line_1_24' title="bbox 732 4511 1445 4608; baseline -0.004 -26"><span class='ocrx_word' id='word_1_171' title='bbox 732 4511 920 4584; x_wconf 70' lang='lat' dir='ltr'>Diaconos.</span> <span class='ocrx_word' id='word_1_172' title='bbox 972 4512 1040 4583; x_wconf 90' lang='lat' dir='ltr'>Det</span> <span class='ocrx_word' id='word_1_173' title='bbox 1065 4533 1184 4608; x_wconf 92' lang='lat' dir='ltr'>pacem</span> <span class='ocrx_word' id='word_1_174' title='bbox 1210 4512 1445 4606; x_wconf 88' lang='lat' dir='ltr'>unusquisque.</span> 
     </span>
    </p>

    <p class='ocr_par' dir='ltr' id='par_1_11' title="bbox 731 4627 1193 4722">
     <span class='ocr_line' id='line_1_25' title="bbox 731 4627 1193 4722; baseline 0.002 -23"><span class='ocrx_word' id='word_1_175' title='bbox 731 4627 893 4722; x_wconf 77' lang='lat' dir='ltr'>Populus.</span> <span class='ocrx_word' id='word_1_176' title='bbox 945 4631 1102 4717; x_wconf 87' lang='lat' dir='ltr'>Praesta,</span> <span class='ocrx_word' id='word_1_177' title='bbox 1130 4639 1193 4718; x_wconf 86' lang='lat' dir='ltr'>etc.</span> 
     </span>
    </p>

    <p class='ocr_par' dir='ltr' id='par_1_12' title="bbox 733 4745 1064 4818">
     <span class='ocr_line' id='line_1_26' title="bbox 733 4745 1064 4818; baseline 0 -2"><span class='ocrx_word' id='word_1_178' title='bbox 733 4745 920 4818; x_wconf 73' lang='lat' dir='ltr'>Diaconos.</span> <span class='ocrx_word' id='word_1_179' title='bbox 973 4745 1064 4818; x_wconf 90' lang='lat' dir='ltr'>Post.</span> 
     </span>
    </p>

    <p class='ocr_par' dir='ltr' id='par_1_13' title="bbox 627 4855 1996 5304">
     <span class='ocr_line' id='line_1_27' title="bbox 734 4855 1996 4956; baseline 0.002 -26"><span class='ocrx_word' id='word_1_180' title='bbox 734 4859 917 4933; x_wconf 73' lang='lat' dir='ltr'><strong><em>Sacerdos.</em></strong></span> <span class='ocrx_word' id='word_1_181' title='bbox 969 4858 1152 4933; x_wconf 89' lang='lat' dir='ltr'>Adorande</span> <span class='ocrx_word' id='word_1_182' title='bbox 1180 4863 1235 4956; x_wconf 84' lang='lat' dir='ltr'>qui</span> <span class='ocrx_word' id='word_1_183' title='bbox 1261 4859 1303 4933; x_wconf 91' lang='lat' dir='ltr'>ab</span> <span class='ocrx_word' id='word_1_184' title='bbox 1331 4857 1470 4952; x_wconf 84' lang='lat' dir='ltr'>Angelis</span> <span class='ocrx_word' id='word_1_185' title='bbox 1497 4857 1716 4952; x_wconf 79' lang='lat' dir='ltr'>glorificaris,</span> <span class='ocrx_word' id='word_1_186' title='bbox 1752 4867 1785 4929; x_wconf 91' lang='lat' dir='ltr'>et</span> <span class='ocrx_word' id='word_1_187' title='bbox 1812 4881 1832 4928; x_wconf 93' lang='lat' dir='ltr'>a</span> <span class='ocrx_word' id='word_1_188' title='bbox 1860 4855 1996 4932; x_wconf 83' lang='lat' dir='ltr'>Cheru-</span> 
     </span>
     <span class='ocr_line' id='line_1_28' title="bbox 628 4972 1996 5073; baseline 0 -25"><span class='ocrx_word' id='word_1_189' title='bbox 628 4976 696 5048; x_wconf 92' lang='lat' dir='ltr'>bim</span> <span class='ocrx_word' id='word_1_190' title='bbox 721 4976 950 5064; x_wconf 90' lang='lat' dir='ltr'>benediceris,</span> <span class='ocrx_word' id='word_1_191' title='bbox 979 5001 999 5048; x_wconf 93' lang='lat' dir='ltr'>a</span> <span class='ocrx_word' id='word_1_192' title='bbox 1025 4976 1199 5072; x_wconf 77' lang='lat' dir='ltr'>Seraphim</span> <span class='ocrx_word' id='word_1_193' title='bbox 1226 4976 1459 5064; x_wconf 79' lang='lat' dir='ltr'>sanctificaris,</span> <span class='ocrx_word' id='word_1_194' title='bbox 1486 4975 1528 5048; x_wconf 89' lang='lat' dir='ltr'>ab</span> <span class='ocrx_word' id='word_1_195' title='bbox 1555 4975 1667 5067; x_wconf 84' lang='lat' dir='ltr'>lgncis</span> <span class='ocrx_word' id='word_1_196' title='bbox 1688 4972 1846 5066; x_wconf 79' lang='lat' dir='ltr'>laudaris,</span> <span class='ocrx_word' id='word_1_197' title='bbox 1873 4998 1893 5045; x_wconf 93' lang='lat' dir='ltr'>a</span> <span class='ocrx_word' id='word_1_198' title='bbox 1918 4979 1996 5073; x_wconf 89' lang='lat' dir='ltr'>spi-</span> 
     </span>
     <span class='ocr_line' id='line_1_29' title="bbox 627 5089 1996 5182; baseline 0.003 -20"><span class='ocrx_word' id='word_1_199' title='bbox 627 5091 798 5166; x_wconf 71' lang='lat' dir='ltr'>ritualibus</span> <span class='ocrx_word' id='word_1_200' title='bbox 835 5091 1022 5181; x_wconf 82' lang='lat' dir='ltr'>extolleris‚</span> <span class='ocrx_word' id='word_1_201' title='bbox 1058 5103 1092 5164; x_wconf 93' lang='lat' dir='ltr'>et</span> <span class='ocrx_word' id='word_1_202' title='bbox 1127 5116 1147 5164; x_wconf 91' lang='lat' dir='ltr'>a</span> <span class='ocrx_word' id='word_1_203' title='bbox 1179 5092 1253 5164; x_wconf 89' lang='lat' dir='ltr'>liliis</span> <span class='ocrx_word' id='word_1_204' title='bbox 1287 5091 1452 5164; x_wconf 87' lang='lat' dir='ltr'>hominurn</span> <span class='ocrx_word' id='word_1_205' title='bbox 1488 5090 1663 5182; x_wconf 76' lang='lat' dir='ltr'>exaltaris,</span> <span class='ocrx_word' id='word_1_206' title='bbox 1698 5101 1731 5162; x_wconf 86' lang='lat' dir='ltr'>ct</span> <span class='ocrx_word' id='word_1_207' title='bbox 1766 5089 1808 5162; x_wconf 90' lang='lat' dir='ltr'>ab</span> <span class='ocrx_word' id='word_1_208' title='bbox 1843 5092 1996 5166; x_wconf 89' lang='lat' dir='ltr'>omnibus</span> 
     </span>
     <span class='ocr_line' id='line_1_30' title="bbox 629 5206 1995 5304; baseline 0.001 -25"><span class='ocrx_word' id='word_1_209' title='bbox 629 5212 791 5281; x_wconf 83' lang='lat' dir='ltr'>creaturis</span> <span class='ocrx_word' id='word_1_210' title='bbox 817 5208 981 5300; x_wconf 73' lang='lat' dir='ltr'>laudaris,</span> <span class='ocrx_word' id='word_1_211' title='bbox 1008 5211 1140 5304; x_wconf 85' lang='lat' dir='ltr'>respice</span> <span class='ocrx_word' id='word_1_212' title='bbox 1165 5208 1309 5282; x_wconf 85' lang='lat' dir='ltr'>Domine</span> <span class='ocrx_word' id='word_1_213' title='bbox 1334 5206 1476 5282; x_wconf 88' lang='lat' dir='ltr'>famulos</span> <span class='ocrx_word' id='word_1_214' title='bbox 1493 5217 1567 5282; x_wconf 89' lang='lat' dir='ltr'>tuos</span> <span class='ocrx_word' id='word_1_215' title='bbox 1580 5211 1636 5304; x_wconf 88' lang='lat' dir='ltr'>qui</span> <span class='ocrx_word' id='word_1_216' title='bbox 1651 5206 1893 5282; x_wconf 89' lang='lat' dir='ltr'>inclinaverunt</span> <span class='ocrx_word' id='word_1_217' title='bbox 1908 5208 1995 5283; x_wconf 87' lang='lat' dir='ltr'>eolla</span> 
     </span>
    </p>
   </div>
   <div class='ocr_carea' id='block_1_7' title="bbox 0 0 2370 6038">
    <p class='ocr_par' dir='ltr' id='par_1_14' title="bbox 0 0 2370 6038">
     <span class='ocr_line' id='line_1_31' title="bbox 0 0 2370 6038; baseline 0 2"><span class='ocrx_word' id='word_1_218' title='bbox 0 0 2370 6038; x_wconf 95' lang='lat' dir='ltr'> </span> 
     </span>
    </p>
   </div>
  </div>
 </body>
</html>
