4782 6068
745 573 820 652 586
1253 571 1613 652 Ltttttttttl

848 762 1086 858 Prosequitur.
1133 765 1278 838 Domine
1304 763 1398 838 Deus
1423 772 1540 837 noster
1565 773 1700 860 praesta
1726 758 1824 836 nohis
1851 763 2118 858 tranquillitatem

746 890 780 950 et
814 902 932 976 pacem
968 891 1076 972 tuam,
1116 879 1269 954 omnibns
1302 877 1420 954 diebus
1452 879 1580 954 saeculi
1611 879 1725 972 hujus:
1761 888 1797 950 nt
1838 893 2047 972 cognoscant
2085 893 2120 954 te

746 1018 863 1070 omnes
890 993 1096 1070 habitatores
1123 1006 1252 1068 terras:
1280 999 1356 1091 quia
1383 1005 1418 1070 tu
1444 1019 1482 1070 es
1508 997 1602 1069 Deus
1626 997 1730 1068 Pater
1754 1017 1858 1068 venus
1885 995 1996 1086 solus;
2023 1009 2058 1070 et
2084 1009 2119 1072 tn

743 1113 862 1186 misisti
887 1113 1063 1185 Dominum
1090 1121 1239 1186 nostrum
1266 1111 1382 1184 tesam
1419 1111 1584 1187 Christum
1616 1111 1735 1185 Filium
1769 1121 1860 1183 tunm
1895 1122 1931 1184 et
1964 1112 2120 1188 dilectum

745 1236 854 1316 tunm;
893 1237 928 1299 et
954 1231 1028 1324 ipsc
1054 1228 1218 1301 Dominus
1245 1237 1280 1300 et
1304 1230 1398 1302 Deus
1424 1239 1541 1302 noster
1566 1231 1660 1302 venit
1686 1239 1721 1300 et
1746 1227 1858 1301 docuit
1882 1250 1946 1302 nos
1985 1251 2119 1306 ornnem

742 1345 919 1438 puritatem
946 1353 981 1416 et
1007 1348 1233 1417 sanctitatem:
1268 1343 1464 1418 Memoriam
1489 1344 1546 1417 fac
1570 1343 1833 1440 Prophetarum,
1864 1343 2119 1439 Apostolorum,

742 1459 941 1555 Martyrum,
969 1457 1222 1547 Canlcssorum,
1248 1458 1512 1558 Episcopamm,
1544 1461 1742 1552 Doctorum,
1768 1460 2002 1550 Sacerdotum,
2028 1463 2119 1535 Din-

743 1597 918 1666 conorum,
945 1587 980 1649 et
1006 1580 1151 1650 amnium
1177 1577 1318 1650 filiorum
1344 1576 1520 1651 Ecclesiae
1551 1590 1690 1652 sanctae
1716 1575 1935 1664 Catholicae,
1966 1582 2022 1673 qui
2048 1578 2119 1650 oh·-

743 1695 865 1788 signati
892 1704 968 1767 sunt
994 1697 1093 1788 signo
1119 1699 1225 1788 vitae,
1250 1695 1463 1792 Baptismatis
1490 1699 1606 1768 sancti.
1659 1695 1731 1769 Nos
1759 1716 1893 1792 qnoque
1918 1694 2076 1768 Domine.

849 1844 1086 1939 Prosequitur.
1139 1843 1313 1921 servitui
1346 1842 1486 1917 humiles
1519 1842 1703 1918 imbecilles
1731 1855 1765 1917 et
1791 1843 1910 1916 infirmi
1940 1848 1997 1940 qni
2028 1867 2121 1918 con-

744 1964 879 2054 gregati
905 1983 1018 2036 sumus
1045 1962 1239 2034 innomine
1275 1971 1342 2047 tuo,
1369 1982 1523 2057 uanoque
1549 1973 1675 2034 stamus
1702 1983 1816 2034 coram
1845 1971 1890 2050 te,
1918 1970 1952 2033 et
1978 1965 2121 2058 accepi-

744 2098 818 2152 mus
846 2099 921 2150 cum
943 2076 1050 2172 jubilo
1075 2076 1216 2151 formam
1250 2099 1337 2172 quae
1370 2100 1391 2149 a
1423 2086 1458 2148 te
1493 2087 1564 2166 est,
1597 2075 1789 2165 laudantes,
1824 2077 2051 2169 glorificantes
2086 2087 2121 2150 et

746 2192 947 2284 exaltantes,
974 2214 1284 2280 commemoramus,
1312 2202 1347 2264 et
1372 2190 1599 2282 celebramus,
1635 2197 1829 2290 mysterium
1861 2190 1926 2265 hoc
1961 2215 2121 2286 magnum

745 2319 780 2384 et
805 2309 1023 2401 tremendum,
1049 2319 1199 2382 sanctum
1227 2318 1262 2380 et
1286 2308 1450 2398 divinam,
1483 2313 1671 2404 passionis,
1697 2313 1834 2398 mortis,
1866 2308 2058 2406 sepulturae
2086 2317 2121 2382 et

744 2427 1002 2500 resurrrectionis
1026 2424 1172 2514 Domini,
1199 2435 1233 2497 et
1258 2423 1448 2498 Salvatoris
1474 2429 1579 2500 nostri
1605 2426 1687 2499 lesu
1715 2422 1848 2497 Christi.

851 2572 896 2646 Et
920 2577 1036 2648 veniat
1064 2575 1095 2613 ¹⁴
1121 2575 1265 2647 Domine
1291 2569 1434 2671 Spiritus
1467 2581 1541 2646 tuns
1569 2581 1716 2660 sanetus,
1743 2581 1777 2643 et
1803 2575 1990 2667 requieseat
2017 2595 2121 2669 snper

745 2688 949 2765 oblationem
974 2690 1060 2763 hanc
1085 2713 1264 2764 servorum
1289 2700 1438 2778 tuorum,
1475 2713 1575 2786 quam
1602 2685 1755 2776 offerunt,
1781 2699 1816 2760 et
1842 2711 1917 2760 eam
1943 2685 2120 2762 benedicat

746 2815 781 2877 et
806 2805 1001 2896 sanctificet,
1027 2815 1064 2879 ut
1090 2811 1133 2880 sit
1158 2806 1257 2880 nohis
1283 2806 1439 2896 Domine,
1466 2805 1509 2879 ad
1543 2807 1809 2902 propitiationem
1837 2804 2050 2894 delictorum,
2087 2816 2120 2878 et

745 2925 974 2996 remissionem
1002 2933 1228 3019 pcccatorum,
1256 2946 1416 3020 spemque
1448 2944 1603 3017 magnam
1637 2923 1892 2994 resurrectionis
1919 2944 1939 2992 a
1966 2925 2119 3012 mortuis,

745 3045 781 3110 et
814 3038 857 3111 ad
890 3041 992 3112 vitam
1024 3061 1148 3112 novam
1181 3043 1215 3112 in
1248 3061 1356 3132 regno
1396 3037 1586 3128 coelorum,
1626 3060 1700 3111 cum
1734 3037 1886 3111 omnibus
1919 3039 1975 3132 qui
2006 3036 2119 3134 placiti

744 3151 879 3227 inerunt
904 3177 1018 3228 eoram
1045 3178 1099 3229 eo.
1134 3155 1179 3228 Et
1203 3167 1342 3253 propter
1367 3160 1558 3229 nniversam
1587 3153 1870 3251 dispensationem
1895 3163 1984 3227 tuam
2011 3158 2119 3227 mira-

744 3268 845 3343 hilem
873 3293 957 3364 erga
982 3293 1064 3360 nos,
1091 3272 1321 3345 confitebimur
1347 3270 1424 3360 tihi,
1457 3281 1491 3343 et
1523 3269 1780 3364 glorificabimus
1817 3281 1851 3342 te
1881 3269 2119 3361 indesinenter,

744 3390 780 3458 in
804 3385 958 3460 Ecclesia
986 3398 1054 3477 tna,
1080 3388 1229 3460 redemta
1255 3410 1318 3485 per
1344 3390 1539 3482 sanguinem
1565 3391 1747 3484 pretiosum
1769 3386 1891 3461 Christi
1919 3389 1976 3475 tui,
2003 3386 2119 3460 oribus

746 3503 883 3599 apertis,
910 3514 944 3576 et
969 3503 1057 3576 facie
1082 3503 1203 3577 libera:
1239 3504 1377 3576 Cauca:
1409 3503 1596 3576 referentes
1631 3502 1801 3599 hymnum,
1827 3502 2001 3592 honorem,
2028 3525 2120 3576 cou-

744 3618 927 3692 lessioaem
955 3628 989 3692 et
1015 3619 1242 3693 adorationem
1269 3623 1394 3694 nomini
1420 3632 1477 3693 tuo
1506 3629 1622 3693 sanato
1648 3623 1731 3693 vivo
1758 3629 1793 3691 et
1813 3618 2004 3709 vivificanti,
2030 3643 2120 3692 nnnc

747 3743 782 3807 et
806 3757 952 3832 semper,
979 3745 1014 3808 et
1039 3738 1073 3809 in
1100 3736 1235 3811 saecula
1262 3737 1481 3810 saeculorum.

849 3885 1027 3957 Sacerdos
1051 3890 1166 3982 siqaat
1192 3908 1295 3958 cruce
1318 3891 1502 3980 'repulerim
1528 3892 1563 3957 et
1587 3886 1804 3980 respondeat.
1857 3885 1978 3960 Amen.

850 4035 1027 4108 Sacerdos
1051 4036 1196 4108 inclinat
1221 4059 1259 4109 se
1286 4042 1321 4107 et
1347 4037 1522 4110 osculatur
1541 4037 1667 4126 altare,
1689 4038 1834 4129 priosum
1854 4036 1889 4104 ta
1902 4035 2023 4124 medio,
2051 4042 2121 4110 tuas

747 4151 795 4222 ud
821 4151 887 4224 duo
914 4151 1029 4224 latera
1055 4151 1212 4224 destrm
1238 4158 1273 4224 et
1297 4155 1480 4243 sinistrum,
1507 4154 1657 4249 dicitque
1683 4152 1773 4223 hanc
1802 4151 2008 4223 Orationem.

851 4301 893 4373 lu
920 4301 992 4373 olio
1019 4302 1157 4375 codice:
1187 4303 1273 4373 dicit
1296 4301 1477 4374 Paulinum.
1528 4303 1693 4384 Miserere
1719 4305 1785 4375 mei
1810 4303 1914 4388 Deus,
1941 4324 2046 4397 usque
2072 4305 2122 4375 ad

747 4418 836 4490 haec
863 4417 990 4506 amba,
1017 4427 1052 4492 et
1076 4419 1178 4514 iniqui
1205 4417 1247 4490 ad
1273 4429 1307 4490 te
1333 4431 1579 4493 convertentur.
1603 4420 1661 4494 Ad
1678 4429 1712 4491 te
1726 4419 1842 4491 levavi
1867 4416 1984 4490 acidas
2010 4441 2120 4511 meos,

747 4557 853 4630 usque
879 4535 926 4605 ud
950 4533 1116 4608 Miserere
1141 4535 1248 4609 nostri
1273 4535 1427 4625 Domine,
1454 4539 1616 4609 miserere
1641 4537 1757 4610 nostri.
1803 4533 1959 4608 Extende
1984 4557 2120 4608 manum

747 4659 848 4740 tuam,
875 4662 909 4724 et
935 4650 1046 4727 salv'et
1071 4673 1126 4724 mc
1153 4650 1294 4725 dextera
1319 4663 1375 4724 tua
1401 4652 1563 4726 Domine:
1587 4660 1806 4748 permaneant
1831 4673 1933 4748 snper
1958 4673 2012 4723 me
2038 4651 2123 4726 Do-

748 4769 849 4858 mine,
874 4770 1107 4843 miserationes
1133 4777 1212 4840 tuae
1237 4771 1271 4840 iu
1298 4767 1487 4862 saeculnm,
1522 4777 1556 4841 st
1589 4790 1695 4865 opera
1728 4789 1882 4840 mannum
1914 4775 2042 4842 tuarum
2073 4789 2121 4841 ne

748 4881 927 4980 despicias.
