4728 6028
697 635 771 709 130
1063 637 1426 714 LlTURGIh
1477 639 1700 715 lllllOll

798 821 949 894 Hecura
973 845 1099 894 cacan.
1150 823 1325 916 Rogamus
1351 833 1398 914 te,
1424 825 1579 913 Domine,
1605 833 1642 896 nt
1666 825 1772 898 robur
1806 825 1867 898 des
1893 829 2067 924 impoten-

693 940 762 1009 tiae
793 947 947 1010 nostrae:
984 938 1130 1032 adjunge
1164 961 1229 1011 nos
1267 943 1379 1012 coemi
1414 943 1710 1036 primogenitorum
1753 941 1997 1037 descriptorum
2035 949 2070 1017 in

692 1053 808 1124 coelis.
860 1053 986 1126 Eorum
1013 1065 1124 1126 autem
1150 1059 1501 1128 commemorationem
1526 1055 1687 1143 facimus,
1713 1065 1749 1128 nt
1775 1059 1873 1127 etiam
1899 1059 1964 1152 ipsi
1989 1081 2069 1130 mc-

690 1190 805 1240 mores
832 1173 937 1243 nostri
965 1173 1031 1242 sint
1056 1193 1172 1242 coram
1199 1180 1244 1260 te,
1271 1182 1306 1244 et
1331 1175 1575 1244 communicent
1600 1169 1780 1247 nobiscum.
1800 1171 1876 1242 hnic
1902 1172 2068 1246 sacrificio

691 1283 865 1376 spirituali,
892 1286 934 1357 ad
960 1290 1253 1358 conservationem
1279 1288 1456 1372 vivorum,
1488 1286 1530 1357 ad
1557 1285 1835 1358 confortationem
1868 1309 1986 1360 eorum
2012 1289 2070 1382 qui

691 1401 779 1469 inter
804 1421 868 1472 nos
895 1411 1085 1492 aegrotant,
1112 1413 1146 1474 et
1172 1401 1215 1472 ad
1240 1405 1390 1495 requiem
1415 1400 1560 1474 fidebam
1587 1405 1643 1496 qui
1670 1399 1897 1474 decubuerunt
1921 1403 2068 1490 Petrum,

690 1513 828 1585 fratrum
855 1525 889 1587 et
916 1521 1153 1609 magistrorum
1178 1526 1381 1606 nostrorum,
1407 1521 1650 1613 pergratiam,
1677 1527 1712 1590 et
1724 1521 1957 1590 miserationes
1984 1517 2067 1588 nni-

690 1633 794 1721 geniti
821 1631 895 1702 Filii
924 1635 988 1721 tui,
1021 1642 1055 1703 et
1080 1633 1224 1727 Spiritus
1251 1637 1297 1704 tui
1324 1636 1441 1722 sancti,
1467 1654 1567 1722 nunc,
1594 1643 1658 1704 etc.

796 1747 958 1839 Populus.
1010 1750 1131 1820 Amen.

795 1861 971 1934 Sacerdos
997 1864 1189 1936 inclinatas.
1242 1864 1412 1938 Memento
1445 1867 1562 1950 etiarn,
1589 1863 1749 1952 Domine,
1775 1862 1971 1937 Praesulnm
1996 1884 2067 1933 ve-

689 1999 815 2064 rorum,
844 1999 959 2050 eorum
987 1983 1042 2072 qui
1075 1980 1253 2053 alacobo
1287 1983 1438 2076 principe
1468 1979 1731 2075 Episcoporum,
1764 2001 1871 2076 usqne
1905 1978 1948 2050 ad
1983 1975 2068 2048 hanc

690 2093 790 2180 diem,
818 2093 1042 2166 orthodoxam
1068 2093 1166 2166 fidem
1193 2099 1227 2166 in
1252 2094 1416 2168 Ecclesiis
1442 2098 1506 2167 tuis
1533 2094 1820 2168 confirmaverunt

795 2209 944 2280 Derane
969 2231 1094 2280 ccccm
1121 2209 1317 2282 hortunam
1343 2211 1516 2284 illustrium
1542 2209 1672 2282 illarum
1694 2209 1880 2298 doctorum,
1901 2213 1956 2304 qui
1977 2231 2067 2305 por-

690 2335 846 2398 taverunt
867 2347 989 2396 nomen
1012 2335 1099 2396 tunm
1127 2338 1289 2416 sanctum,
1310 2350 1424 2400 coram
1446 2326 1598 2424 populis,
1620 2326 1772 2418 regibus,
1798 2335 1832 2396 et
1850 2323 1927 2396 liliis
1947 2323 2066 2414 Israel,

690 2443 724 2512 in
751 2437 923 2512 animabus
950 2444 1074 2512 nostris
1109 2439 1288 2516 confirma:
1317 2443 1479 2516 haereses
1505 2443 1604 2515 nobis
1636 2445 1843 2537 perniciosas
1869 2443 2067 2535 comprime:

690 2567 725 2630 et
751 2566 884 2651 praesta
911 2554 1009 2628 nobis
1035 2567 1071 2628 ut
1096 2561 1285 2630 consistere
1312 2559 1440 2654 absque
1465 2558 1729 2654 reprehensione
1756 2560 1923 2653 possimus
1950 2579 2065 2628 curum

691 2671 847 2744 tribunali
876 2682 932 2745 tuo
960 2671 1150 2745 tremendo:
1184 2677 1260 2768 quia
1293 2687 1428 2747 sanctus
1455 2697 1515 2760 cs,
1549 2684 1584 2745 et
1609 2673 1831 2746 sanctificator
1856 2681 2067 2761 sanctomm;

690 2786 818 2881 tibique
845 2787 986 2879 gloriam
1014 2787 1202 2878 referimus,
1229 2799 1263 2860 ct
1288 2793 1460 2882 unigenito
1486 2788 1553 2860 fibo
1581 2799 1651 2878 tuo,
1677 2798 1739 2860 etc.
2052 2769 2056 2782 ⁸

796 2903 957 2996 Populus.
1010 2903 1130 2974 Amen.
1289 2993 1295 3004 ·

794 3019 969 3090 Sacerdos
1004 3019 1196 3092 inclinatae.
1249 3019 1436 3108 Memento,
1476 3019 1638 3109 Domine,
1679 3021 1823 3092 omnium
1856 3043 1902 3092 ex
1940 3019 2066 3092 Ordine

688 3133 952 3224 Ecclesiastico,
987 3137 1042 3228 qui
1069 3137 1102 3205 in
1128 3135 1194 3207 lide
1221 3135 1418 3210 Ortbodoxa
1445 3136 1571 3232 pridem
1601 3134 1755 3208 oblenmt
1789 3145 1822 3207 et
1849 3139 2066 3231 quieverunt:

689 3261 725 3322 et
751 3253 1000 3345 cujuscumque,
1027 3273 1090 3347 pro
1118 3274 1186 3347 quc
1221 3252 1419 3325 sacrificium
1452 3250 1657 3340 obtulerunt,
1693 3262 1728 3323 et
1753 3274 1870 3326 eorum
1896 3255 1952 3348 qui
1976 3274 2065 3326 nnnc

687 3371 906 3439 nominantur.

794 3483 944 3554 Elaeam
975 3504 1100 3553 cacare.
1153 3482 1316 3568 Domine,
1353 3481 1497 3553 Domine
1539 3481 1633 3554 Deus
1674 3483 1844 3578 spirituum
1881 3492 1916 3554 et
1956 3489 2064 3558 omnis

689 3602 811 3687 carnis,
838 3609 1004 3671 memento
1032 3600 1176 3670 omniurn
1203 3619 1332 3685 eorum,
1360 3599 1416 3690 qni
1442 3600 1475 3668 in
1502 3595 1567 3668 lide
1592 3606 1686 3668 recta
1713 3620 1733 3667 a
1759 3596 1858 3670 nobis
1885 3601 2064 3690 migrave-

688 3724 780 3786 nmt:
817 3717 958 3808 quietem
992 3724 1127 3810 praesta
1155 3712 1366 3807 corporibus,
1393 3711 1565 3784 animabus
1601 3724 1635 3784 et
1669 3711 1837 3807 spiritibus
1870 3725 2065 3802 canumet

686 3827 793 3900 libera
821 3851 882 3902 eos
910 3853 930 3901 a
957 3829 1168 3901 damnatione
1201 3850 1287 3922 quae
1321 3827 1418 3900 finem
1451 3849 1518 3900 non
1553 3827 1663 3900 habet.
1722 3829 1861 3902 Cumula
1897 3851 1959 3902 eos
1985 3828 2063 3901 lac-

687 3947 769 4030 titia,
798 3947 831 4014 in
857 3949 999 4037 regione
1026 3968 1123 4040 quarn
1150 3943 1309 4014 illuminat
1335 3943 1495 4039 splendor
1520 3944 1631 4016 vultus
1659 3948 1723 4034 tui,
1759 3943 1874 4018 delens
1910 3967 2062 4041 praeva-

687 4062 867 4131 ricationes
895 4083 1022 4150 eorum,
1049 4083 1113 4132 nec
1141 4064 1265 4132 intrans
1293 4061 1325 4130 in
1347 4058 1507 4152 judicium
1532 4058 1699 4147 cumillis,
1726 4061 1937 4154 nequeenim
1964 4065 2063 4155 quis-

688 4197 787 4270 quam
814 4198 915 4271 purus
943 4185 996 4248 est
1022 4202 1042 4249 a
1068 4188 1210 4272 peccato
1237 4196 1354 4247 coram
1369 4184 1415 4265 te,
1441 4178 1504 4249 nisi
1531 4176 1623 4248 solus
1649 4178 1837 4268 unigenitus
1863 4175 1949 4248 filius
1976 4185 2062 4265 tuus,

686 4313 749 4386 per
776 4313 874 4385 quem
901 4297 999 4364 etlam
1027 4303 1061 4364 et
1086 4301 1225 4388 propter
1260 4313 1357 4387 quem
1385 4313 1559 4388 speramus
1591 4291 1856 4365 misericordiam
1889 4296 2062 4388 consequi,

688 4418 723 4479 et
748 4406 846 4480 nobis
874 4419 908 4479 et
934 4407 1005 4480 illis.
1085 4409 1246 4502 Populus.
1296 4409 1416 4482 Amen.
1829 4409 1832 4416 “

793 4523 968 4596 Sacerdos
1009 4525 1199 4594 inclinatae.
1252 4523 1397 4597 Remitto
1440 4535 1474 4597 et
1512 4548 1615 4621 parce
1653 4526 1745 4598 Deus
1785 4527 1933 4618 peccatis
1976 4545 2062 4618 quiae

687 4643 923 4728 commisimus,
953 4643 1167 4732 cogitatione,
1194 4641 1303 4714 uerbo
1322 4650 1356 4713 et
1377 4663 1494 4736 opere,
1521 4639 1705 4714 manifestis
1732 4651 1766 4712 et
1793 4639 1945 4728 occultis,
1974 4660 2060 4733 quae

687 4755 745 4826 tibi
772 4754 947 4828 manifesta
975 4766 1058 4830 sunt.

793 4871 941 4943 Elecata
967 4895 1060 4944 coca.
1113 4873 1230 4944 Finem
1256 4883 1407 4946 nostrum
1440 4881 1552 4944 autem
1582 4870 1711 4967 absque
1743 4881 1885 4967 peccato
1918 4868 2060 4957 custodi,

686 4987 841 5078 Domine,
869 4998 903 5060 et
928 5011 1101 5081 congrega
1128 5009 1191 5062 nos
1218 4986 1279 5060 sub
1306 4987 1446 5083 pedibus
1473 4988 1656 5060 eleetomm
1670 5000 1801 5060 tuorum
1828 4987 1973 5083 quando,
1990 4983 2059 5074 ubi,

687 5113 721 5174 at
746 5104 915 5197 quomodo
942 5103 1103 5191 volueris,
1136 5102 1344 5178 solummodo
1373 5101 1501 5198 absque
1533 5103 1731 5178 conhrsione
1756 5113 1894 5200 propter
1919 5109 2060 5200 peccata
2171 5093 2181 5106 ‘
