4814 6060
608 558 613 570 “
687 575 1317 674 s.Jonnn1srrrnnnomn
1602 578 1678 652 aro

310 767 437 860 spiritu.
467 758 677 839 .Conscrva
710 784 773 836 nos
812 772 845 834 et
883 761 959 835 illos
997 785 1059 859 per
1091 764 1275 838 custodiam
1307 765 1513 856 Angelorum
1548 774 1678 838 tuorum

310 890 518 969 sanctorum,
544 901 729 975 praeserva
756 901 820 950 uos
848 901 867 950 a
895 877 1080 965 scandalis,
1117 891 1151 952 ct
1185 881 1288 952 libera
1323 903 1386 952 nos
1414 904 1433 951 a
1460 880 1587 975 laqueis
1616 905 1679 954 sa-

310 1008 427 1086 tanae,
454 1005 487 1067 et
514 994 556 1067 ab
585 996 712 1091 abysso
740 998 888 1091 peccati,
916 1018 935 1067 a
962 997 1069 1086 virgis
1097 994 1206 1083 duris,
1239 1006 1319 1068 eta
1352 996 1461 1091 plagis
1494 997 1678 1071 lethalibus.

308 1111 432 1184 Libera
465 1135 529 1184 nos
566 1109 607 1182 ab
644 1115 707 1197 iis,
739 1135 826 1206 quae
860 1121 999 1206 peccata
1033 1120 1147 1182 nostra
1181 1112 1337 1184 inducunt
1370 1133 1471 1207 super
1502 1137 1584 1204 nos,
1619 1138 1680 1212 per

293 1223 451 1320 ¹gratiam
480 1238 585 1316 tuam,
613 1225 654 1300 ab
684 1227 807 1298 acerba
834 1229 1035 1321 captivitate,
1064 1237 1098 1299 et
1116 1252 1134 1300 a
1150 1227 1305 1321 gentibus
1320 1226 1517 1302 crudelibus.
1569 1231 1679 1304 Senes

310 1341 497 1417 imbecillos
524 1341 703 1432 confirma,
730 1353 764 1414 et
789 1341 931 1415 robora:
958 1342 1077 1414 viduas
1104 1343 1228 1417 auxilio
1252 1347 1354 1436 juva,
1386 1344 1555 1441 orphanos
1586 1370 1678 1448 Acon·
1742 1423 1750 1432 ,

312 1481 421 1551 serva⁸
440 1468 475 1529 et
499 1459 653 1553 purifica:
681 1462 835 1555 captivos
861 1456 968 1530 libera
996 1468 1030 1529 et
1056 1459 1169 1531 salva:
1203 1463 1334 1532 vinctos
1368 1460 1466 1532 solve
1500 1469 1534 1532 et
1568 1466 1678 1557 eripe:

312 1596 436 1666 aegros
462 1596 545 1645 sana
572 1584 605 1646 ct
631 1579 712 1671 ipsis
740 1578 914 1655 sanitatem
942 1573 1065 1646 tribue:
1093 1576 1230 1649 adiicias
1257 1587 1291 1649 ct
1325 1577 1531 1668 angustiatos
1564 1581 1679 1673 spiritu

312 1690 506 1762 consolare:
533 1692 683 1781 injuriam
712 1699 745 1762 et
771 1689 965 1796 calumniam
993 1711 1115 1786 passos
1141 1690 1293 1764 conforta
1308 1713 1370 1786 per
1385 1690 1554 1798 brachium
1572 1704 1679 1765 tuum:
1796 1768 1798 1774 ,

310 1827 477 1901 pauperes
504 1806 580 1880 cibo
609 1817 643 1888 et
667 1809 869 1880 necessariis
897 1816 1062 1880 sustenta:
1095 1812 1327 1882 necessitatem
1359 1811 1543 1903 patientes,
1573 1831 1679 1904 perc-

309 1926 446 2014 grinos,
474 1933 507 1993 et
532 1927 800 2021 persecutionem
829 1925 1030 1995 sustinentes
1057 1923 1175 2012 reduc,
1203 1933 1236 1998 et
1263 1928 1406 2020 quictem
1432 1923 1496 1996 illis
1520 1923 1678 2009 concede.

311 2038 465 2110 Perditos
493 2049 526 2110 et
553 2049 704 2112 errantes
731 2037 854 2130 collige
882 2049 914 2110 et
940 2060 1127 2132 congrega:
1164 2052 1361 2137 peccatores
1388 2040 1508 2113 munda
1536 2050 1569 2112 ct
1596 2063 1678 2114 sus-

313 2157 404 2249 cipe:
437 2153 601 2248 nobisque
636 2156 788 2228 omnibus
812 2153 976 2243 solatium,
1003 2155 1184 2246 medelam,
1211 2158 1363 2242 salutem,
1390 2167 1424 2228 et
1449 2156 1696 2231 liberationem

312 2284 464 2366 praesta,
491 2274 567 2365 quia
594 2281 628 2341 tu
655 2271 833 2345 auxiliator
860 2283 893 2344 et
920 2271 1051 2364 adjutor
1077 2276 1221 2344 omnium
1248 2294 1298 2363 es,
1325 2271 1450 2368 tibique
1477 2260 1619 2366 gloriam
1647 2282 1681 2344 et

313 2385 445 2457 laudem
473 2385 649 2460 offerimus.

416 2502 577 2595 Populea.
630 2487 750 2576 Amen.

415 2618 590 2691 Sacerdos
615 2619 808 2692 inclinatae.
862 2618 969 2689 Visite
994 2617 1139 2690 Domine
1176 2642 1239 2715 per
1269 2623 1411 2712 gratiam
1445 2631 1542 2694 tuam
1560 2619 1679 2713 Reges

315 2733 542 2824 Orthodoxos,
569 2747 603 2808 ct
629 2736 757 2827 subjice
792 2735 856 2807 illis
892 2735 1041 2807 inimicos
1069 2758 1197 2824 eorum,
1224 2758 1403 2832 compesce
1436 2733 1524 2808 bella
1556 2748 1590 2809 ct
1621 2746 1679 2810 tu-

313 2850 445 2940 multus,
472 2863 506 2923 et
532 2861 634 2924 totum
661 2861 824 2923 terrarum
861 2848 976 2922 orbem
1009 2847 1159 2947 pacifica,
1186 2862 1222 2922 ut
1246 2850 1401 2924 Ecclesia
1434 2863 1487 2924 tua
1521 2855 1553 2923 in
1585 2864 1681 2925 tran-

315 2966 471 3060 quillitate
498 2977 532 3039 et
557 2990 643 3063 pace
669 2971 721 3055 sit,
749 2945 847 3060 atque
883 2969 916 3038 in
943 2974 1065 3038 attenta
1092 2966 1283 3040 sedulitate:
1315 2971 1540 3065 unusquisque
1572 2978 1679 3041 autem

315 3086 348 3152 in
380 3105 441 3155 sua
473 3087 614 3175 regione
646 3083 841 3156 confiteatur
874 3083 940 3154 tibi.
1001 3082 1107 3155 Nobis
1147 3083 1291 3156 Domine
1330 3088 1433 3156 vitam
1470 3077 1612 3178 quietam
1649 3095 1683 3157 et

314 3207 463 3294 tempora
489 3199 628 3294 pacifica
655 3200 819 3272 concede:
847 3211 913 3271 eta
939 3197 1036 3272 nobis
1063 3199 1194 3295 depelle
1221 3221 1318 3272 omne
1346 3199 1528 3272 afflictionis
1554 3222 1679 3293 genus:

314 3325 449 3409 praesta
476 3319 574 3388 etiam
601 3326 636 3388 ut
662 3326 755 3389 caste
781 3319 883 3393 uitam
911 3319 1135 3388 instituamus:
1168 3337 1365 3411 oppressos,
1394 3325 1619 3408 aegrotantes,
1648 3327 1681 3388 ct
1768 3303 1770 3308 ’

318 3405 458 3526 eosqui
495 3441 658 3504 motantur
691 3456 710 3504 a
746 3431 899 3524 malignis
932 3431 1118 3528 spiritibus,
1152 3454 1234 3504 sana
1267 3443 1301 3503 ct
1333 3431 1464 3540 adjuva.
1524 3431 1682 3506 Coronae

315 3549 390 3619 anni
415 3547 567 3636 benedic,
594 3558 629 3620 ut
655 3559 830 3621 ercamrae
856 3547 998 3621 habeant
1012 3548 1100 3620 unde
1116 3556 1349 3636 sustententur,
1377 3547 1612 3641 etgloriliccnt
1635 3559 1677 3621 te.

417 3665 579 3758 Populos.
631 3665 737 3762 llyrie
764 3666 903 3737 eleison.

419 3779 595 3852 Sacerdos
621 3781 759 3852 elecoea
784 3803 909 3852 aecem.
962 3780 1105 3853 Domine
1123 3779 1216 3852 Deus
1229 3791 1359 3875 potens,
1386 3783 1546 3852 constitue
1562 3803 1680 3876 pacem

316 3899 348 3968 in
374 3900 501 3989 regnis,
528 3920 589 3993 per
615 3896 822 3969 clementiam
848 3910 954 3986 tuam,
981 3898 1162 3992 comprime
1187 3894 1276 3967 bella
1302 3898 1519 3988 inimicorum,
1547 3907 1580 3968 ct
1605 3896 1680 3969 Ec-

317 4012 490 4085 clesiarum
518 4012 677 4085 scandala
705 4012 808 4086 aufer.
850 4012 1021 4106 Extingue
1045 4012 1205 4084 haereses
1232 4035 1411 4104 erroneas3
1438 4021 1472 4084 et
1497 4013 1592 4087 salva
1618 4037 1680 4087 nos

315 4128 458 4200 Domine
484 4128 582 4224 plene
609 4129 854 4217 misericordia,
889 4126 929 4200 ab
958 4131 1048 4201 omui
1073 4128 1162 4199 lama
1190 4129 1278 4218 dira,
1312 4126 1352 4200 ab
1388 4131 1476 4202 omui
1511 4131 1616 4202 caede
1648 4142 1682 4203 et

316 4245 527 4332 mortalitate,
554 4242 597 4316 ab
625 4243 777 4318 omnibus
803 4243 900 4318 bellis
935 4256 969 4317 ct
994 4243 1198 4332 tumultibus,
1227 4268 1247 4316 a
1272 4244 1381 4342 plagis
1409 4255 1443 4316 et
1467 4244 1681 4341 colaphorum

316 4364 556 4454 ignominiae
581 4372 693 4434 terrae
729 4374 818 4434 motu
846 4370 879 4434 et
904 4364 1133 4458 oppressione,
1161 4359 1203 4434 ab
1230 4361 1389 4434 incendiis
1423 4370 1456 4432 et
1489 4360 1679 4457 depraeda-

316 4477 474 4550 tionibus:
512 4488 546 4550 ct
571 4483 866 4571 congregationem
895 4478 978 4550 hanc
997 4481 1288 4567 circumstantem,
1314 4481 1347 4548 in
1374 4475 1440 4549 lide
1466 4478 1593 4552 euswdi
1618 4501 1681 4574 per

317 4615 451 4666 crucem
477 4597 635 4688 unigeniti
668 4595 742 4668 Filii
775 4598 837 4684 tui,
869 4617 930 4690 per
956 4592 1124 4667 brachium
1157 4603 1246 4666 hrum
1281 4593 1463 4667 excelsum.
1522 4594 1679 4688 Virgines

318 4732 485 4783 conserva
513 4711 641 4806 absque
667 4712 807 4800 macula,
834 4712 1031 4804 conjugatos
1059 4732 1141 4783 orna
1168 4713 1383 4784 continentia:
1410 4732 1510 4783 senes
1536 4709 1679 4782 calami-

231 4806 233 4816 *
317 4826 438 4899 tatibus
472 4837 632 4916 vexatos,
667 4826 819 4901 conforta
846 4839 880 4900 et
912 4827 1049 4919 adjuva:
1084 4826 1229 4900 infirmos
1265 4848 1347 4899 sana
1377 4847 1439 4923 per
1473 4825 1679 4900 clementiam

317 4953 425 5014 tuam:
463 4952 646 5040 oppressos
673 4943 768 5016 malis
803 4966 921 5016 recrea
947 4946 1176 5041 pergratiam
1202 4952 1306 5017 tuam:
1338 4942 1573 5034 navigantibus
1604 4953 1677 5015 esto

316 5068 434 5152 portus
460 5059 670 5157 tranquillus:
689 5062 759 5133 iter
783 5058 945 5134 facientes
971 5082 1156 5157 praeserva
1182 5059 1225 5133 ab
1253 5057 1403 5133 omnibus
1430 5057 1567 5132 damnis.
1606 5056 1678 5132 Eos
