4814 6060
687 599 764 674 514
1192 595 1552 673 LITURGld

685 784 841 880 lugentes
868 781 1063 870 consolare,
1091 783 1228 854 afflictos
1255 769 1424 869 conforta,
1452 803 1620 878 pauperes
1647 791 1681 855 et
1707 804 1837 875 egenos
1870 787 1962 857 vitae
1995 808 2065 858 ue-

687 905 845 976 cessam‘is
871 905 1015 975 instrue:
1043 898 1212 994 orphanos
1239 909 1273 969 at
1299 896 1418 969 viduas
1445 897 1615 990 guberne:
1642 902 1844 991 navigamm
1872 899 1915 972 ad
1932 911 2064 995 portum

688 1017 813 1106 deduc,
853 1013 1143 1114 peregrinantibus
1178 1035 1292 1086 comes
1329 1024 1421 1102 esto;
1456 1013 1654 1086 calumniam
1688 1037 1808 1111 passos
1843 1026 1877 1087 et
1912 1020 2065 1113 captivos

686 1133 809 1207 libera:
837 1135 1010 1228 oppressis
1037 1141 1070 1202 et
1088 1129 1224 1224 direptis
1246 1129 1727 1216 auxiliumetmisericordiam
1754 1129 1896 1206 exhibe:
1923 1155 2066 1205 omnes-

688 1272 753 1344 que
788 1252 843 1343 qui
876 1252 909 1319 in
948 1246 1204 1320 necessitatibus
1242 1255 1298 1317 eut
1330 1243 1486 1341 periculis
1520 1256 1698 1319 versantur
1724 1251 1839 1342 eripe,
1876 1271 1939 1343 per
1978 1247 2066 1319 bra-

689 1364 797 1436 chium
825 1373 914 1435 tuum
942 1360 1175 1459 insuperabile.
1228 1360 1300 1433 Eos
1329 1363 1384 1456 qui
1411 1383 1430 1431 a
1458 1360 1612 1454 malignis
1640 1355 1812 1458 spiritibus
1840 1374 2007 1437 vexantur
2034 1373 2069 1436 et

690 1480 907 1568 infestantur,
933 1477 1038 1551 libera
1065 1500 1127 1574 per
1153 1480 1335 1571 potentiam
1362 1486 1449 1549 tuam
1480 1499 1647 1570 magnam.
1700 1478 1771 1551 Eos
1804 1483 1859 1573 qui
1894 1478 2069 1573 subjacent

691 1595 874 1668 violentiae
902 1596 1099 1690 iniquitatis,
1126 1593 1232 1665 salva.
1285 1592 1353 1664 Illis
1381 1595 1436 1686 qui
1463 1598 1598 1666 suntin
1625 1595 1754 1681 exiliis,
1783 1604 1815 1666 et
1849 1598 2068 1691 persecutio-

689 1712 786 1786 nibus
809 1715 997 1804 jactantur,
1026 1721 1099 1784 esto
1126 1718 1259 1780 curator
1285 1718 1319 1779 et
1345 1708 1553 1782 consolator:
1581 1709 1644 1782 illis
1672 1713 1727 1805 qui
1761 1714 1968 1784 incarcere
2000 1711 2068 1784 de-

689 1831 853 1915 tinentur,
882 1837 915 1898 et
943 1827 1147 1918 affliguntur,
1174 1823 1358 1896 libertatem
1387 1824 1546 1897 concede.
1599 1823 1751 1899 Infirmos
1784 1849 1885 1916 sana,
1922 1832 2069 1924 eosqui

690 1942 779 2016 male
804 1941 928 2014 babent
955 1965 1052 2030 cura,
1080 1938 1272 2014 confractos
1301 1938 1422 2034 alliga,
1449 1950 1483 2011 et
1508 1939 1606 2013 nobis
1627 1942 1785 2018 ¹omnibns
1801 1945 1958 2015 serviset
1976 1941 2069 2015 ado-

690 2057 859 2132 ratoribus
886 2061 967 2146 tuis,
994 2067 1129 2152 praesta
1156 2059 1288 2128 veniam
1317 2064 1351 2126 et
1376 2058 1608 2128 remissionem
1629 2061 1773 2130 ornoium
1794 2059 2070 2154 praevaricatio-

689 2197 783 2246 num:
812 2185 845 2245 et
871 2176 1047 2268 unicuique
1075 2171 1255 2261 auxilium,
1283 2181 1317 2243 et
1344 2171 1499 2266 quidquid
1525 2173 1604 2244 utile
1638 2195 1717 2246 esse
1752 2183 1864 2269 potest
1898 2173 1997 2245 modo
2033 2183 2070 2244 et

692 2300 846 2384 tempore
874 2289 1099 2375 convenienti,
1127 2285 1277 2360 concede
1303 2285 1459 2374 Domine,
1487 2291 1542 2381 qui
1563 2291 1629 2362 scis
1649 2292 1759 2362 omnia
1775 2301 1809 2362 et
1827 2298 1926 2385 potes
1945 2290 2071 2378 omnia,

691 2415 724 2476 et
751 2403 809 2476 tibi
837 2404 979 2497 gloriam
1007 2415 1041 2474 ct
1066 2402 1209 2475 laudem·
1224 2401 1423 2489 referimus,
1451 2413 1514 2476 etc.

797 2519 960 2612 Populus.
1013 2519 1133 2591 Amen.

795 2631 971 2705 Sacerdos
997 2633 1189 2734 inclinatos.
1243 2633 1412 2707 Memento
1438 2633 1581 2709 Domine
1612 2629 1794 2709 ⁶omniom
1817 2635 1951 2729 Regum
1975 2637 2069 2711 lide-

689 2751 768 2824 lium
796 2763 829 2823 et
855 2753 1037 2846 principum
1065 2748 1177 2844 populi
1203 2753 1271 2840 tui,
1298 2752 1353 2845 qui
1380 2762 1516 2840 curant,
1544 2761 1579 2823 et
1599 2752 1757 2845 adJuvant
1773 2751 1960 2824 Ecclesiam
1979 2758 2071 2830 tuam

692 2876 859 2956 sanemm3
886 2876 921 2937 et
955 2864 1105 2938 concede
1140 2863 1205 2937 ibis
1241 2870 1484 2959 strenuitatem,
1518 2876 1617 2963 atque
1643 2870 1819 2940 victoriam
1846 2868 1888 2939 de
1914 2865 2066 2940 hostibus

691 2985 771 3057 suis.
822 2980 992 3054 Memento
1021 2984 1120 3052 etiem
1152 2980 1297 3054 Domine
1331 2985 1490 3070 omnium,
1519 2987 1573 3078 qui
1601 2985 1774 3079 oppressi,
1799 2986 2070 3080 persecutionem

693 3108 727 3170 et
752 3101 988 3170 necessitatem
1023 3099 1210 3192 patiuntur,
1242 3096 1385 3170 benedic
1420 3102 1490 3172 aeri
1522 3109 1557 3171 et
1589 3120 1738 3172 coronae
1774 3102 1852 3172 anni
1886 3120 1947 3193 per
1979 3121 2071 3191 gra-

693 3217 773 3285 tiam
801 3220 899 3284 tuam.
1766 3189 1772 3209 ⁸

800 3327 951 3399 mecam
977 3350 1103 3402 ccccm,
1155 3327 1200 3400 Et
1226 3351 1357 3402 omnem
1385 3330 1586 3403 altitudinem
1612 3331 1804 3404 elevantem
1837 3353 1875 3402 se
1903 3329 2072 3405 adversus

693 3447 869 3517 veritatem
904 3443 1080 3515 Ecclesiae
1117 3455 1195 3515 tuae
1229 3454 1381 3532 sanctae,
1417 3445 1565 3541 deprime
1601 3457 1635 3518 et
1667 3459 1785 3520 everte
1817 3469 1880 3542 per
1911 3449 2073 3524 virtutem

693 3570 783 3632 tuam
809 3557 1078 3654 insuperabilem.
1131 3559 1247 3655 Lupos
1275 3564 1375 3632 etiam
1401 3561 1604 3657 spirituales,
1633 3567 1688 3658 qui
1714 3564 1911 3637 insidiantur
1947 3561 2073 3638 ovibus

693 3678 811 3768 gregis
838 3677 883 3745 tui
910 3673 1106 3768 spiritualis,
1138 3676 1243 3771 perde
1276 3686 1311 3748 et
1345 3676 1520 3772 disperge:
1556 3686 1655 3772 atque
1691 3679 1733 3752 ab
1771 3681 1923 3757 omnibus
1958 3683 2070 3778 plagis

695 3811 777 3886 quas
804 3793 956 3881 gravitas
983 3800 1198 3884 peccatorum
1224 3802 1414 3865 nostrorum
1442 3793 1565 3866 inducit
1591 3815 1692 3890 super
1718 3817 1800 3886 uos,
1826 3798 1924 3872 selva
1951 3822 2069 3896 popu-

656 3918 662 3926 ’
693 3905 760 3977 lum
786 3912 876 3976 tuum
903 3905 1061 3978 Domine:
1091 3930 1110 3978 a
1138 3904 1235 3981 bellis
1262 3917 1295 3979 et
1321 3907 1625 4004 persecutionibus:
1652 3909 1784 3982 aiame
1800 3921 1834 3983 et
1850 3913 2070 3987 mortalitate:

694 4017 735 4091 ab
763 4019 923 4092 incendiis
952 4030 985 4091 et
1020 4018 1266 4094 submersione:
1301 4021 1343 4093 ab
1380 4023 1602 4112 adversitate,
1634 4023 1839 4114 rebellione,
1872 4031 1998 4120 injuriis
2035 4039 2072 4104 et

694 4133 985 4231 oppressionibus:
1014 4160 1034 4207 a
1061 4135 1261 4227 latrociniis,
1288 4148 1322 4209 et
1348 4138 1450 4231 luga,
1483 4139 1606 4228 exilio,
1642 4149 1675 4210 et
1708 4139 1854 4214 damnis:
1887 4167 1907 4216 a
1941 4144 2072 4218 crude-

692 4251 801 4340 litate,
830 4275 849 4322 a
877 4250 1132 4340 tentationibus,
1160 4277 1180 4326 a
1206 4251 1383 4345 flagitiosis
1411 4265 1445 4326 et
1469 4254 1590 4328 invidis
1617 4253 1820 4331 hominibus:
1848 4259 1890 4332 ab
1910 4259 2074 4334 effusione

694 4368 866 4457 sanguinis
893 4388 955 4461 per
981 4377 1101 4458 gentes
1116 4367 1266 4441 alienas.
1319 4369 1439 4464 Neque
1465 4379 1604 4467 propter
1620 4381 1760 4466 peccata
1775 4385 1917 4449 naturae
1932 4388 2074 4451 nostrae

693 4480 845 4574 fragilis,
872 4489 905 4552 et
931 4481 1061 4572 buxae,
1088 4483 1250 4556 excludas
1279 4495 1299 4556 a
1334 4484 1432 4559 nobis
1460 4487 1618 4579 juvandis
1655 4486 1814 4561 auxilium
1847 4501 1947 4562 tuum
1999 4490 2073 4563 Sed

693 4597 869 4691 perillam
897 4600 1157 4690 misericordiam
1186 4601 1397 4674 essentialem
1424 4603 1555 4695 gratiae
1582 4610 1658 4676 tuae
1685 4602 1834 4695 divinae,
1868 4628 1973 4703 pasce
2005 4627 2073 4682 nos

693 4715 727 4782 in
753 4716 857 4806 pratis
884 4714 1057 4787 custodiae
1084 4726 1182 4808 tuae,
1210 4719 1286 4811 quia
1314 4715 1488 4789 clementia
1520 4726 1576 4790 tua
1610 4740 1712 4813 super
1743 4721 1923 4796 universos
1957 4722 2078 4794 eduu-

694 4826 797 5010 ¹ditur,
825 4837 925 4924 toque
953 4851 991 4900 es
1018 4829 1198 4905 auxiliator
1220 4842 1259 4903 et
1284 4831 1450 4925 refugium
1476 4843 1644 4926 nostrum,
1677 4832 1803 4931 tibique
1837 4836 1979 4930 gloriam
2006 4859 2078 4911 re-

710 4943 851 5030 erimus,
879 4954 941 5016 etc.

798 5056 961 5151 Populea.
1012 5063 1133 5136 Amen.
