4782 6068
614 539 711 650 'aaa
1177 577 1411 656 nonna

631 759 879 824 Nestorlanorum
907 779 1054 844 perversa
1084 769 1115 824 et
1143 762 1180 825 ab
1209 762 1397 826 Orthodoris
1425 762 1562 825 damnata
1590 762 1752 827 sententia.
1804 759 1880 826 Cum
1908 763 2001 846 igitur

632 859 741 923 nullam
764 860 890 923 similem
911 861 941 923 in
964 847 1084 924 cuatus
1100 861 1205 942 primis
1226 860 1370 944 Liturgiis
1391 862 1594 943 reperiamus,
1627 877 1688 923 non
1717 859 1878 924 leucinde
1903 880 2002 944 argu-

633 967 762 1022 mentum
785 959 823 1022 de
846 959 962 1023 illarum
985 960 1160 1042 antiquitate
1183 959 1315 1039 ducitur,
1345 979 1419 1042 prae
1447 960 1504 1024 hac
1526 960 1614 1024 tertia
1638 977 1714 1042 quae
1736 960 1870 1024 Nestorii
1892 977 2002 1026 nornen

632 1057 776 1138 praelcrt.

718 1156 1025 1221 Animadvertendum
1048 1175 1167 1239 quoque
1191 1165 1256 1233 cst,
1287 1166 1392 1237 totam,
1423 1164 1457 1221 ut
1485 1158 1578 1240 vulgo
1601 1165 1743 1236 vocatur,
1772 1156 1999 1234 Praelationem,

632 1255 774 1334 Graecis,
796 1256 924 1333 Latinis,
951 1257 1168 1339 Aegyptiacis,
1199 1264 1228 1319 et
1251 1257 1388 1321 omnihus
1411 1257 1530 1320 tandem
1554 1239 1593 1319 iri
1616 1276 1686 1321 esse
1709 1256 1851 1333 similem,
1879 1262 1912 1317 ut
1940 1273 2000 1318 non

631 1356 720 1418 modo
736 1356 903 1419 sentcntiae
922 1355 975 1419 sed
995 1357 1089 1418 verba
1104 1373 1201 1437 prope
1218 1356 1323 1419 eadem
1347 1357 1416 1434 sint,
1440 1355 1498 1420 alic
1522 1364 1611 1437 atque
1633 1357 1692 1420 alio
1715 1357 1820 1420 ordine
1843 1353 1998 1437 disposita.

632 1453 752 1518 Scilicet
775 1456 1016 1518 commemoratio
1039 1462 1086 1517 est
1108 1454 1322 1517 beneficiorum
1346 1454 1401 1518 Dei
1424 1472 1499 1538 erga
1522 1472 1619 1538 genus
1638 1454 1809 1532 humanum,
1831 1471 1887 1535 per
1909 1471 1999 1514 crea-

629 1555 758 1632 tionem,
790 1553 869 1635 legis
899 1555 1038 1635 antiquae
1069 1551 1354 1637 promulgationem,
1383 1555 1634 1618 annuntiationem
1664 1552 1775 1617 Christi
1804 1553 1922 1614 venturi
1941 1570 1999 1633 per

631 1653 814 1735 Prophetas:
838 1653 903 1733 ejus
926 1653 1087 1716 salutarem
1109 1652 1362 1735 dispensationem
1384 1671 1401 1714 a
1423 1654 1579 1717 nativitate
1600 1671 1697 1736 usque
1719 1652 1757 1716 ad
1769 1652 1952 1726 Passionem,
1967 1659 1998 1714 et

631 1753 944 1816 commemorationem
965 1753 1117 1815 institutae
1139 1753 1176 1814 ab
1200 1771 1237 1816 ec
1260 1752 1480 1832 Eucharistiae,
1512 1772 1589 1835 quae
1618 1751 1704 1816 simul
1732 1757 1929 1816 consecratur
1957 1771 1998 1814 cx

631 1851 697 1932 ejus
720 1859 886 1933 praecepto
910 1858 939 1914 et
963 1851 1110 1933 exemplo.

721 2197 758 2270 8.
794 2195 1035 2292 Sanctificocit
1059 2221 1122 2270 noa
1147 2202 1265 2292 pretio
1290 2221 1354 2269 auo
1375 2221 1443 2291 per
1469 2199 1590 2270 donam
1613 2195 1765 2292 Spiritus
1790 2179 1912 2268 sancti.

741 2407 778 2485 lu
801 2416 847 2480 his
870 2417 972 2500 uerbis
995 2426 1078 2482 extat
1101 2418 1285 2483 luculentum
1307 2418 1511 2481 Nestorianae
1523 2418 1678 2481 Ecclesiae
1702 2418 1740 2482 de
1754 2417 1994 2483 Confirmationis

630 2521 824 2587 Sacramento
847 2522 1062 2600 testimonium,
1092 2521 1161 2584 dum
1187 2521 1361 2603 agnoscitur
1383 2524 1480 2603 gralia
1503 2523 1692 2585 sanctificans
1714 2541 1771 2604 per
1792 2522 1900 2585 donum
1923 2522 1997 2604 Spi-

627 2623 704 2685 ritus
728 2622 833 2684 sancti.
864 2619 938 2683 Cum
961 2621 1039 2683 enim
1061 2620 1100 2683 da
1121 2619 1272 2701 Baptismo
1294 2621 1378 2701 prius
1402 2619 1511 2684 dictum
1523 2622 1572 2697 sit,
1593 2624 1731 2703 captavit
1746 2641 1803 2684 nos
1819 2620 1996 2702 pchopti-

628 2739 724 2782 ammn
747 2739 845 2800 aqam
866 2725 999 2782 eunome.
1021 2719 1138 2782 Donum
1160 2720 1287 2802 Spiritus
1310 2721 1405 2782 sancti
1428 2720 1465 2782 ad
1487 2720 1596 2802 llpron
1619 2739 1674 2784 seu
1699 2720 1833 2785 chrisma
1855 2718 1998 2784 releren-

628 2819 698 2882 dum
720 2827 782 2897 est,
813 2817 892 2899 quod
915 2825 948 2880 ut
970 2817 1049 2899 apud
1072 2818 1204 2883 Graecos
1228 2819 1384 2884 confertur
1405 2819 1534 2884 dicendo
1555 2819 1751 2901 Sipnacnlum
1772 2821 1847 2884 doni
1865 2818 1996 2900 spirim

626 2919 737 2993 sancti,
759 2919 799 2981 ita
820 2917 1001 2982 Nestoriano
1023 2917 1109 2996 Ritu,
1131 2937 1188 3000 per
1209 2919 1285 2982 haec
1307 2916 1417 2980 verba:
1439 2919 1554 3000 Pignus
1564 2919 1698 3000 Spirihrc
1716 2921 1825 2997 ednod,
1847 2925 1880 2982 ut
1902 2918 1997 2980 disci-

628 3034 693 3079 mus
716 3035 755 3078 ex
778 3015 891 3080 Ordine
913 3017 1101 3097 Baptismatis
1125 3018 1250 3100 Syriaco
1271 3017 1337 3079 hlar
1358 3015 1521 3081 lechuaiah
1553 3017 1716 3099 Catholici,
1740 3036 1828 3100 quem
1852 3016 1994 3082 hahemus

627 3115 812 3196 descriptum
834 3135 874 3178 ex
898 3113 1010 3180 Codice
1032 3115 1116 3180 Eliac
1140 3115 1322 3181 Sacerdotis.
1534 3101 1543 3110 ’

1113 3479 1149 3552 9.
1187 3481 1234 3552 El
1260 3481 1414 3567 comedit,
1443 3487 1507 3551 etc.

639 3753 649 3761 .
740 3689 776 3767 ln
799 3699 943 3784 Liturgiis
966 3697 1098 3782 Copticis
1122 3699 1200 3764 idern
1222 3700 1348 3784 legitur,
1372 3696 1522 3763 Christum
1544 3700 1644 3763 edissa
1667 3719 1707 3764 ex
1729 3717 1807 3782 pane
1829 3702 1858 3764 in
1881 3719 1993 3783 corpus

627 3824 713 3868 sunm
736 3800 964 3881 transformato,
996 3811 1027 3865 et
1056 3822 1095 3866 ar
1124 3802 1218 3866 calice
1241 3813 1435 3882 consecrato,
1466 3821 1543 3886 quae
1566 3809 1598 3866 ut
1620 3811 1668 3867 est
1690 3804 1792 3885 opinio
1815 3803 1993 3868 Sanctorum

627 3905 745 3967 Patrum
769 3900 944 3979 multorum,
966 3904 1008 3965 ita
1030 3921 1151 3984 quoque
1173 3901 1228 3965 luit
1249 3902 1384 3986 Dionysii
1405 3901 1562 3982 Barsalihi,
1585 3910 1617 3965 et
1639 3902 1764 3966 aliorum
1787 3901 1993 3966 Orientalium.

626 4001 661 4064 ln
681 4003 837 4085 plerisque
860 4001 926 4064 aliis
960 4001 1036 4064 haec
1057 4000 1168 4064 additio
1190 4019 1251 4064 non
1273 4002 1401 4087 legitur,
1436 4001 1555 4084 quando
1576 4008 1608 4064 in
1630 4003 1725 4065 sacris
1747 4003 1909 4084 Scripturis
1930 4021 1990 4067 uon

629 4103 721 4167 extat.
755 4099 828 4163 Earn
852 4107 950 4164 tamen
973 4108 1203 4182 repraesentant
1223 4101 1386 4166 Jacohitico
1408 4102 1543 4186 Liturgia
1566 4103 1706 4186 Gregorii
1726 4100 1930 4187 Ahnliaragii,
1961 4111 1992 4167 et

628 4197 704 4264 aliae
725 4201 896 4266 nonnullae.

902 4547 963 4620 10.
1006 4545 1071 4632 Qui
1096 4547 1240 4620 inclinat
1267 4553 1489 4642 copulauerit
1514 4548 1720 4642 baptismati.

716 4755 809 4862 Hauc
830 4768 979 4848 particula
1002 4765 1110 4831 dicitur
1131 4769 1162 4830 in
1184 4767 1361 4849 Epiphania,
1384 4787 1444 4852 quo
1467 4770 1497 4832 in
1520 4770 1611 4849 festo,
1634 4776 1666 4832 ut
1687 4770 1718 4834 in
1739 4769 1843 4833 Latina
1853 4769 1992 4833 Ecclesia

627 4872 872 4938 commemoratio
903 4871 934 4934 ht
964 4870 1107 4953 Baptismi
1138 4869 1249 4934 Christi
1270 4873 1300 4934 in
1321 4871 1453 4936 Jordane
1475 4891 1492 4935 a
1513 4871 1631 4936 Joanne
1652 4873 1786 4954 suscepti
1793 4893 1803 4948 ;
1833 4880 1923 4955 alque
1948 4873 1992 4934 ita

626 4987 734 5033 carcre
765 4978 866 5051 potest
895 4969 975 5032 omni
1003 4970 1176 5052 suspicione
1198 4969 1273 5033 haec
1295 4973 1400 5035 oratio.
1442 4971 1484 5035 At
1506 4969 1671 5036 secundum
1692 4972 1889 5035 Nestorianos
1911 4971 1991 5034 aliud

627 5069 778 5151 quidpiam
800 5068 972 5151 siguificare
993 5068 1129 5133 ridetur:
1153 5070 1400 5135 existimaverunt
1423 5073 1502 5134 enim
1523 5071 1605 5156 qnod
1626 5071 1664 5135 ah
1688 5071 1816 5154 antiquis
1836 5071 1990 5136 autoribus
