4782 6068
830 536 1193 618 sustolli

892 780 978 852 Atta
1005 779 1137 852 Oratio.

433 970 577 1045 Domine
601 972 695 1044 Deus
720 969 839 1060 tortis,
872 970 1071 1064 suscipiatur
1102 967 1189 1040 haec
1222 963 1367 1054 oblatio,
1400 975 1437 1038 ut
1470 986 1513 1036 en
1542 961 1634 1038 Abel
1668 973 1703 1036 et

330 1088 407 1161 Noe
432 1085 537 1160 beati:
572 1085 808 1183 abrahamque
843 1095 877 1158 et
901 1083 966 1160 Job
990 1088 1088 1178 justi:
1124 1085 1222 1158 lsaac
1254 1081 1311 1156 lilii
1342 1082 1582 1178 promissionis.
1648 1077 1702 1150 'lu

330 1203 473 1277 benedic
498 1203 584 1276 hrmc
609 1225 741 1300 panem,
769 1223 865 1298 quem
893 1199 1083 1274 obtulerunt
1107 1200 1208 1273 hodie
1234 1201 1325 1273 servi
1352 1201 1399 1272 tui
1425 1196 1528 1271 corde
1555 1198 1701 1285 sincero,

332 1329 367 1394 et
391 1317 564 1394 voluntate
591 1317 633 1392 ab
661 1321 750 1396 omni
776 1316 877 1391 sorde
911 1315 1029 1406 libera,
1056 1318 1141 1390 sicut
1165 1317 1339 1413 praecepit
1368 1322 1465 1386 autor
1495 1315 1605 1402 vitae,
1637 1333 1701 1409 per

332 1437 589 1532 promissionem
617 1457 710 1508 snam
736 1455 804 1507 non
829 1431 1004 1520 fallacem,
1035 1441 1071 1505 ut
1102 1429 1307 1504 ambulemus
1333 1452 1446 1504 coram
1483 1452 1526 1503 eo
1561 1451 1608 1502 ex
1639 1427 1704 1502 hac

333 1549 400 1638 die,
426 1556 580 1643 tunqumn
607 1547 742 1622 lucerna
768 1553 803 1622 in
829 1547 1015 1641 caliginoso
1041 1545 1137 1636 loco,
1177 1557 1211 1620 et
1236 1551 1417 1643 pervenire
1441 1565 1506 1618 nos
1531 1543 1633 1618 faciat
1659 1543 1703 1617 ad

331 1665 421 1738 illam
448 1667 654 1737 mansionem
679 1665 820 1738 lucidam
847 1662 1051 1753 atlantem,
1077 1686 1140 1760 per
1167 1665 1352 1737 orationem
1379 1661 1474 1754 hujus
1502 1683 1702 1756 congrega-

332 1783 449 1855 tionis:
482 1803 570 1853 nune
603 1791 638 1853 et
663 1803 805 1878 semper.
859 1781 1000 1854 Mensae
1025 1790 1162 1852 vestrae
1187 1778 1443 1866 benedicantur,
1477 1782 1598 1852 mortui
1633 1800 1703 1851 ve·

333 1901 394 1970 stri
420 1899 630 1988 suscitentur,
657 1908 692 1970 et
716 1897 814 1971 bonis
841 1896 997 1970 coelestis
1031 1898 1127 1988 regni
1154 1894 1245 1988 digni
1272 1896 1462 1970 efficiuntur.
1518 1893 1634 1967 Gloria
1660 1895 1703 1964 sit

332 2013 380 2086 illi
406 2017 461 2110 qui
488 2017 599 2087 omnia
625 2013 814 2111 suppeditat
838 2035 901 2110 per
930 2015 1072 2106 gratiam
1107 2021 1142 2084 et
1173 2015 1406 2086 miserationes
1440 2032 1519 2085 suas
1550 2033 1637 2084 nunc
1669 2018 1704 2084 et

334 2151 478 2227 semper,
505 2129 596 2201 etin
624 2128 793 2202 saeculum
818 2136 1003 2208 venturum.

900 2403 985 2476 Atta
1013 2404 1144 2475 Oratio.

438 2592 609 2668 Laudetm
635 2615 757 2667 nomeu
781 2591 848 2666 Dei
882 2595 1025 2667 omnium
1051 2592 1184 2666 Domini
1210 2595 1398 2682 internos,
1425 2593 1546 2687 qrrique
1573 2589 1704 2664 ordinat

334 2720 485 2807 tempora
514 2720 548 2782 et
574 2713 785 2800 occasiones,
812 2718 848 2780 et
881 2730 1070 2804 supernos
1103 2709 1251 2784 infirmos
1286 2719 1321 2782 et
1353 2716 1568 2805 peccatores:
1604 2728 1707 2803 super

304 2895 306 2902 χ
335 2825 523 2898 Ecclesiam
550 2835 697 2900 sanctam
725 2834 760 2896 et
784 2823 871 2898 tilios
898 2827 989 2918 ejus,
1015 2847 1118 2922 super
1142 2837 1257 2922 patres
1283 2833 1431 2916 nostros,
1458 2823 1592 2912 iratres,
1619 2822 1705 2897 lilios

337 2952 371 3014 et
387 2941 544 3014 doctores
570 2951 717 3028 nostros,
744 2950 778 3012 et
803 2962 905 3036 super
930 2939 1118 3029 defunctos,
1144 2945 1200 3036 qni
1226 2964 1247 3012 e
1273 2939 1384 3013 medio
1410 2943 1515 3014 nostri
1542 2939 1706 3028 abierunt,

303 3083 308 3088 ·
337 3067 371 3130 et
405 3078 507 3152 super
532 3077 664 3130 onmem
690 3054 930 3128 fratemitatem
961 3065 1110 3129 nostram
1135 3060 1168 3128 in
1196 3056 1342 3146 Christo,
1368 3054 1608 3145 misericordia,
1633 3051 1702 3126 be-

336 3171 555 3263 nedictiones,
582 3183 616 3244 et
641 3175 749 3265 gratia
771 3171 836 3244 Dei
861 3174 966 3244 nostri
981 3171 1151 3262 adorandi,
1164 3175 1313 3262 veniant,
1338 3180 1565 3268 permaneant,
1593 3169 1704 3242 etiun-
1764 3168 1770 3176 ’

338 3288 468 3377 dantur,
499 3297 533 3361 et
558 3285 705 3378 induant,
731 3289 862 3383 sintque
888 3309 989 3383 super
1015 3310 1078 3364 uos
1113 3299 1275 3386 perpetuo
1308 3310 1396 3360 nunc
1423 3296 1458 3360 et
1482 3307 1637 3384 semper,
1672 3296 1706 3358 et

337 3407 371 3476 in
398 3404 534 3478 saecula
560 3401 780 3476 saeculorum.
1268 3461 1273 3472 .

442 3521 537 3592 Atta.
588 3521 655 3593 Per
682 3519 854 3592 dexteram
881 3529 972 3592 tuam
996 3519 1099 3592 Pater
1128 3529 1244 3594 noster
1279 3522 1398 3616 quies
1433 3523 1466 3592 in
1493 3519 1610 3610 coelis,
1635 3518 1705 3593 be-

338 3633 436 3708 nedic
454 3636 598 3710 Domine
623 3634 722 3709 nohis
748 3631 917 3711 omnibus:
944 3657 1111 3710 conserva
1138 3647 1172 3709 et
1198 3637 1322 3731 adjuva
1347 3659 1411 3710 nos
1444 3658 1578 3709 omnes:
1617 3657 1707 3732 pro-

338 3771 458 3850 speras
484 3750 540 3824 fac
580 3755 729 3825 actiones
774 3755 919 3825 omnium
951 3762 1118 3826 nostrum:
1156 3751 1311 3826 alimenta
1348 3753 1475 3850 praebe
1515 3753 1707 3825 necessitati

304 3877 309 3888 '
340 3871 482 3942 omnium
509 3877 670 3955 nostrum,
696 3877 731 3941 et
755 3867 841 3958 laus,
867 3867 988 3958 honor,
1013 3871 1304 3961 gratiarumactio
1332 3878 1368 3941 et
1393 3869 1543 3942 adoratio
1568 3866 1706 3940 relere-

337 3992 391 4054 tur
417 3982 475 4056 tibi
500 4007 547 4057 ex
573 4006 634 4057 ore
660 3987 803 4056 omnium
820 3997 981 4074 nostrum,
1008 3994 1042 4057 et
1059 3986 1290 4059 miserationes
1317 3996 1351 4058 et
1376 3989 1485 4079 gratia
1511 3995 1567 4058 tua
1593 3983 1706 4056 eitun-

339 4099 457 4172 dantur
483 4121 585 4196 super
611 4102 733 4188 omnia,
758 4103 792 4172 in
818 4099 916 4174 nobis
943 4101 1107 4189 omnihus,
1132 4123 1220 4174 nuuc
1246 4113 1281 4174 et
1306 4124 1449 4199 semper.

441 4215 536 4288 Atta.
563 4215 771 4312 Suscipiatur
798 4215 941 4290 Domine
966 4216 1060 4291 Deus
1095 4228 1211 4290 noster
1236 4221 1344 4292 oratio
1371 4209 1547 4292 servorum
1575 4225 1706 4291 tuorum

337 4327 516 4405 imbellium
543 4356 658 4407 coram
685 4331 772 4408 solio
792 4333 971 4406 divinitatis
998 4344 1087 4423 tuae,
1113 4344 1147 4406 et
1173 4337 1216 4408 sit
1241 4339 1462 4428 congregatio
1480 4334 1565 4408 hacc
1580 4343 1706 4422 nostra,

337 4447 460 4543 placita
491 4449 655 4524 voluntati
687 4453 870 4543 majestatis
903 4461 998 4538 tuae,
1038 4449 1081 4523 ad
1116 4452 1343 4547 accipiendam
1377 4473 1423 4524 ex
1455 4451 1618 4524 beneficio
1650 4459 1707 4524 tuo

229 4563 233 4575 '
337 4561 594 4635 incolumitatem
622 4569 785 4664 corporis,
812 4576 845 4640 et
871 4568 1075 4640 sanationem
1103 4568 1250 4656 animae,
1285 4567 1551 4664 tranquillitatem
1577 4589 1707 4664 perpe·-

338 4689 441 4768 tuam,
467 4687 502 4751 et
526 4701 644 4775 pacem
671 4682 837 4778 prolixam
864 4706 938 4756 eum
971 4681 1172 4755 abundantia
1198 4706 1310 4757 rerum
1337 4683 1508 4758 advitam
1540 4705 1709 4758 necessa-

338 4798 477 4868 riarum:
503 4803 538 4868 et
563 4796 743 4872 concordia
775 4801 922 4872 caritatis
957 4797 1168 4873 immutabilis
1200 4811 1234 4874 et
1268 4799 1522 4888 indissolubilis,
1555 4798 1708 4873 omuibus

339 4907 457 4984 diebus
485 4910 603 5008 quibus
630 4913 790 4988 subsistet
816 4915 966 5004 mundus,
991 4936 1079 4987 nunc
1109 4924 1144 4990 et
1169 4939 1315 5015 semper,
1342 4926 1376 4992 et
1400 4921 1434 4991 in
1461 4916 1596 4990 saecula
1623 4935 1711 4987 sae-

339 5026 499 5102 culorum.
1378 5057 1381 5066 ’
