4782 6068
695 537 771 612 632
1264 539 1496 618 NOTAE

799 727 894 798 Alio.
955 729 1031 824 lpsa
1065 751 1182 802 manus
1223 726 1365 802 dextera
1407 749 1494 826 quae
1512 726 1662 826 ‚elevata
1698 737 1751 800 est
1785 749 1886 823 super
1920 729 2064 826 quinque

694 865 815 940 panes,
842 865 888 915 ex
915 842 1031 938 quibus
1057 846 1167 918 satiati
1193 851 1269 919 sunt
1292 843 1444 916 homines
1472 845 1615 939 quiaque
1639 842 1741 932 mille,
1768 842 1958 938 residuique
1982 844 2064 920 lue-

695 970 772 1032 runt
803 959 918 1030 decem
945 959 1089 1058 cophini,
1116 960 1235 1034 cadem
1250 962 1441 1055 requiescat
1467 969 1501 1032 et
1525 957 1651 1032 habitet
1676 981 1778 1056 super
1802 958 1888 1032 hauc
1914 981 2065 1036 mensam

695 1096 872 1150 servorum
898 1086 1040 1164 tuorum,
1067 1086 1103 1148 ut
1128 1075 1359 1172 multiplicetur
1386 1087 1419 1150 et
1438 1075 1593 1164 abundet,
1621 1073 1749 1149 stabilis
1764 1086 1970 1172 permaneat,
1996 1097 2064 1148 oe-

696 1214 761 1289 que
788 1191 930 1264 deficiat:
957 1213 1020 1288 per
1046 1195 1231 1265 orationem
1257 1195 1402 1265 omnium
1428 1195 1483 1288 qui
1508 1191 1704 1288 placuerunt
1728 1189 1797 1264 tibi.

798 1307 893 1378 Alia.
948 1309 1041 1380 Deus
1069 1312 1213 1381 omnium
1239 1308 1402 1382 Dominus
1435 1311 1491 1403 qui
1518 1311 1680 1382 saturavit
1705 1327 1827 1382 servos
1859 1327 1940 1380 suos
1967 1305 2065 1380 bonis

697 1428 780 1515 suis,
807 1423 954 1496 dicamus
982 1445 1098 1497 omnes
1125 1424 1267 1518 gloriam
1301 1427 1425 1498 nomini
1456 1426 1543 1517 ejus,
1569 1445 1671 1519 super
1696 1446 1846 1497 mensam
1879 1427 1998 1512 istam,
2033 1433 2068 1498 et

697 1549 837 1637 propter
864 1563 926 1613 eos
953 1542 1008 1635 qui
1035 1563 1108 1612 eam
1143 1549 1452 1637 praeparaverunt,
1485 1551 1519 1613 et
1553 1563 1655 1636 super
1688 1539 1821 1613 domum
1846 1538 2066 1628 herodotum,

698 1679 744 1729 err
771 1679 835 1751 qua
861 1655 1056 1752 productum
1083 1668 1137 1730 est
1162 1657 1227 1731 hoo
1253 1657 1459 1748 alimentum,
1496 1665 1530 1728 et
1562 1679 1623 1753 pro
1660 1661 1769 1730 anima
1803 1665 2067 1754 propterquam

697 1772 844 1846 oblatum
871 1784 942 1864 est;
968 1772 1197 1847 misericordia
1223 1783 1257 1846 et
1282 1772 1545 1861 benedictiones,
1573 1784 1607 1845 et
1627 1774 1736 1866 gratia
1752 1773 1817 1845 Dei
1842 1774 1948 1846 nostri
1975 1773 2067 1846 ado·-

696 1888 792 1961 randi
817 1894 965 1981 veniant,
991 1899 1208 1986 permaneant
1234 1899 1267 1962 et
1293 1889 1511 1977 effundantur,
1538 1899 1738 1984 spargantur
1763 1900 1798 1963 et
1822 1897 1974 1982 regnent,
2002 1911 2067 1962 su-

696 2027 759 2102 per
793 2027 855 2079 uos
888 2015 923 2078 et
956 2027 1058 2102 super
1082 2029 1148 2080 vos
1176 2029 1249 2080 cnm
1282 2009 1556 2104 perseverantia,
1589 2026 1675 2078 nune
1708 2015 1745 2077 et
1776 2028 1928 2102 semper,
1962 2015 1996 2078 et
2032 2007 2067 2078 iu

698 2119 835 2195 saecula
857 2120 1077 2196 saeculorum.
1655 2117 1659 2124 ’

797 3057 894 3150 ΑΙ)
966 3055 1393 3154 NESTORII
1463 3055 1969 3152 LITURGIdll

1298 3265 1472 3352 ddldl.

796 3520 849 3599 Dr
871 3531 950 3596 illius
973 3532 1149 3613 antiquitate
1173 3539 1203 3593 et
1225 3529 1345 3613 origine
1366 3527 1494 3592 diximus
1516 3529 1548 3590 in
1568 3527 1790 3592 Dissertatione
1812 3532 1946 3611 praevia.
1979 3531 2071 3595 Exti-

698 3637 772 3700 tisse
803 3653 897 3717 porro
927 3627 1015 3700 istam
1043 3635 1208 3718 Liturgiam
1238 3633 1399 3714 antiquitus
1428 3629 1508 3713 apud
1536 3631 1751 3712 Nestorianos,
1789 3642 1912 3714 praeter
1946 3635 2070 3700 codices

699 3736 938 3818 manuscriptos,
967 3743 1116 3799 testantur
1145 3741 1269 3797 autores
1299 3731 1384 3815 Syri,
1414 3741 1503 3813 atque
1533 3733 1689 3794 intereos
1712 3731 1904 3816 Hebedjesu,
1929 3734 1980 3815 qui
2003 3751 2071 3797 eam

698 3843 856 3914 recenset,
887 3844 920 3898 ut
949 3837 1037 3899 etiam
1059 3833 1247 3898 Echellensis
1271 3833 1337 3914 eius
1359 3832 1500 3896 meminit.
1545 3831 1622 3894 Nota
1646 3849 1768 3914 quoque
1790 3832 1941 3896 Lusitanis
1955 3827 2072 3896 'Diam-

699 3935 880 4016 p'erensibus
902 3933 968 4014 luit,
990 3933 1041 4018 qui
1063 3934 1093 3996 in
1116 3931 1255 4015 synodali
1275 3931 1407 3994 Decreta
1430 3947 1496 3993 eam
1517 3931 1658 4010 usurpari
1673 3931 1899 4012 prohibuerunt.
1923 3931 2072 3996 Advenae

701 4033 883 4113 orientales,
906 4033 957 4116 qui
980 4035 1053 4097 satis
1075 4032 1175 4097 sciunt
1195 4039 1308 4114 quanta
1325 4029 1609 4094 interOrthodoxos
1636 4037 1666 4092 et
1683 4029 1835 4095 lacobitas
1856 4049 1967 4096 nomen
1989 4031 2072 4096 istud

699 4131 819 4196 laboret
839 4131 974 4210 infamia,
998 4133 1102 4196 delere
1125 4129 1198 4195 illud
1221 4149 1261 4195 ex
1283 4129 1366 4194 libris
1389 4130 1451 4194 suis
1475 4129 1584 4206 solent,
1607 4129 1688 4210 quod
1710 4131 1739 4193 in
1762 4149 1818 4194 suo
1840 4131 1923 4196 Elias
1944 4129 2072 4208 lecerat,

700 4239 734 4294 ut
756 4232 786 4294 ln
808 4229 934 4296 loannis
956 4231 1195 4295 transformaret.
1240 4227 1347 4294 Codex
1377 4227 1505 4310 losephi
1527 4227 1718 4293 Patriarchae
1753 4231 1870 4293 titulum
1898 4230 1988 4295 alium
2009 4247 2072 4292 non

699 4329 791 4396 habet
804 4333 860 4396 nisi
876 4333 984 4396 tertiae
1000 4331 1165 4415 Liturgiae.
1195 4329 1407 4394 decentiorem
1422 4328 1500 4392 illam
1513 4345 1584 4392 esse
1606 4328 1721 4392 duabus
1737 4329 1812 4409 aliis,
1829 4332 1887 4412 ipsi
1901 4329 2073 4394 Nestoriani

701 4437 887 4512 agnoscunt,
917 4449 983 4494 cum
1012 4431 1077 4513 ejus
1106 4449 1180 4494 usus
1210 4427 1380 4493 communis
1403 4427 1540 4508 nonsit,
1563 4427 1619 4491 sed
1642 4428 1734 4492 certis
1758 4429 1864 4493 diebus
1887 4429 2070 4514 assignatus,

699 4537 733 4592 ut
754 4539 876 4593 notatur
896 4531 926 4593 in
950 4529 1044 4593 titulo.
1090 4529 1169 4594 Usus
1192 4528 1383 4612 quotidianus
1407 4536 1490 4590 corta
1514 4527 1697 4608 antiquitatis
1720 4528 1835 4610 primae
1856 4534 1928 4592 nota
1952 4535 2016 4606 est,
2040 4533 2074 4589 ut

700 4646 741 4690 ex
770 4627 895 4692 aliarum
923 4629 1129 4692 Ecclesiarum
1159 4627 1306 4710 exemplis
1335 4633 1426 4708 patet.
1471 4625 1515 4688 lta
1547 4627 1659 4707 quippe
1688 4627 1794 4690 Jacobi
1823 4626 1959 4708 liturgia
1992 4625 2072 4707 apud

701 4726 795 4809 Syros
819 4729 893 4792 alios
923 4729 1088 4811 praecipua
1119 4737 1263 4792 censetur
1293 4734 1323 4790 et
1346 4726 1563 4804 vetustissima,
1592 4727 1661 4806 quia
1683 4727 1818 4810 reliquae
1841 4727 1879 4789 ab
1902 4745 1939 4790 ea
1960 4743 2072 4808 preces

699 4825 824 4903 multas,
854 4836 885 4890 et
914 4844 1100 4892 communem
1130 4827 1217 4892 odicii
1240 4825 1363 4889 iormam
1387 4827 1546 4907 accipiunt.
1590 4825 1645 4888 llla
1666 4825 1784 4889 ratione
1804 4826 1970 4910 liturgiam
1993 4843 2072 4906 quae

700 4925 917 5006 Apostolorum
948 4926 1058 4990 dicitur
1090 4926 1169 5012 apud
1195 4915 1394 4990 Nestorianos
1422 4925 1547 5007 primam
1577 4933 1609 4987 et
1630 4927 1828 5008 antiquiorem
1851 4945 1921 4991 esse
1943 4930 2073 5000 constat,

699 5026 765 5088 sive
786 5027 875 5089 ritum
898 5034 1033 5090 veterem
1054 5025 1259 5090 Ecclesiarum
1281 5023 1518 5107 Mesopotamiae
1540 5032 1765 5106 repraesentat,
1788 5027 1868 5107 quod
1891 5025 1964 5092 satis
1986 5025 2073 5088 ueri-
