4804 6026
671 376 785 450 XVIII
1149 377 1657 456 nisstttntto

778 563 948 638 Sacerdos
962 563 1098 657 longam
1115 567 1298 636 orationem
1316 567 1514 661 pronunciat
1526 564 1638 637 in'Dei
1648 564 1792 656 laudem,
1808 576 1842 637 ct
1853 587 1917 663 pro
1929 567 2049 641 Litur-

671 682 805 771 giarum
827 679 1022 752 diversitate
1040 680 1215 775 aliquando
1231 678 1381 770 brevior,
1404 679 1582 776 aliquando
1598 679 1763 775 prolixior
1784 690 1836 752 est
1851 681 1907 752 illa
1929 687 2047 758 oratio.

673 794 803 867 Desinit
815 805 923 866 autem
944 799 977 866 iu
992 798 1203 867 institutionis
1219 794 1426 867 Sacramenti
1443 800 1772 886 commemoratione,
1787 805 1821 867 et
1837 804 2046 891 pronuncia-

675 913 765 982 tione
788 909 970 982 verbomrm
985 909 1107 984 Christi
1112 933 1240 1007 ,super
1253 934 1386 1007 panem,
1408 921 1441 982 ct
1456 934 1557 1006 super
1571 911 1727 983 calicem:
1743 911 1785 982 ad
1801 935 1887 1007 quae
1906 913 2048 1009 populus

674 1025 851 1100 acclamat:
877 1026 1023 1096 Mortem
1050 1033 1140 1096 tuom
1166 1025 1312 1098 Domina
1339 1031 1590 1114 annunciamus,
1614 1035 1678 1100 etc.
1706 1036 1887 1122 sequuntur
1914 1034 2048 1102 oratio-

672 1163 734 1212 nes
762 1139 947 1213 sacerdotis
974 1143 1007 1211 in
1044 1141 1194 1213 camdem
1228 1145 1445 1214 sententiam:
1479 1151 1513 1214 et
1538 1142 1734 1238 paulopost
1759 1142 1937 1215 Inuocott'o
1958 1145 2047 1240 Spi-

672 1259 759 1324 rt'toa
784 1258 911 1341 coacti,
940 1278 1036 1350 quam
1065 1257 1237 1351 praecedit
1261 1259 1404 1329 Diaconi
1432 1257 1618 1329 exhortatio
1646 1257 1688 1328 ad
1713 1256 1882 1354 populum,
1909 1269 1945 1331 ut
1971 1271 2047 1332 oret

672 1373 847 1461 attentiuS,
875 1371 1105 1465 exspectando
1134 1375 1206 1463 ejus
1233 1372 1385 1468 illapsum
1412 1376 1444 1444 in
1473 1372 1559 1444 dona
1590 1377 1772 1469 proposita.
1832 1373 1909 1468 Ipsa
1935 1375 2046 1448 Invo-

672 1487 812 1558 caticnis
838 1484 946 1557 iorma
974 1486 1093 1558 cadem
1121 1490 1254 1573 omnino
1283 1499 1353 1580 cst,
1381 1491 1528 1582 quaein
1561 1487 1703 1562 Graecis
1739 1487 1919 1561 codicibus.
1973 1489 2044 1562 Se-

673 1609 814 1694 quuntur
826 1599 1010 1696 Diptycha:
1038 1611 1106 1672 tum
1121 1607 1395 1676 commemoratio
1414 1613 1636 1676 mortuorum:
1652 1602 1850 1676 Sanctorum
1866 1609 2044 1677 memoria:

672 1714 788 1786 Oratio
815 1715 1012 1804 Dominica,
1040 1740 1138 1812 quam
1164 1717 1335 1791 Sacerdos
1361 1721 1490 1814 incipit3
1516 1716 1658 1813 populus
1675 1719 1842 1791 altaroce
1864 1723 2043 1792 continuat.

669 1827 827 1902 Elevatio
854 1830 1100 1921 Eucharistiae,
1136 1842 1171 1905 ct
1195 1833 1329 1905 Soacto
1362 1837 1501 1904 coactis.
1554 1834 1639 1904 Turn
1674 1832 1803 1906 hostiae
1835 1834 1972 1925 lractIo,
2010 1844 2045 1908 et

669 1946 851 2040 particulae
878 1949 912 2017 in
938 1948 1077 2019 calicem
1103 1951 1269 2038 intincti03
1305 1959 1373 2020 tum
1407 1973 1454 2021 ex
1485 1949 1621 2038 eadem,
1655 1931 1867 2044 reliquarum
1890 1973 1976 2044 quae
2008 1953 2043 2022 in

669 2083 769 2133 sacro
807 2061 899 2134 disco
939 2073 1033 2153 sunt,
1073 2064 1306 2159 particularum
1343 2068 1568 2156 consignatio:
1605 2063 1800 2138 Sacerdotis
1837 2068 2041 2138 communio:

669 2176 818 2267 ejusdem
833 2176 1016 2250 distributio
1029 2177 1286 2267 Sacerdotibus,
1313 2181 1471 2252 Diaconis
1499 2191 1533 2252 et
1551 2181 1686 2274 rehquis
1704 2203 1749 2250 ex
1764 2179 1876 2252 Claro.
1910 2181 2042 2253 Deinde

541 2295 545 2312 ⁴
659 2289 856 2364 'communIo
884 2294 1008 2389 populo
1046 2294 1266 2383 distribuitur,
1299 2318 1362 2390 per
1396 2298 1564 2367 intinctam
1600 2295 1815 2389 particulam,
1851 2319 1937 2390 quae
1974 2320 2041 2369 co-

667 2407 793 2478 chleari
819 2407 1013 2502 praebetur:
1042 2406 1232 2482 Gratiarum
1267 2413 1354 2482 actio
1396 2420 1429 2481 ct
1468 2409 1662 2483 Sacerdotis
1698 2408 1809 2480 ultima
1841 2409 2040 2482 benedictio.

667 2522 779 2615 Atque
805 2522 889 2593 haec
917 2532 969 2596 est
995 2527 1094 2598 totius
1120 2523 1341 2598 Eucharistici
1368 2525 1474 2596 Ollicii
1501 2525 1695 2620 dispositio,
1723 2524 1903 2596 secundum
1921 2525 2041 2598 Jacohi

667 2633 843 2731 Syriacam
869 2637 1052 2730 liturgiam
1080 2639 1303 2730 Orthodoxis,
1331 2650 1364 2712 et
1389 2638 1552 2711 Jacobitis
1580 2661 1804 2730 communem,
1832 2643 1925 2733 cujus
1954 2665 2041 2714 cae-

666 2756 838 2824 remoniae
864 2755 899 2824 in
926 2751 1174 2835 Commentario
1200 2755 1306 2828 fusius
1334 2767 1368 2826 et
1395 2755 1600 2827 enucleatius
1628 2752 1890 2848 explicabuntur.

376 2868 468 2939 nagia
484 2869 654 2964 ittaumcum
769 2869 893 2939 XXIX.
946 2868 1002 2940 Ex
1029 2870 1093 2944 Illis
1119 2893 1204 2943 vero
1232 2893 1317 2966 quac
1345 2873 1529 2944 summatim
1555 2873 1710 2964 exposita
1737 2878 1812 2942 sunt
1835 2868 2039 2960 intelligitur,

340 2950 444 3006 ⁶¹⁸⁰⁰³⁸
462 2955 609 3008 ⁸³⁰¹¹¹l¹¹l⁰·
666 2985 700 3053 iu
736 2984 900 3054 communi
934 2983 1159 3077 Liturgiaruor
1197 2987 1432 3082 Syriacarum,
1471 3007 1557 3078 quae
1593 2985 1636 3054 ad
1669 2982 1841 3056 Jacohitas
1876 2987 2042 3079 pertinent

664 3098 796 3186 forma,
822 3104 1071 3194 repraesentari
1097 3124 1171 3173 eam
1199 3123 1286 3196 quae
1312 3101 1453 3173 Graccis
1478 3098 1643 3170 Ecclesiis
1679 3101 1863 3170 communis
1897 3108 1968 3188 est,
2005 3109 2040 3170 et

664 3237 733 3286 non
759 3214 859 3288 modo
887 3216 1057 3289 diversum
1083 3216 1162 3288 nihil
1187 3215 1313 3308 habere
1340 3216 1430 3309 quod
1456 3215 1498 3288 ad
1524 3212 1622 3285 fidem
1650 3223 1796 3308 spectet,
1834 3212 1896 3284 sed
1919 3235 2038 3309 neque

664 3333 829 3421 insignem
855 3329 954 3402 ullam
983 3353 1061 3404 esse
1087 3336 1121 3402 in
1149 3332 1321 3426 discipIIna
1345 3331 1587 3402 diversitatem.
1640 3328 1721 3399 Inde
1749 3329 1857 3400 elucet
1888 3351 2038 3419 magno-

663 3468 761 3540 perc:
788 3467 828 3516 ea
857 3468 943 3543 qnae
970 3451 1134 3543 antIquam
1169 3447 1212 3518 de
1246 3445 1470 3532 Eucharistia,
1510 3429 1609 3516 totius
1644 3441 1820 3514 Ecclesiae
1854 3444 2037 3516 doctrinam

664 3561 837 3633 confirmat
872 3565 1055 3635 orationum
1091 3565 1276 3656 rituumque
1303 3559 1498 3652 similitude,
1538 3563 1623 3630 inter
1650 3558 1812 3649 Graecas,
1848 3558 2037 3632 Orientales

604 3723 605 3726 =
665 3675 964 3771 Occidentalesque
979 3677 1157 3769 Liturgias,
1186 3699 1272 3772 quae
1300 3698 1345 3746 cx
1358 3675 1545 3766 linguarum
1561 3672 1766 3760 diversitate,
1794 3675 2037 3769 regionumque

662 3791 921 3886 longinquitate,
947 3796 1013 3864 imo
1042 3815 1089 3863 ex
1114 3795 1196 3888 ipsis
1229 3789 1441 3878 haeresibus,
1475 3789 1703 3860 detrimentum
1736 3786 1857 3859 nullum
1896 3791 2035 3884 accepit

214 3969 222 3983 ,
298 3982 305 4006 ι
363 3912 477 3967 craecia
487 3915 650 3982 syriacorum
766 3906 875 3978 ΧΧΧ.
927 3908 1134 4000 Agnoscitur
1162 3929 1294 4002 quoque
1321 3929 1367 3978 ex
1395 3906 1645 3999 comparatione
1672 3901 1834 3999 Syrorum
1861 3903 2036 3996 Liturgia-

336 4000 498 4068 ¹²¹¹¹¹¹⁸⁰¹⁰¹¹¹
519 4004 733 4093 e'“³¹¹¹¹'¹⁸¹¹rum
770 4041 843 4094 curn
879 4017 1036 4110 Graccis,
1068 4025 1150 4094 istas
1185 4022 1312 4094 sontem
1345 4043 1422 4092 esse
1458 4030 1492 4091 et
1524 4022 1730 4114 primaevum
1767 4019 1955 4112 exemplar,
1992 4017 2035 4088 ad

337 4094 403 4137 'm
663 4134 753 4230 quod
780 4134 906 4222 alterae
940 4159 1126 4232 expressae
1162 4145 1253 4208 sunt:
1285 4159 1358 4207 cum
1390 4157 1459 4207 non
1491 4133 1591 4207 modo
1626 4138 1828 4222 sententiae,
1865 4132 1926 4206 scd
1960 4136 2035 4227 ipsa

660 4251 787 4340 verba,
814 4261 949 4346 praeter
975 4260 1077 4324 totam
1103 4255 1223 4324 rituum
1258 4251 1513 4344 ordinationem,
1550 4248 1715 4320 Graecam
1750 4249 1915 4339 origiuem
1946 4268 2034 4341 per-

660 4370 775 4461 spicue
803 4366 1038 4439 demonstrent.
1090 4367 1171 4441 Inde
1198 4389 1283 4439 vcro
1311 4367 1376 4438 duo
1404 4366 1590 4438 certissima
1624 4361 1837 4453 colliguntur,
1872 4383 1958 4454 quae
1991 4360 2033 4432 ad

658 4502 731 4551 rem
758 4486 906 4554 maxime
932 4481 1064 4554 iaciunt.
1117 4483 1264 4554 Primum
1290 4481 1333 4552 ad
1360 4478 1546 4552 Orientales
1573 4481 1730 4574 pertinet:
1758 4480 1814 4570 qui
1840 4479 1929 4548 omni
1948 4472 2031 4546 Cri-

657 4598 741 4668 tices
782 4619 869 4692 quae
903 4608 1014 4670 tamen
1050 4597 1093 4670 ad
1129 4599 1284 4689 Origines
1317 4594 1577 4667 Ecclesiasticus
1614 4589 1870 4684 cognoscendas
1904 4609 2032 4664 summo

655 4714 852 4784 necessaria
880 4721 951 4801 est,
977 4713 1146 4808 pracsidio
1173 4711 1337 4804 destituti,
1364 4709 1540 4804 Syriacam
1567 4729 1661 4780 suam
1687 4705 1807 4777 Jacobi
1834 4703 1878 4777 ah
1895 4727 1937 4777 eo
1954 4705 2032 4800 Sy-

655 4829 748 4897 riacc
775 4828 932 4922 sculptam
957 4826 1091 4921 volunt,
1116 4850 1180 4899 nec
1207 4834 1282 4899 suut
1315 4823 1480 4914 audiendi,
1514 4847 1589 4896 curm
1615 4846 1662 4894 ex
1694 4819 1826 4894 Graeca
1855 4820 2032 4894 ruanifcste
