4804 6026
622 530 676 606 IN
712 525 1333 607 ennuntiat-stallano
1616 524 1667 600 47

293 715 464 794 Darsusan,
487 713 617 778 blatbaei
639 716 790 794 Pastoris,
812 714 965 796 Dionysii,
989 721 1019 776 ει
1041 713 1185 792 aliorum,
1213 730 1290 796 quos
1311 711 1464 777 Jacobitas
1492 710 1586 775 fuisse
1609 712 1669 775 ali-

293 817 375 880 unde
398 815 507 892 soitur,
537 821 570 877 ut
598 815 655 895 ipsi
677 814 844 876 Maronitae
874 830 935 875 non
957 813 1024 876 unis
1045 813 1122 876 locis
1144 821 1332 876 monuerunt.
1377 812 1462 875 Unde
1493 813 1524 874 in
1553 811 1668 892 aliquot

293 913 526 997 exemplaribus,
550 921 646 975 atrum
668 921 842 976 transverso
866 912 979 974 calamo
1002 914 1131 998 signum,
1153 913 1279 975 loannis
1294 911 1445 975 Barsusan
1467 912 1580 974 nomini
1603 912 1668 974 1111-

293 1024 355 1078 tum
378 1021 435 1077 est.
480 1013 591 1075 Verum
620 1015 802 1097 ignoravere
831 1012 990 1092 Editores,
1025 1030 1091 1075 eam
1121 1031 1199 1094 quae
1228 1012 1299 1075 Julii
1328 1012 1427 1092 Papae
1450 1012 1576 1089 dicitur,
1605 1030 1667 1074 non

292 1117 350 1177 nisi
373 1116 452 1176 inter
474 1111 699 1194 blonophysitas
723 1120 823 1174 notam
851 1112 963 1190 luisse,
998 1112 1079 1193 quod
1108 1112 1183 1174 falsa
1213 1113 1310 1176 sancti
1339 1111 1488 1174 Pontideis
1519 1109 1666 1192 Epistola,

292 1215 329 1278 ad
353 1213 467 1276 erroris
490 1214 536 1275 sui
558 1212 756 1295 patrocinium
779 1213 891 1293 passim
914 1212 1123 1275 abuterenturz
1148 1231 1213 1274 eam
1236 1230 1314 1292 quae
1327 1209 1474 1292 Dionysio
1490 1211 1667 1274 Atheniensi

291 1321 396 1377 contra
419 1312 564 1374 librorum
587 1319 722 1374 veterum
744 1309 832 1372 fidem
855 1301 1004 1389 tribuitur,
1028 1329 1097 1374 esse
1119 1311 1255 1393 Dionysii
1276 1309 1439 1372 Barsalibi:
1463 1310 1573 1372 nullam
1597 1329 1666 1374 esse

291 1414 436 1493 denique,
460 1430 548 1492 quam
570 1410 725 1474 Jacobitae
748 1411 805 1473 sibi
827 1428 888 1472 non
910 1410 1105 1472 vindicarent.

377 1511 410 1573 ln
433 1511 539 1574 eadem
561 1510 711 1588 editione,
734 1528 812 1590 quae
841 1527 955 1592 paucas
977 1509 1128 1592 liturgias
1152 1509 1371 1590 complectitur,
1394 1506 1477 1572 Ordo
1501 1508 1664 1572 eommunis
1703 1507 1742 1563 ue
1761 1509 1856 1564 Ordine
1874 1512 1990 1580 generati

292 1611 458 1694 liturgiae,
482 1628 542 1691 quo
555 1597 598 1671 τοὶ
609 1598 965 1695 προπαρασκευαστικᾶ
978 1609 1169 1672 continentur
1180 1610 1364 1692 praemissus
1380 1617 1437 1688 est,
1455 1626 1522 1670 eum
1536 1606 1665 1670 rubricis
1679 1598 1723 1695 lu}
1747 1598 1773 1649 in
1791 1597 1886 1698 nisani
1909 1595 1989 1650 chat-

291 1711 442 1786 Arabicis,
466 1716 496 1770 et
518 1711 543 1771 is
565 1709 632 1789 ipse
655 1717 701 1771 est
724 1727 814 1791 quem
837 1715 941 1770 nostra
964 1707 1066 1770 versio
1089 1715 1309 1789 repraesentat,
1333 1683 1754 1790 ειιειηειιε1333113133111100
1781 1685 1862 1737 &¹²⁰⁸
1880 1692 1928 1738 W·

292 1813 322 1874 in
346 1809 461 1873 Codice
482 1807 537 1872 ltls.
555 1807 765 1891 Seguieriano‚
788 1815 818 1870 et
842 1807 916 1871 aliis.
947 1807 1069 1870 Factum
1091 1807 1120 1868 id
1144 1826 1161 1870 3
1180 1807 1267 1870 nobis
1282 1815 1339 1884 est,
1362 1808 1431 1889 quia
1444 1807 1570 1870 olllcium
1592 1803 1667 1867 illud
1780 1803 1781 1808 ’

293 1913 427 1974 continet
448 1909 524 1970 ritus
548 1925 670 1987 omnes,
703 1909 753 1989 qui
776 1907 913 1970 osculum
934 1908 1034 1990 pacis,
1057 1906 1107 1969 ubi
1131 1905 1293 1987 Anaphora
1324 1907 1441 1987 incipit,
1472 1904 1665 1982 antecedunt,

294 2019 414 2073 etcum
444 2007 510 2071 aliis
534 2004 694 2069 Codicibus
723 2007 795 2070 satis
821 2008 970 2069 convenit.
1015 2005 1126 2068 Damus
1150 2013 1250 2068 tamen
1274 2007 1402 2069 seorsim
1425 2005 1547 2069 alterius
1571 2004 1668 2067 Ollieii

293 2110 482 2183 versionem,
514 2104 594 2188 quod
625 2106 661 2168 ab
688 2105 783 2168 altero
812 2107 842 2168 in
864 2105 1014 2168 nonnullis
1038 2104 1208 2186 discrepat,
1231 2114 1262 2168 ct
1283 2104 1365 2186 quod
1388 2104 1602 2187 descripsimus
1626 2124 1667 2167 ex

295 2207 408 2271 Codice
432 2205 606 2268 Colbertino
630 2205 727 2267 bonae
749 2212 855 2284 notae,
884 2206 915 2268 in
942 2205 1041 2268 multis
1065 2204 1251 2268 conveniens
1275 2223 1341 2268 cum
1364 2204 1478 2267 Ordine
1500 2203 1553 2267 illo
1577 2222 1666 2285 quem

294 2307 399 2372 Severi
421 2307 543 2367 nomine
566 2307 630 2386 ejus
652 2303 763 2367 Rituali
785 2305 938 2386 Baptismi,
962 2305 1087 2386 Syriace
1110 2312 1140 2368 et
1161 2303 1268 2368 Latine
1290 2303 1419 2386 subjecit
1441 2303 1666 2366 (1311131131ιεί-

294 2414 356 2470 cius
378 2403 672 2472 Boderianus.,lllud
697 2412 795 2467 autem
808 2403 889 2484 quod
898 2404 1011 2468 lllissali
1024 2405 1201 2468 Maronitico
1225 2405 1396 2487 adjunctum
1418 2413 1475 2480 est,
1498 2403 1666 2466 levissimas

294 2515 344 2570 aut
368 2506 464 2569 lerme
487 2503 584 2567 nullas
608 2503 855 2586 interpolationes
879 2505 1034 2582 sustinuit,
1058 2522 1133 2585 quas
1156 2505 1186 2566 in
1209 2506 1287 2567 notis
1311 2503 1556 2568 observabimus:
1580 2523 1666 2566 eam·

294 2605 422 2686 demque
448 2604 557 2666 rituum
586 2610 617 2666 et
639 2605 808 2667 orationum
830 2603 953 2666 formam
977 2603 1111 2683 exhibet,
1134 2622 1213 2685 quae
1236 2604 1355 2667 aliunde
1378 2612 1448 2666 nota
1471 2623 1511 2666 ex
1534 2602 1664 2667 diversis

238 2771 241 2778 ,
295 2704 468 2783 autoribus,
502 2709 647 2784 suspecta
674 2720 744 2766 esse
773 2721 834 2766 non
864 2709 975 2784 potest.
1021 2702 1095 2766 Cum
1125 2722 1201 2766 vero
1230 2723 1302 2786 pars
1330 2703 1381 2766 illa
1403 2704 1500 2785 prima
1521 2703 1670 2786 Litvugiis

294 2805 418 2886 reliquis
440 2803 594 2880 inserviat,
618 2803 649 2864 in
670 2803 822 2866 nonnullis
846 2801 1006 2866 Codicibus
1029 2805 1230 2888 praemittitur
1252 2803 1305 2882 illi,
1329 2821 1407 2884 quae
1428 2802 1543 2866 Jacobo
1566 2803 1666 2866 Fratri

295 2902 413 2965 Domini
436 2902 592 2978 tribuitur3
621 2919 690 2963 nam
713 2909 743 2964 et
766 2904 895 2963 omnium
919 2903 1121 2966 vetustissima
1144 2911 1209 2981 est,
1238 2911 1268 2965 ει
1292 2921 1359 2965 cum
1381 2902 1549 2966 schismatis
1570 2903 1666 2966 Jaco-

294 3003 375 3065 bitiei
387 3001 559 3064 memoriam
574 3019 691 3064 omnem
702 3000 870 3081 antecedat,
885 3002 1049 3065 communis
1063 3010 1109 3064 est
1123 2999 1308 3065 Orthcdoxis
1326 3010 1356 3064 et
1370 3001 1527 3068 Jacobitis.
1551 3003 1664 3066 Verum

297 3099 425 3162 Codices
449 3119 545 3182 prope
569 3117 673 3163 omnes
701 3102 752 3182 qui
775 3102 916 3164 Ordinem
939 3102 1115 3186 generalem
1137 3110 1367 3184 repraesentant
1389 3103 1471 3164 illmn
1494 3103 1665 3183 conjunxe-

294 3207 363 3261 runt
386 3219 453 3262 cum
477 3219 512 3262 ea
536 3218 613 3281 quae
636 3199 733 3282 Xysto
755 3201 888 3264 Romano
912 3201 1047 3264 Pontifici
1070 3202 1218 3282 tribuitur,
1243 3203 1328 3284 cnjus
1351 3211 1452 3264 tamen
1474 3221 1546 3265 usus
1566 3201 1665 3265 inire-

294 3300 435 3380 quentior
458 3306 520 3361 est:
550 3307 583 3360 ut
611 3299 770 3380 antiquitas
801 3299 924 3362 alteram
953 3318 1014 3362 non
1044 3302 1171 3382 attingit.
1216 3300 1286 3363 lllos
1311 3300 1440 3364 Codices
1463 3303 1560 3364 secuti
1582 3308 1663 3380 sunt,

295 3401 346 3480 qui
362 3398 491 3462 llissalis
508 3395 661 3460 Chaldaici
677 3398 838 3462 editionem
852 3399 965 3461 Romae
988 3407 1201 3480 procurarunt,
1224 3401 1280 3462 rati
1302 3399 1439 3462 fortassis
1455 3401 1663 3482 probationem

295 3498 364 3560 inde
377 3497 460 3560 nasci
476 3497 693 3578 conjunctionis
705 3497 917 3562 Maronitarum
939 3517 1061 3561 suorum
1085 3517 1152 3560 curn
1173 3497 1307 3560 Romana
1319 3497 1468 3578 Ecclesia,
1491 3500 1663 3583 siLiturgia

294 3597 419 3659 Romani
441 3596 592 3659 Pontificis
616 3598 735 3660 nomine
758 3598 909 3679 appellata
930 3600 1059 3681 primum
1080 3598 1179 3661 locum
1206 3598 1365 3661 obtineret.
1408 3597 1469 3662 lsta
1497 3608 1595 3662 tamen
1622 3600 1663 3675 ita

296 3697 439 3760 Jacobitis
461 3696 585 3777 propria
609 3703 674 3773 est,
696 3704 729 3759 ut
751 3697 808 3760 3113
830 3697 911 3762 lulli.
955 3698 1017 3760 Nos
1039 3716 1115 3760 vero
1137 3699 1265 3779 primum
1288 3696 1369 3761 illum
1392 3696 1532 3762 Ordinem
1556 3698 1664 3762 Jacobi

295 3794 460 3877 liturgiae,
483 3803 515 3857 ut
537 3795 699 3859 celebriori
720 3798 938 3878 praemisimus.

383 3895 416 3957 ln
439 3893 489 3957 illo
513 3893 626 3958 Ordine
649 3895 758 3958 multae
782 3915 902 3979 preces,
925 3897 1103 3980 praesertim
1126 3914 1203 3979 quae
1226 3897 1391 3961 aDiacono
1415 3905 1444 3960 ct
1466 3896 1579 3979 populo
1603 3890 1663 3958 dici
1727 3897 1820 3952 uuluae
1856 3899 1985 3951 orationes

298 3991 426 4072 debent,
448 3995 551 4074 primis
575 4003 687 4058 tantum
709 3997 835 4058 vocibus
858 3996 1040 4074 indicantur,
1071 4015 1169 4078 nequo
1197 3997 1284 4062 aliter
1311 3997 1404 4079 vulgo
1434 3994 1564 4058 describi
1593 3987 1762 4059 11131111ηιίι
1779 3985 1860 4038 ⁸⁰¹1¹¹⁰
1876 3984 1984 4038 vocibus

1675 4072 1851 4140 designantur,
1864 4073 1890 4122 in
1903 4070 1983 4123 Codi-

297 4091 469 4155 Orientalcs
499 4093 613 4174 solent,
650 4096 719 4176 quia
746 4095 967 4160 Ecclesiasticis
1001 4116 1110 4179 proces
1141 4096 1211 4160 illae
1234 4099 1406 4160 notissimae
1428 4104 1515 4176 sunt,
1539 4103 1570 4160 et
1592 4098 1661 4178 quia
1675 4159 1747 4212 enus
1765 4158 1840 4211 editis
1860 4157 1964 4210 Μῦς.

295 4192 480 4273 prolixiores
502 4195 564 4274 pati
586 4195 697 4257 debent
719 4215 759 4258 ex
781 4197 838 4260 alio
862 4195 983 4262 Codice.
1005 4198 1138 4261 Vocatur
1159 4198 1196 4275 is,
1219 4199 1295 4260 liber
1315 4196 1491 4272 blinisterii,
1513 4187 1663 4259 3133113·-

296 4292 402 4366 nistri,
432 4292 517 4373 cujus
540 4300 644 4355 extant
665 4294 748 4357 varia
771 4295 802 4357 in
824 4294 1016 4360 Bibliothccis
1047 4297 1246 4377 exemplaria,
1269 4297 1407 4376 idemque
1428 4295 1542 4359 Romae
1565 4295 1661 4358 editus

297 4398 345 4452 est
367 4392 502 4472 Syriaca,
526 4411 594 4455 cum
607 4395 750 4457 versione
766 4394 907 4476 Arabica,
931 4397 984 4461 sed
1008 4396 1103 4458 literis
1118 4395 1250 4478 Syriacis
1274 4394 1521 4459 annollDXCVl.
1545 4396 1660 4477 absque

298 4489 358 4552 ulla
379 4490 627 4572 interpolatione,
658 4502 875 4576 praeterquam
898 4497 927 4558 in
951 4494 1092 4578 Symbolo
1115 4497 1263 4571 Nicaeno,
1286 4496 1336 4557 ubi
1358 4495 1506 4575 particula
1528 4497 1662 4577 Filioque

298 4587 437 4670 adjuncta
453 4598 509 4669 est,
533 4609 622 4672 quam
646 4592 815 4657 Orientales
838 4595 907 4658 libri
929 4615 990 4657 non
1013 4604 1191 4679 agnoscunt.
1220 4595 1258 4657 Ut
1280 4594 1372 4676 igitur
1393 4595 1525 4658 lectores
1549 4594 1662 4659 decur-

297 4688 365 4750 tatis
389 4690 454 4753 istis
476 4692 660 4755 orationibus
682 4711 744 4756 non
766 4694 938 4775 turbentur,
970 4696 1035 4759 illas
1066 4715 1106 4757 cx
1129 4694 1194 4757 aliis
1218 4692 1377 4757 Codicibus
1402 4703 1432 4757 et
1455 4694 1562 4758 codem
1584 4695 1661 4758 libro

297 4786 454 4851 blinisterii
476 4791 506 4852 in
527 4793 700 4855 versionem
715 4800 848 4857 nostram
864 4795 1077 4860 transtulimus.
1100 4794 1175 4857 Nam
1187 4795 1217 4857 in
1228 4797 1334 4877 paucis
1347 4813 1425 4876 quac
1436 4794 1540 4857 Latine
1553 4813 1662 4858 versae

297 4895 367 4949 sunt
378 4888 532 4973 liturgiis,
556 4890 714 4973 aliquando
737 4894 917 4977 interpretes
940 4897 1174 4977 cespitaverunt,
1198 4896 1375 4976 praesertim
1393 4893 1489 4958 Guido
1507 4893 1661 4958 Fabricius
