4784 6040
552 691 665 768 ΒΕΑΤΙ
690 688 826 768 Jloottl
851 691 1091 769 lNl'llllPlillTlS
1117 690 1287 771 EPISCOPI
1311 693 1500 771 trussell.
1632 694 1703 768 371

336 875 504 966 omnibus,
537 886 573 948 ut
606 899 691 972 pure
723 887 757 950 et
783 877 1012 974 spiritualiter,
1046 877 1175 973 absque
1206 879 1272 950 ulla
1311 880 1411 951 animi
1445 877 1706 974 perturbatione,

337 991 576 1088 amplectamur
603 1003 637 1063 et
663 993 852 1066 osculemur
882 995 1027 1065 invicem
1061 997 1095 1064 in
1123 995 1263 1066 commta
1294 1015 1388 1079 vera,
1423 991 1574 1089 perlecta
1608 1007 1708 1091 atque

337 1130 446 1179 vacua
474 1107 563 1179 omni
591 1106 684 1180 dolo:
710 1129 773 1203 per
799 1129 874 1179 eum
893 1111 999 1204 ipsum
1017 1107 1211 1201 largitorem
1227 1107 1479 1204 tranquillitatis,
1505 1113 1708 1202 unigenitum

336 1221 454 1294 Filium
481 1233 584 1309 tuum,
610 1245 685 1295 curn
713 1245 779 1318 quo
806 1234 839 1294 te
867 1224 964 1296 decet
989 1224 1110 1316 gloria,
1136 1223 1244 1297 honor
1269 1234 1304 1296 et
1329 1227 1501 1318 imperium
1527 1247 1602 1296 cum
1622 1225 1707 1322 Spi-

336 1340 400 1409 ritu
426 1346 482 1409 tuo
511 1339 721 1411 sanctissimo
748 1349 783 1410 et
807 1337 910 1411 bono.

440 1452 625 1526 Sacerdos.
678 1456 763 1527 Pax.

438 1567 600 1662 Populos.
652 1568 697 1640 Et
723 1593 798 1642 cum
824 1573 939 1665 spiritu
965 1580 1033 1642 tuo.

438 1683 627 1755 Diaconos.
680 1684 748 1757 Det
773 1687 1000 1780 unusquisque
1026 1707 1154 1780 pacem.
1206 1685 1255 1756 Et
1278 1687 1375 1778 Post,
1402 1699 1465 1760 etc.

439 1797 623 1870 Sacerdos
677 1800 818 1887 Quando
844 1804 944 1892 igitur
970 1803 1138 1892 conjuncti
1165 1811 1200 1872 et
1226 1802 1305 1873 uniti
1339 1823 1452 1876 sumtu
1483 1799 1568 1872 alter
1599 1801 1707 1892 alteri,

336 1918 594 2010 perennitatem
620 1936 738 1987 veram
771 1924 805 1987 et
831 1918 979 2010 spiritum
1010 1915 1288 2006 mansuetudinis,
1322 1916 1601 2013 deposuimusque
1636 1942 1707 1991 ve-

336 2039 408 2100 tera
434 2034 632 2102 vestimenta
658 2029 799 2102 bominis
825 2033 964 2120 veteris,
991 2041 1025 2103 et
1050 2031 1138 2103 colla
1164 2039 1280 2105 nostra
1306 2053 1419 2103 coram
1445 2031 1621 2106 clementia
1648 2043 1704 2106 tua

336 2144 578 2235 inclinavimus,
603 2167 764 2238 rogamus
791 2145 972 2219 bonitatem
1003 2157 1092 2218 tuam
1118 2146 1318 2235 naturalem,
1352 2155 1389 2217 ιιι
1422 2145 1570 2219 effimdas
1606 2169 1708 2244 super

336 2281 409 2348 nos,
438 2269 472 2331 et
498 2275 612 2356 super
626 2283 758 2334 omnem
783 2261 942 2356 populum
968 2272 1003 2332 et
1028 2261 1265 2334 haereditatem
1293 2272 1401 2353 tuam,
1428 2284 1516 2358 quae
1542 2265 1707 2353 sanguine

337 2375 474 2449 salutari
501 2372 623 2448 Christi
649 2377 823 2473 redempta
848 2385 917 2464 est,
949 2398 1066 2450 omnes
1101 2376 1353 2451 benedictiones
1382 2389 1457 2452 tuas
1489 2376 1707 2466 abundantes,

337 2502 371 2563 et
397 2513 513 2564 omnes
540 2496 666 2584 gratim
693 2501 767 2565 tuas
800 2489 987 2587 periectas,
1021 2501 1057 2563 ιιι
1085 2486 1100 2526 ²
1132 2493 1253 2584 linguis
1290 2517 1376 2590 quae
1409 2496 1573 2590 accipiunt
1606 2515 1707 2566 unum

337 2627 459 2702 corpus
486 2617 635 2679 sanetum
661 2609 819 2700 unigeniti
845 2607 921 2679 Filii
947 2610 1005 2698 tui,
1032 2617 1066 2680 et
1091 2630 1153 2703 per
1179 2629 1255 2680 emn
1282 2620 1316 2681 et
1351 2633 1425 2682 cum
1458 2612 1533 2706 ipso
1566 2607 1706 2682 reiera-

337 2743 410 2796 mus
437 2722 495 2794 tibi
520 2721 663 2815 gloriam
690 2733 724 2795 et
749 2722 880 2796 laudem
908 2733 942 2794 et
968 2725 1137 2816 unigenito
1151 2722 1238 2796 Filio
1265 2734 1321 2796 ιιιο
1349 2737 1383 2799 et
1396 2725 1532 2821 Spiritui
1558 2735 1628 2816 tuo,
1642 2735 1707 2798 eto.

438 2836 599 2931 Populos.
651 2841 772 2914 Arnen.

439 2953 624 3025 Sacerdos.
677 2955 728 3026 Τιι
755 2977 818 3051 per
842 2951 1025 3027 bonitatem
1049 2952 1182 3027 beatam
1203 2963 1291 3025 tuam
1318 2954 1515 3046 naturalem,
1541 2966 1576 3027 et
1596 2958 1706 3030 mise·

335 3071 508 3158 ricordias,
535 3080 568 3143 et
594 3072 839 3160 miserationes,
866 3091 952 3166 quae
978 3067 1238 3142 substantialiter
1263 3067 1322 3140 tibi
1349 3092 1527 3143 connexae
1553 3079 1640 3162 sunt,
1660 3093 1706 3143 ex

335 3185 434 3259 nihilo
462 3185 504 3258 ab
531 3188 624 3257 initio
650 3189 774 3259 creasti
799 3207 863 3258 nos
892 3185 934 3257 ad
959 3187 1137 3276 imaginem
1161 3183 1372 3280 praeclaram
1397 3187 1581 3276 majestatis
1609 3195 1705 3259 tuae:

334 3323 475 3397 cumque
501 3305 648 3398 corrupti
675 3301 864 3392 fuissemus,
891 3310 925 3372 et
940 3303 1145 3394 cormptioni
1168 3299 1275 3372 relicti
1290 3299 1440 3387 obnoxii,
1466 3321 1529 3394 per
1555 3302 1706 3374 eamdem

335 3422 476 3510 gratiam
503 3427 603 3504 tuam,
636 3426 671 3489 et
696 3440 763 3491 non
790 3439 853 3514 per
879 3418 1039 3508 justitiam
1070 3423 1240 3502 nostram,
1265 3414 1415 3487 Verbum
1441 3414 1550 3488 Deum
1584 3413 1706 3487 Filium

335 3539 423 3603 tuum
451 3535 569 3604 misisti
596 3533 639 3605 ad
666 3535 805 3607 salutem
831 3543 989 3605 nostram.
1042 3529 1094 3601 'lu
1121 3551 1206 3622 ergo
1233 3533 1438 3602 etiamnunc
1464 3532 1618 3617 Domine,
1645 3552 1707 3625 per

335 3646 484 3718 eamdem
510 3646 692 3722 bonitatem
719 3647 778 3721 tibi
804 3646 997 3733 actualem,
1023 3667 1085 3741 per
1113 3668 1211 3741 quam
1239 3650 1362 3719 creasti
1388 3668 1451 3719 nos
1485 3668 1505 3717 a
1531 3647 1706 3742 principio,

335 3769 368 3832 et
392 3783 455 3856 per
480 3764 743 3837 misericordiam
769 3764 857 3837 illam
884 3765 984 3835 etiarn
1009 3761 1069 3834 tibi
1094 3760 1277 3833 naturalem
1305 3784 1369 3856 qua
1400 3764 1436 3834 in
1469 3761 1536 3834 bne
1567 3760 1708 3834 salvasti

333 3897 413 3948 nos:
440 3877 615 3973 perillam
642 3883 742 3972 igitur
768 3900 834 3972 age
860 3878 1034 3951 nobiscum
1060 3877 1207 3969 benigne
1239 3880 1273 3948 in
1305 3875 1368 3949 bac
1393 3875 1495 3963 bora,
1527 3888 1563 3948 ut
1597 3897 1706 3949 ιιοιι-

335 3991 451 4065 dentes
478 3993 521 4065 ad
546 3999 708 4090 mysteria
736 3995 820 4066 baec
846 4003 983 4083 sancta,
1014 4013 1082 4064 non
1116 3993 1295 4064 afficiamur
1328 3993 1458 4088 pudore
1492 3997 1707 4086 peccatorum

333 4116 541 4197 nostrorum,
577 4110 637 4184 sed
670 4132 732 4207 per
764 4109 883 4181 eadem
917 4109 1079 4204 mysteria
1111 4117 1186 4198 tua,
1216 4130 1399 4204 purgemur
1434 4130 1454 4179 a
1490 4103 1645 4178 sordibus
1673 4113 1707 4176 et

334 4226 501 4316 spurcitiis
527 4228 673 4320 peccati,
701 4235 735 4297 et
760 4224 945 4298 referamus
972 4220 1031 4293 tibi
1057 4221 1201 4315 gloriam
1227 4233 1262 4295 et
1286 4223 1436 4314 laudem,
1469 4222 1707 4316 unigenitoque

333 4334 419 4410 Filio
446 4349 515 4430 tuo,
542 4351 576 4413 et
601 4340 739 4437 Spiritui
767 4349 833 4414 tuo.

435 4454 625 4527 Diocoaata.
678 4457 825 4546 StemuS,
852 4467 915 4528 eto.

435 4569 620 4645 Sacerdos.
674 4571 805 4645 Caritas
831 4573 907 4662 Dei,
934 4581 997 4644 eto.

436 4685 597 4778 Populos.
650 4686 795 4760 Etcum
821 4687 946 4784 Spiritu
972 4697 1040 4759 ιιιο.

400 4799 619 4875 -saoerooa
672 4803 811 4876 Sursum
838 4802 951 4877 corda.

434 4915 596 5010 Populos.
648 4917 819 4992 Habemus
846 4919 889 4991 ad
915 4921 1101 4993 Dominum.

434 5031 619 5106 Sacerdos.
673 5033 807 5108 Gratias
835 5055 973 5128 agamus
999 5036 1085 5107 Deo.

434 5146 596 5240 Populos.
650 5151 794 5242 Dignum
823 5158 857 5222 et
878 5152 1003 5242 justum
1030 5159 1090 5224 est.

383 5281 469 5328 Tomttt
486 5285 510 5329 ll·
