4804 6026
653 554 705 628 42
1069 641 1071 646 ยน
1159 552 1518 630 LITURGIA

654 733 893 812 haereditatem
917 761 1162 836 consequamur
1180 761 1254 810 cum
1274 741 1398 812 sanctis
1415 737 1480 812 illis
1498 735 1670 827 omnibus,
1698 740 1753 831 qui
1767 759 1814 808 ex
1826 736 1890 810 hoc
1909 735 2030 808 mundo

654 856 714 928 tibi
740 856 951 952 placuerunt:
977 878 1039 950 por
1070 858 1233 948 gratiam,
1267 864 1331 926 etc.
1487 853 1650 946 Populus.
1703 853 1823 924 Arnen.

759 968 945 1042 Sacerdos.
999 969 1083 1043 Pax.
1240 969 1403 1062 Poprdna.
1454 968 1600 1042 Etcum
1627 969 1840 1062 spiritutuo.

758 1084 946 1158 Diaconos.
998 1085 1120 1159 Iterum
1147 1096 1246 1180 atque
1272 1089 1390 1158 iterum
1416 1107 1479 1181 pro
1498 1085 1782 1158 consummatione
1796 1085 2032 1178 mysteriorum

656 1201 773 1275 horum
803 1209 1016 1291 sanctorum,
1043 1202 1152 1274 Deum
1179 1222 1364 1296 precemur.
1900 1263 1903 1270 .

758 1316 942 1388 Sacerdos.
995 1317 1089 1388 Deus
1119 1336 1243 1408 magne
1276 1325 1311 1387 et
1342 1312 1521 1402 murabilis,
1556 1317 1612 1409 qui
1646 1312 1810 1386 inclinasti
1845 1312 1961 1384 coelos
1997 1323 2031 1385 et

657 1429 857 1503 descendisti
883 1452 945 1526 pro
973 1442 1090 1504 nostra
1115 1429 1280 1502 hominum
1308 1431 1431 1524 salute,
1460 1433 1574 1525 aspice
1600 1449 1664 1501 nos
1691 1450 1752 1522 per
1769 1427 2031 1501 miscricordiam

588 1597 590 1602 .
656 1555 690 1616 et
716 1550 856 1638 gratiam
883 1555 987 1618 mam:
1014 1545 1157 1620 benedic
1184 1545 1308 1642 populo
1336 1557 1413 1635 tuo,
1440 1557 1475 1618 et
1499 1543 1736 1617 haereditatem
1770 1552 1858 1614 tuam
1886 1564 2032 1614 conser-

655 1683 717 1732 va:
745 1671 780 1732 ut
806 1683 939 1757 semper
966 1669 1000 1731 et
1027 1663 1116 1733 omni
1148 1669 1300 1757 tempore
1332 1660 1504 1736 laudemus
1537 1670 1589 1750 te,
1625 1661 1701 1755 quia
1736 1659 1828 1730 solus
1865 1679 1903 1730 es
1936 1656 2029 1730 Deus

655 1785 770 1850 noster
809 1799 936 1858 verus:
972 1787 1006 1847 et
1030 1777 1138 1848 Deum
1172 1775 1304 1848 Patrem
1341 1780 1527 1870 genitorem
1561 1785 1651 1847 tuum
1683 1785 1718 1846 et
1750 1771 1908 1868 Spiritum
1940 1783 2030 1844 tuum

656 1899 806 1963 sanctum
832 1915 919 1965 nunc
946 1903 979 1964 et
1006 1914 1161 1989 semper,
1188 1902 1252 1963 eto.

758 2007 919 2100 Populus.
971 2006 1093 2080 Amen.

667 2159 686 2170 ฮฝ-
757 2121 945 2194 Diaconos.
999 2121 1148 2193 Benedic
1175 2122 1329 2194 Domine.
1375 2129 1382 2142 '

758 2235 942 2308 Sacerdos.
994 2236 1143 2308 Benedic
1170 2238 1342 2326 omnibus,
1370 2257 1537 2309 conserva
1565 2257 1701 2324 omnes,
1728 2241 1792 2305 etc.

765 2349 827 2423 Vel
849 2352 953 2424 aliam
976 2351 1243 2423 benedictionem
1255 2376 1325 2446 pro
1343 2351 1577 2423 Ecclesiarnm
1598 2349 1840 2422 comnetudine
1863 2355 1898 2418 et
1913 2352 2030 2441 sesto-

653 2490 729 2537 rum
752 2470 924 2538 varietate
951 2468 1137 2538 diversam:
1163 2490 1231 2562 qua
1255 2471 1405 2540 recitata
1422 2465 1601 2538 Diaconos
1626 2468 1748 2558 incipit
1769 2464 1934 2558 psalmam
1954 2464 2031 2537 Be-

654 2580 807 2653 nedicam
832 2581 1009 2654 Dominum
1035 2585 1069 2653 in
1105 2586 1193 2654 omni
1230 2593 1388 2680 ternpore.
1450 2583 1523 2670 Qua
1558 2583 1650 2652 dicto
1687 2579 1812 2652 atenn
1845 2585 1880 2650 et
1911 2583 2030 2672 finitor

656 2695 827 2791 Litnrqia.

653 3467 757 3547 Aliae
788 3475 966 3552 orationes
997 3474 1042 3552 ad
1074 3476 1361 3552 communionem
1402 3483 1439 3549 et
1478 3482 1603 3574 postea
1635 3471 1827 3575 dicendae,
1860 3499 1953 3578 quae
1994 3477 2030 3552 in

550 3685 552 3691 ,
654 3601 865 3706 quibusdam
903 3603 1096 3686 Codicihus
1135 3607 1316 3709 liturgiae
1351 3603 1494 3683 iacobi:
1542 3608 1578 3682 in
1608 3605 1684 3685 aliis
1718 3605 1836 3708 Xysti:
1878 3610 1913 3684 in
1955 3609 2030 3688 aliis

1132 3738 1247 3840 Petri,
1278 3736 1553 3843 subjunguntur.

763 3995 861 4104 Oura
886 4026 1102 4098 distribuitur
1128 4032 1335 4116 communio,
1361 4028 1538 4100 Sacerdos
1564 4029 1657 4099 dicit.

756 4140 919 4230 Sanctus,
947 4143 1108 4228 Sanctus,
1135 4141 1279 4215 Sanctus
1307 4167 1345 4218 es
1372 4143 1534 4232 Domine,
1562 4142 1684 4215 clamat
1710 4140 1876 4216 Ecclesia.
1910 4143 2029 4216 Bene-

653 4253 759 4325 dictus
787 4259 841 4349 qui
870 4256 959 4328 dedit
984 4255 1061 4328 mihi
1088 4278 1210 4354 corpus
1238 4269 1272 4331 et
1298 4263 1493 4352 sangumem
1521 4281 1636 4347 suum,
1662 4268 1698 4330 ut
1723 4281 1785 4353 per
1805 4281 1881 4330 eum
1900 4253 2040 4354 expia-'

652 4372 775 4441 tionem
803 4392 1039 4467 consequerer.
1092 4372 1251 4445 Sanctum
1277 4385 1367 4448 tuum
1394 4375 1593 4470 deprecatur
1619 4394 1681 4470 pro
1708 4373 1805 4446 nobis
1834 4377 1867 4444 io
1891 4373 2027 4464 jndicio,

653 4508 767 4557 coram
794 4485 911 4560 throno
938 4488 995 4560 ilto
1023 4487 1124 4583 pleno
1152 4492 1279 4562 timoris
1307 4501 1340 4562 et
1373 4494 1520 4563 terroris.
1577 4489 1654 4582 Ego
1687 4513 1759 4564 sum
1792 4490 1889 4583 panis
1924 4492 2028 4579 vitae,

653 4599 730 4672 dicit
755 4601 931 4674 Dominus:
975 4613 1008 4674 et
1043 4607 1098 4698 qui
1133 4605 1310 4678 manducat
1342 4629 1396 4678 me
1430 4629 1504 4678 curn
1546 4606 1630 4696 fite,
1663 4610 1766 4678 vitam
1799 4604 2027 4677 haereditabit.

653 4715 717 4800 Qui
760 4715 875 4788 vident
918 4740 1040 4814 corpus
1083 4721 1190 4815 ipsum
1238 4719 1295 4792 filii
1335 4745 1411 4794 cum
1448 4721 1532 4794 tide:
1585 4725 1640 4818 qui
1688 4725 1774 4793 inter
1823 4740 1884 4791 eos
1926 4741 2028 4814 purus

652 4838 722 4917 est,
759 4831 916 4920 accedat,
951 4833 1095 4929 illudque
1130 4839 1310 4931 suscipiat,
1349 4847 1383 4908 et
1417 4857 1478 4932 per
1513 4836 1591 4908 illud
1626 4839 1760 4908 veniam
1796 4845 2028 4928 consequetur.

651 4941 832 5018 Benedicta
860 4947 983 5037 Maria,
1012 4959 1045 5020 et
1070 4948 1267 5022 benedictus
1293 4949 1420 5022 fructus
1447 4953 1502 5045 qui
1530 4973 1576 5023 ex
1601 4949 1844 5025 iltaortusest:
1873 4952 2029 5048 quoniam
