4728 6028
695 543 747 618 ΙΝ
779 540 1075 618 LITURGIAS
1111 539 1387 619 SYllthdS.
1674 543 1723 616 99

357 725 452 802 enirn,
474 733 507 786 ut
530 725 560 787 in
583 724 705 788 Conone
728 723 878 799 Romano,
901 726 1114 788 determinatus
1138 733 1184 788 est
1207 742 1326 801 eorum,
1357 725 1407 806 qui
1429 726 1635 804 nominantur,
1666 742 1727 786 nn-

356 842 468 888 merus.
513 824 547 885 ln
569 825 690 904 antique
714 824 828 887 Codice
851 823 1043 903 colbertino,
1068 844 1156 905 quem
1185 826 1349 906 praecipue
1378 825 1605 906 interpretando
1628 826 1725 887 secuti

356 941 477 1000 sumus,
500 930 571 1004 post
592 923 747 1003 Virginem
770 924 909 1000 Mariam,
933 922 1103 1005 subjicitur,
1127 934 1157 986 et
1178 925 1308 985 ornna'am
1329 923 1526 1003 Sanctorum,
1555 942 1653 1003 neque
1677 923 1727 984 alii

357 1026 556 1086 nominantur.
602 1022 634 1084 ln
655 1022 829 1085 Florentino
853 1023 1002 1104 adJicitur,
1025 1031 1055 1085 et
1076 1026 1176 1085 sancti
1195 1022 1319 1084 Domini
1329 1021 1509 1100 Barsomae,
1532 1023 1726 1103 quodetiam

357 1122 484 1186 habetur
506 1124 536 1185 in
558 1121 691 1183 Romana
714 1121 862 1199 editione,
888 1122 1101 1202 sequiturque,
1136 1131 1165 1184 et
1192 1124 1292 1184 sancti
1313 1121 1452 1201 Georgii,
1482 1123 1531 1202 qui
1561 1123 1726 1202 praecipue

357 1222 394 1285 ab
418 1220 626 1285 Orientalibus¹
645 1221 770 1296 colitur,
793 1221 852 1283 imo
876 1239 893 1283 a
915 1221 1138 1283 bluhamedanis
1161 1228 1191 1282 at
1215 1220 1323 1283 'l'urcis
1346 1221 1435 1299 ipsis,
1459 1229 1491 1282 ut
1513 1221 1725 1302 locupletissi-

356 1339 421 1384 mus
445 1320 533 1383 testis
556 1325 602 1382 est
625 1319 673 1381 vir
695 1320 908 1382 celeberrimus
930 1321 1084 1403 Augerius
1108 1319 1257 1382 Gislenius
1280 1318 1480 1400 Busbequius.
1525 1320 1724 1382 ltersanctos

357 1437 477 1500 quoque
500 1418 666 1482 collocatur
688 1418 725 1481 ab
748 1419 858 1502 insigni
881 1412 963 1502 apud
982 1410 1094 1482 Persas*
1112 1420 1257 1482 historico
1279 1417 1509 1493 unu-conto,
1534 1419 1674 1482 'labarita
1695 1425 1726 1480 et

358 1519 439 1598 aliis,
463 1519 514 1598 qui
536 1517 574 1580 de
597 1536 634 1581 eo
657 1519 729 1580 mira
752 1526 886 1595 narrant,
909 1537 997 1598 quae,
1021 1527 1053 1582 ut
1067 1518 1236 1582 Orientales
1264 1537 1367 1582 ornnes
1390 1505 1575 1602 φιλόμυθοι
1598 1519 1726 1580 maxime

357 1626 442 1698 sunt,
477 1615 630 1700 Legendis
658 1618 831 1696 veteribus,
866 1616 1109 1700 Graecorumque
1139 1617 1361 1681 narrationibus
1392 1617 1463 1680 nihil
1488 1618 1606 1681 cedunt.
1649 1617 1725 1679 lllud

357 1718 453 1782 solum
476 1717 637 1779 observatu
661 1715 801 1799 dignum,
831 1717 912 1798 quod
935 1725 980 1781 tot
1007 1717 1144 1781 laudibus
1175 1736 1242 1779 eum
1273 1717 1438 1791 cumulant,
1468 1717 1537 1797 quia
1566 1734 1621 1797 pro
1651 1735 1725 1778 vera

357 1817 415 1880 fide
437 1816 611 1898 Martyrium
640 1817 739 1880 subiit.
785 1817 889 1898 ltaque
920 1817 978 1879 coli
1006 1837 1023 1879 a
1053 1816 1229 1880 Christianis
1260 1834 1344 1893 eum,
1373 1817 1619 1906 qui,sanctitatis
1651 1833 1724 1878 suaa

355 1917 566 1980 buccinatores
589 1918 673 1997 ipsos
696 1915 831 1978 inlideles
854 1915 1007 1993 habuerit,
1032 1917 1131 1978 mirari
1154 1935 1241 1978 nemo
1266 1914 1365 1978 debet.
1409 1914 1450 1976 dt
1467 1923 1598 1976 monstro
1617 1915 1723 1993 simile,

355 2014 516 2077 Barsomae
547 2032 675 2092 nonren,
704 2015 844 2078 scelerati
871 2015 950 2078 illius
979 2013 1137 2092 blahachi,
1169 2016 1219 2097 qui
1249 2014 1415 2077 Proterium
1444 2013 1592 2076 occidisse
1627 2014 1723 2076 dictus

355 2113 409 2177 luit
431 2115 461 2175 in
484 2112 724 2177 calchedonensi
747 2114 899 2193 Concilio,
923 2134 940 2177 a
964 2133 1022 2196 quo
1047 2115 1233 2177 anathemate
1260 2113 1418 2194 perculsus
1448 2121 1514 2191 est,
1537 2114 1567 2174 in
1589 2113 1724 2176 Romana

353 2211 484 2276 editione
507 2233 574 2276 cum
596 2216 691 2275 sancti
714 2215 799 2277 titulo
822 2215 960 2295 reperiri.
1008 2215 1132 2277 Viderat
1155 2224 1252 2276 tamen
1275 2212 1353 2274 hanc
1368 2210 1528 2274 editionem
1543 2213 1650 2274 Frater
1662 2212 1724 2274 Jo-
1818 2267 1822 2284 ,

357 2330 450 2375 annes
477 2314 515 2374 de
551 2313 722 2376 Tamesim
751 2314 926 2395 lbeotopiae
954 2313 1117 2396 Mag-ahter,
1153 2324 1183 2377 et
1209 2315 1284 2376 nihil
1311 2319 1418 2376 cacha
1445 2313 1535 2392 fidem
1565 2319 1594 2374 et
1629 2312 1725 2375 bonos

356 2431 455 2475 mores
476 2415 649 2487 invenerat,
671 2412 726 2474 sed
747 2415 848 2474 omnia
870 2432 1005 2475 caesana
1023 2415 1098 2494 fidei
1118 2419 1366 2476 sacra-sanctae
1387 2411 1544 2473 Romanae
1555 2409 1723 2474 Ecclesiae.

356 2511 398 2573 At
420 2511 491 2592 quid
520 2512 615 2592 magis
645 2511 724 2574 illius
755 2511 824 2574 lidei
855 2513 1052 2590 contrarium,
1082 2531 1170 2594 quarn
1199 2513 1350 2575 homiuem
1380 2510 1518 2573 factionis
1553 2509 1723 2574 haereticae

357 2613 600 2694 antesignanum,
635 2610 802 2673 damnatum
838 2613 874 2673 ab
904 2612 1105 2676 Oecumenica
1135 2611 1275 2694 synodo,
1311 2613 1389 2672 inter
1418 2609 1541 2673 caelites
1570 2609 1723 2676 collocari.

356 2709 433 2772 Eant
477 2726 557 2772 nunc
590 2709 757 2774 blaronitae
794 2713 995 2792 recentiores,
1031 2711 1099 2775 dum
1132 2711 1283 2794 Liturgias
1319 2711 1402 2789 illas,
1437 2718 1577 2788 tanquam
1610 2709 1723 2773 Eccle-

356 2810 419 2872 siae
442 2826 515 2872 suae
538 2810 678 2890 proprias
701 2810 788 2874 nobis
810 2811 978 2874 venditant:
1008 2812 1080 2874 illud
1104 2812 1199 2888 solum
1222 2810 1384 2873 Barsomae
1407 2827 1533 2885 nomen,
1566 2807 1723 2871 Jacobita-

356 2926 432 2985 rum,
455 2927 507 2972 eas
530 2927 598 2972 esse
622 2909 814 2972 demonstrat.
857 2910 942 2973 lllum
964 2913 1077 2993 quippe
1100 2910 1256 2992 Coptitae,
1279 2911 1330 2991 qui
1353 2909 1488 2992 ejusdem
1511 2917 1619 2970 sectae
1641 2915 1721 2986 sunt,

355 3009 420 3088 pari
443 3011 561 3071 ratione
583 3017 780 3088 venerantur,
805 3018 836 3073 et
857 3011 936 3072 inter
958 3011 1107 3093 Diptycha
1129 3028 1238 3073 nomeu
1262 3011 1327 3090 ejus
1347 3009 1511 3072 celebrant.
1548 3007 1614 3070 Duo
1628 3027 1723 3090 prae-

356 3113 439 3170 terea
463 3109 511 3169 alii
535 3108 669 3190 ejusdem
692 3109 900 3191 appellationis
923 3118 1010 3190 sunt,
1033 3111 1109 3175 alter
1121 3110 1320 3174 Nestorianus
1334 3108 1527 3190 Metropolita
1542 3107 1721 3185 Nisibensis,
1769 3126 1875 3197 ΜΛ..
1894 3129 1920 3180 a,
1938 3132 1964 3182 ρ,

357 3207 408 3286 qui
429 3215 508 3271 teste
530 3207 679 3290 Eutychio
702 3219 815 3272 sectam
837 3210 917 3272 illam
939 3211 969 3273 in
981 3211 1197 3292 Mesopotamia
1220 3210 1279 3271 late
1302 3209 1498 3290 propagavit:
1521 3208 1643 3271 vivebat
1664 3225 1722 3269 au-

356 3315 415 3369 tem
445 3315 533 3370 sexto
559 3309 699 3370 saeculo:
736 3311 783 3371 vir
813 3307 947 3372 nelarius
977 3319 1007 3372 et
1037 3313 1177 3392 antiquae
1207 3307 1396 3388 disciplinae,
1426 3315 1567 3387 quantum
1595 3309 1625 3370 in
1654 3308 1721 3388 ipso

356 3407 427 3485 luit,
452 3416 623 3489 corruptor.
667 3409 741 3470 Nam
764 3417 870 3471 eontra
894 3409 1052 3486 Oenones,
1076 3409 1247 3489 Episcopus
1271 3426 1337 3469 cum
1360 3414 1452 3484 esset,
1476 3424 1602 3468 uxorem
1626 3404 1721 3485 duxit,
1768 3421 1831 3475 Har.
1848 3421 1942 3475 Neara.
1962 3423 2010 3476 tn.

357 3523 482 3587 eamque
505 3509 776 3570 sanctimonialem:
801 3517 862 3571 tum
884 3509 983 3592 legem
1006 3509 1073 3570 tulit
1095 3515 1128 3570 ut
1150 3507 1325 3588 Episcopis,
1349 3503 1580 3584 Sacerdotibus,
1611 3505 1721 3570 Mona-

357 3605 420 3668 chis
443 3607 516 3687 ipsis
539 3607 654 3670 nubere
677 3608 791 3670 liceret.
836 3608 884 3672 Ob
908 3611 1095 3672 autoritatem
1117 3625 1192 3670 vero
1216 3607 1417 3688 tyrannicam,
1446 3623 1512 3667 cunr
1534 3606 1565 3667 in
1588 3607 1722 3668 ordinem

356 3706 455 3790 redigi
478 3724 538 3768 non
559 3715 680 3787 posset,
703 3703 876 3790 dignitatem
899 3709 1038 3791 quamdiu
1060 3710 1151 3787 vixit,
1174 3708 1305 3784 retinuit,
1329 3705 1384 3768 sed
1406 3712 1476 3786 post
1498 3713 1623 3766 mortem
1646 3725 1723 3769 ana-

356 3805 486 3868 themate
510 3805 663 3869 damnatus
687 3814 750 3885 est,
773 3815 974 3891 statutumque
997 3811 1030 3872 in'
1049 3816 1226 3890 perpetuam
1256 3807 1321 3890 ejus
1350 3803 1576 3880 contumeliam,
1607 3811 1637 3866 et
1667 3823 1723 3887 per

358 3923 452 3968 annos
474 3905 582 3968 multos
605 3905 813 3988 observatum,
837 3927 875 3972 ne
899 3911 964 3990 qais
989 3929 1029 3972 ex
1058 3909 1250 3989 Metropolita
1284 3907 1453 3982 Nisibensi,
1484 3903 1522 3966 ad
1552 3922 1722 3986 supremam

356 4002 503 4067 Catholici
525 4005 698 4087 dignitatem
722 4017 935 4071 assumeretur.
981 4010 1100 4073 Tertius
1123 4007 1242 4072 tandem
1264 4005 1423 4070 barsumas
1439 4002 1510 4082 luit,
1532 4003 1638 4066 Nudas
1660 4024 1722 4068 co-

357 4105 557 4186 gnominatus,
580 4103 791 4186 bascharam,
815 4110 865 4189 qui
880 4109 977 4171 serius
1000 4111 1090 4188 vixit,
1115 4127 1222 4190 nempe
1246 4107 1368 4170 saeculo
1389 4104 1566 4168 duodecimo
1590 4103 1720 4183 labente,

358 4205 442 4285 cujus
464 4205 525 4266 vita
549 4212 630 4266 extat
652 4206 683 4266 in
707 4205 820 4269 Codice
841 4207 1045 4272 bibliothecae
1067 4210 1195 4292 Regiam
1219 4210 1285 4290 ipse
1307 4224 1428 4287 quaque
1451 4202 1605 4282 Jacobita,
1636 4205 1720 4286 cujus

356 4321 479 4380 nomen,
504 4322 569 4365 cum
594 4304 657 4366 aliis
681 4304 895 4369 Monachorum
918 4327 957 4370 ex
980 4309 1085 4372 eadem
1108 4318 1191 4372 secta
1215 4306 1389 4386 celebrium,
1413 4306 1546 4368 occurrit
1567 4305 1596 4366 in
1611 4304 1724 4385 aliquot

354 4399 553 4484 liturgiarum
576 4404 798 4484 exemplaribus
821 4409 1061 4487 recentioribus,
1086 4428 1152 4472 cum
1175 4411 1204 4470 in
1227 4408 1355 4488 antiquis
1383 4424 1443 4467 non
1466 4405 1593 4486 legatur.
1645 4405 1724 4466 Nul-

354 4500 401 4562 lus
423 4519 527 4582 porro·
541 4505 629 4565 trium
651 4505 769 4568 illorum
791 4505 858 4569 talis
882 4506 952 4584 luit,
976 4515 1007 4570 ut
1030 4509 1067 4570 ab
1091 4508 1273 4571 orthodoxis
1302 4507 1444 4569 memoria
1473 4507 1537 4587 ejus
1568 4522 1635 4567 cum
1664 4505 1722 4567 ho-

354 4616 429 4662 nore
457 4600 619 4665 coleretur.
671 4605 717 4667 En
748 4623 807 4685 quo
841 4607 978 4686 perducit
1008 4609 1212 4689 antiquitatum
1249 4607 1526 4669 Ecclesiasticarum
1562 4606 1720 4687 ignoratio.

355 4698 466 4773 Quales
488 4718 581 4782 porro
605 4713 693 4766 erunt
717 4705 862 4769 Catholici
884 4705 943 4784 illi,
980 4709 1030 4787 qui
1059 4707 1224 4770 Latrocinii
1245 4707 1392 4788 Ephesini
1421 4706 1605 4787 principem,
1637 4701 1720 4765 Con-

354 4799 414 4861 cilii
436 4798 710 4882 calchedonensis,
731 4803 903 4886 Leonisque
925 4805 1025 4888 Papae
1047 4805 1192 4871 luriosum
1215 4807 1466 4886 calumniatorem,
1489 4807 1631 4868 invocare
1654 4821 1720 4866 cum

354 4908 458 4963 sancto
483 4899 635 4984 Stephano
658 4910 688 4965 et
710 4903 739 4968 S.
765 4904 898 4988 Georgia
922 4904 1083 4987 docentur,
1107 4915 1136 4970 ct
1159 4906 1279 4987 quidem
1300 4914 1452 4989 perpetuo
1472 4906 1640 4969 testimonio
1655 4905 1721 4970 Co-
1766 4919 1853 4990 Enopa
1868 4937 1895 4988 p.
1914 4919 1957 4970 sa.
