4728 6028
741 607 815 681 160
1073 609 1764 694 ttnnnetlnnnntn

839 795 1024 869 Sacerdos.
1075 798 1160 870 Pax.
1366 799 1527 894 Papirius.
1578 801 1733 896 Etcum.

839 913 1027 984 Diaconos.
1079 914 1200 986 lterum
1228 925 1327 1011 atque
1353 918 1479 988 iterum.

738 1078 741 1084 -
841 1029 1025 1100 Sacerdos.
1063 1029 1243 1122 ‘Demittc,
1265 1031 1434 1137 ¹Domine,
1470 1055 1601 1112 manum
1627 1045 1729 1122 tuam,
1763 1044 1797 1106 et
1822 1032 1963 1106 benedic
1990 1039 2099 1110 servis
2159 1043 2164 1056 “

737 1147 802 1214 tuis
827 1143 907 1232 ntis,
936 1147 990 1239 qui
1016 1145 1069 1216 hic
1095 1151 1293 1238 congregati
1319 1156 1414 1238 sunt,
1440 1150 1569 1222 custodi
1595 1172 1656 1224 cos
1683 1153 1781 1242 signo
1808 1155 1916 1224 crucis
1943 1160 2040 1243 biae,
2066 1162 2100 1224 ct

737 1269 811 1331 esto
844 1263 894 1332 eis
929 1259 1115 1349 latibulum,
1151 1273 1185 1333 et
1218 1261 1383 1354 refugium
1418 1261 1460 1334 ab
1493 1269 1659 1340 universis
1692 1266 1842 1340 hostibus
1874 1266 2031 1362 publicis,
2066 1277 2100 1340 et

737 1375 891 1464 occultis,
927 1385 961 1447 et
986 1377 1111 1471 perfice
1138 1400 1199 1450 eos
1225 1378 1337 1452 nibisis
1362 1379 1646 1457 benedictionibus
1672 1387 1754 1474 tuis,
1786 1395 1822 1456 ut
1854 1407 1933 1472 nos,
1968 1393 2002 1456 et
2032 1386 2097 1480 ipsi

736 1490 920 1564 referemus
947 1489 1006 1564 tibi
1032 1491 1183 1585 gloriam.
1390 1495 1551 1590 Populus.
1603 1500 1722 1576 Amen.

840 1607 1027 1680 Diaconos.
1079 1609 1226 1681 Benedic
1252 1609 1404 1683 Domine.

839 1723 1021 1796 Sacerdos.
1073 1725 1220 1798 Benedic
1247 1723 1410 1801 omnibus.

838 1839 1026 1914 Diaconos.
1077 1841 1289 1914 Benedicam.

1144 2114 1691 2163 -Qwe--m

894 2509 974 2600 ln
1025 2511 1525 2605 nlnonciln
1577 2516 1835 2608 Pnnnl
1884 2515 1932 2607 n.

1120 2669 1123 2674 ’
1298 2683 1526 2807 norun

1327 2951 1361 3024 1.
1394 2952 1504 3023 Petri.

824 3157 915 3250 Quas
937 3169 974 3232 ad
996 3170 1129 3252 priorem
1143 3171 1307 3255 liturgiam
1330 3171 1500 3235 dictasunt
1523 3171 1560 3234 de
1584 3169 1680 3250 titulo,
1704 3171 1863 3234 cnmPetri
1885 3171 2015 3251 nomine,
2036 3192 2097 3236 non

732 3271 827 3335 miurus
851 3271 888 3334 ad
910 3273 993 3335 istam
1015 3275 1177 3354 pertinent.
1223 3274 1310 3348 Quod
1332 3275 1435 3356 plures
1451 3276 1531 3338 Petri
1552 3275 1672 3338 nomine
1685 3273 1842 3338 Jacobitae
1857 3274 1999 3357 habeant,
2022 3277 2095 3341 iecit

730 3389 792 3434 uon
814 3370 903 3434 modo
925 3371 1141 3453 Apostolorum
1170 3376 1313 3457 principis
1343 3375 1487 3460 dignitas,
1518 3375 1572 3440 sed
1596 3375 1676 3455 quod
1698 3374 1905 3438 Antiochense
1928 3376 2095 3457 Ecclesiae,

653 3537 654 3540 ,
731 3472 816 3553 cujus
846 3447 1025 3552 amplissim'a
1053 3474 1209 3538 Dioccesis
1240 3476 1355 3556 Syriam
1385 3481 1415 3538 et
1446 3474 1517 3539 alias
1546 3475 1733 3556 provincias,
1763 3475 1814 3537 uhi
1843 3474 1967 3556 Syriaca
1994 3476 2097 3558 lingua

730 3570 853 3653 vigebat
883 3570 1155 3654 complectebatur,
1197 3576 1302 3638 Petrus
1338 3573 1477 3637 fundator
1500 3573 1606 3638 luerat.
1659 3571 1734 3636 Cum
1757 3582 1854 3637 tamen
1877 3575 2094 3655 praetendens

732 3687 810 3750 qnae
832 3670 887 3732 sub
911 3671 975 3751 ejus
998 3672 1117 3734 nomine
1138 3673 1237 3737 editae
1259 3681 1328 3736 sunt
1349 3672 1517 3755 liturgias,
1546 3672 1620 3735 alias
1648 3672 1777 3736 habeant
1805 3690 1843 3736 eo
1865 3675 2000 3753 nomine,
2030 3673 2095 3736 heri

729 3768 827 3850 potuit
848 3777 881 3831 ut
902 3786 963 3832 non
984 3770 1166 3852 Apostolum
1188 3773 1397 3857 designarent,
1420 3773 1475 3835 sed
1498 3771 1701 3854 Graphicum,
1723 3771 1908 3835 Jacobiticae
1930 3771 2093 3836 haereseos

606 3947 610 3954 Υ
731 3869 1000 3949 pertinacissimum
1021 3881 1287 3954 propugnatorem.
1332 3873 1417 3936 lllum
1444 3873 1522 3934 enim
1550 3880 1582 3954 ut
1613 3880 1644 3935 et
1671 3873 1791 3934 Petrum
1818 3873 1974 3953 quemdam
1998 3873 2093 3952 alium,

731 3965 944 4046 Apamiensem
965 3967 1119 4049 fortassis,
1149 3971 1181 4034 in
1202 3972 1359 4054 Diptychis
1381 3990 1448 4034 cnm
1469 3970 1586 4034 honore
1609 3971 1849 4035 collocaverunt:
1881 3979 1911 4035 et
1940 3974 2019 4049 inter
2040 3988 2093 4034 eos

733 4083 859 4145 quornm
882 4066 1046 4130 doctrinam
1068 4072 1155 4150 sequi
1176 4089 1212 4134 se
1233 4071 1422 4153 profitentur,
1445 4078 1514 4134 ante
1532 4070 1758 4134 Ordinationem
1773 4070 1953 4136 Sacerdotes
1976 4079 2007 4134 et
2019 4071 2094 4153 Epi-

732 4167 829 4246 scopi,
851 4167 901 4228 isti
923 4176 1126 4232 numerantur.

1145 4463 1179 4535 2.
1221 4465 1382 4559 Accipite
1408 4470 1441 4535 et
1466 4463 1676 4536 manducate.

848 4654 885 4732 ln
912 4666 1066 4748 plerisque
1095 4666 1183 4748 hujus
1211 4667 1364 4751 Liturgiae
1392 4667 1552 4732 Codicihus
1574 4669 1647 4732 hlss.
1675 4675 1733 4732 mm
1755 4667 1814 4732 illis
1838 4686 1913 4750 quos
1936 4668 2091 4732 habuimus

731 4788 771 4831 ex
790 4769 982 4833 bibliothecis
1006 4771 1201 4852 Seguieriana
1225 4778 1255 4834 et
1278 4770 1460 4851 colbertina,
1483 4788 1570 4852 quam
1593 4772 1704 4835 inillis
1727 4789 1803 4854 quos
1824 4771 1941 4835 viderat
1964 4773 2091 4837 Faustus

729 4867 890 4947 Naironus,
914 4868 1010 4932 forma
1031 4870 1191 4934 verborum
1215 4869 1325 4934 Christi
1346 4873 1387 4934 ita
1410 4875 1592 4955 concipitur:
1636 4871 1771 4951 Accipite
1793 4881 1823 4934 et
1842 4873 2038 4949 manducate,
2060 4873 2092 4933 in

729 4970 935 5030 remissionem
954 4977 1148 5048 peccatorum
1170 4977 1200 5031 et
1220 4970 1313 5033 citum
1335 4979 1498 5034 aeternnm.
1534 4971 1573 5033 nt
1591 4969 1621 5031 in
1643 4965 1738 5033 sonna
1760 4970 1860 5035 calicis
1882 4970 2089 5036 benedicendi.

728 5064 864 5147 Accipite
885 5074 915 5130 et
936 5065 1026 5130 bibite
1047 5089 1087 5130 ec
1109 5088 1145 5132 eo
1166 5088 1222 5132 cos
1236 5089 1348 5152 omnes,
1371 5071 1617 5134 inremissionem
1626 5078 1823 5150 'peccatoram
1837 5080 1866 5134 et
1879 5074 1973 5135 citam
1987 5080 2091 5134 oeter-
