4712 6032
721 513 799 606 ‘248
1224 527 1584 604 LlTURGlA

721 721 880 792 materiae
907 726 1084 812 eapertes,
1113 724 1250 787 naturae
1276 713 1353 786 illae
1379 713 1613 800 absconditae,
1640 723 1674 784 et
1700 713 1796 803 ignes
1823 713 1969 806 superui,
1997 733 2090 783 con-1

719 832 934 930 templatione
959 844 1014 904 tua
1041 831 1152 902 divina
1177 839 1337 926 perpetua
1365 831 1584 918 delectantur,
1611 839 1646 901 et
1663 852 1683 900 a
1702 837 1736 900 ιι
1755 831 1955 924 proveniunt
1977 831 2089 902 omnio

721 950 845 1023 auxilia
871 947 934 1020 illis
961 950 1015 1042 qui
1042 945 1083 1019 ad
1110 949 1288 1038 imaginem
1314 957 1401 1019 tuam
1427 951 1555 1039 regiam
1584 969 1630 1018 ex
1655 945 1784 1016 illorum
1811 966 1967 1034 numero,
1990 947 2088 1036 juxta

720 1067 753 1138 id
781 1064 869 1160 quod
895 1065 954 1136 tibi
981 1063 1137 1160 placitum
1163 1072 1234 1152 est,
1262 1067 1365 1136 creati
1391 1075 1475 1135 sunt

824 1181 973 1252 Eleaaaa
997 1202 1123 1251 uocem.
1175 1180 1298 1250 Pacem
1325 1180 1474 1252 concede
1499 1203 1561 1274 per
1578 1176 1839 1250 misericordiam
1865 1188 1954 1249 tuam
1973 1180 2087 1269 regnis

637 1345 641 1357 .
720 1299 878 1386 Domine,
904 1308 940 1369 ut
964 1319 1027 1370 nos
1054 1316 1240 1392 pauperae,
1272 1300 1306 1367 in
1339 1295 1573 1390 tranquillitate
1598 1299 1768 1368 vivamus:
1803 1292 1945 1366 benedic
1976 1315 2087 1364 revo-

720 1413 836 1486 lutioni
870 1436 1030 1486 annorum
1061 1432 1122 1506 per
1155 1411 1320 1483 circulum.
1380 1412 1560 1485 Foecundu
1592 1411 1668 1483 illos
1702 1409 1835 1506 pluvia,
1871 1430 1968 1497 rore,
2000 1413 2089 1482 aeris

722 1535 882 1627 temperie
909 1541 942 1602 ιι
976 1533 1172 1618 serenitate,
1205 1527 1421 1625 omnibusque
1447 1528 1604 1600 iructibus
1630 1525 1913 1603 benedictionum,
1947 1529 2023 1620 quia
2055 1536 2090 1597 tu

723 1646 808 1721 altor
833 1646 951 1734 bonne,
979 1649 1094 1720 suavis
1122 1655 1155 1717 et
1181 1649 1373 1719 misericors
1392 1667 1442 1734 es,
1461 1642 1689 1739 bonorumque
1715 1643 1858 1716 omnium
1878 1640 2028 1733 largitor,
2056 1649 2089 1712 et

722 1762 780 1835 tibi
806 1762 944 1855 gloriam
972 1772 1008 1835 et
1033 1761 1163 1858 laudem
1190 1761 1384 1836 reseremus.

829 1878 989 1972 Populus.
1041 1879 1161 1952 Amen.

825 1994 998 2067 Sacerdos
1024 1995 1235 2066 iacliaatm.'
1267 1993 1434 2066 Memento
1460 1991 1603 2065 Domine
1638 1993 1921 2081 Patriarcbarum,
1954 1989 2087 2061 Putrum

723 2121 930 2201 sanctorum,
956 2111 1211 2207 Prophetarum,
1237 2108 1496 2205 Apostolomm,
1529 2109 1816 2197 Praedicatorum,
1842 2105 2089 2199 Evangelista-

723 2251 817 2319 rum,
849 2228 1053 2323 Martyrum,
1090 2225 1394 2320 confessorumque
1425 2235 1624 2298 sanctorum.
1676 2228 1862 2321 Praecipue
1889 2247 1974 2298 vero
2002 2246 2089 2298 san-

724 2354 810 2435 ctae,
846 2354 880 2416 ιι
911 2342 1082 2436 gloriosae
1114 2364 1248 2438 semper
1267 2341 1426 2433 ,Virginis
1457 2342 1583 2414 Beatae
1617 2342 1762 2431 Mariae3
1799 2355 1832 2415 et
1866 2341 1904 2413 B.
1936 2341 2088 2426 loannis,

723 2461 845 2549 nuncii,
871 2459 1055 2555 Baptistae,
1082 2461 1325 2554 praecursoris,
1352 2468 1386 2529 ιι
1411 2454 1662 2553 desponsatoris
1689 2458 1864 2531 Ecclesiae
1898 2469 1975 2529 tuae
2002 2478 2090 2529 san-

724 2588 819 2664 etae;
847 2584 881 2646 ot
905 2577 1012 2646 sancti
1037 2573 1244 2669 gloriosique
1270 2573 1428 2667 Stephani
1460 2577 1618 2670 principis
1644 2577 1869 2649 Diaconorum
1906 2583 1940 2644 et
1966 2581 2089 2669 proto-

724 2694 894 2787 martyris,
922 2693 1131 2786 omniumque
1157 2694 1212 2787 qui
1239 2690 1432 2786 placuerunt
1466 2694 1589 2762 nomini
1621 2702 1677 2766 tuo
1704 2702 1739 2763 et
1769 2703 1803 2764 ιι
1829 2689 1978 2764 confessi
2004 2699 2089 2762 sunt

829 2807 977 2877 Elaeam
1001 2828 1127 2878 vocem.
1160 2806 1302 2879 Domine
1326 2807 1470 2878 Domine
1486 2810 1704 2893 sanctissime,
1733 2819 1766 2881 ιι
1793 2810 1848 2902 qui
1874 2806 1966 2880 solus
1982 2803 2090 2877 bonus

724 2946 775 3013 es,
802 2926 856 3020 qui
882 2946 903 2994 a
928 2922 1118 3015 legionibus
1143 2925 1230 3015 ignis
1258 2933 1292 2994 ιι
1318 2926 1451 3018 spiritus
1484 2935 1574 2996 motu
1608 2946 1731 3016 magno
1759 2921 1949 2995 terribiliter
1975 2922 2090 2994 bene-

726 3040 859 3128 diceris,
885 3047 920 3110 et
944 3037 1169 3128 sanctificaris,
1195 3060 1325 3133 nosque
1350 3037 1496 3112 infirmos
1524 3047 1557 3110 et
1583 3049 1734 3112 terrenos
1761 3039 1925 3132 'dignatus
1960 3059 1998 3108 es
2026 3059 2089 3109 sa-

725 3154 886 3229 cerdotali
911 3177 1059 3245 munere,
1085 3177 1152 3228 non
1179 3154 1267 3250 quod
1303 3155 1393 3248 digni
1420 3177 1592 3240 essemuS,
1628 3156 1670 3229 ad
1702 3158 1895 3253 mysterium
1920 3153 1986 3224 boe
2011 3175 2090 3224 ma-

587 3374 610 3388 n
673 3359 677 3364 Ι
726 3291 826 3362 gnum
853 3282 887 3343 et
912 3271 1060 3344 eoeleste
1079 3271 1277 3344 accedendi:
1305 3271 1365 3344 sed
1390 3293 1454 3366 per
1467 3275 1699 3346 miserationes
1727 3281 1812 3358 tuas,
1840 3292 1900 3344 eos
1928 3273 1983 3364 qui
2011 3291 2030 3340 a
2056 3279 2091 3340 te

726 3392 1014 3478 cognominantur,
1039 3411 1102 3461 nos
1129 3390 1273 3483 inquam,
1301 3388 1420 3480 dignos
1447 3388 1565 3476 iecisti,
1591 3389 1648 3462 illo
1676 3389 1765 3484 quod
1791 3387 1983 3460 desiderant
2010 3387 2090 3458 An-

726 3502 794 3594 geli
820 3507 1029 3600 prospicere:
1063 3507 1212 3599 quumvis
1248 3502 1415 3600 multiplici
1452 3516 1665 3600 peccatorum
1698 3527 1824 3598 genere
1859 3502 2022 3598 impliciti,
2056 3511 2091 3572 et

727 3642 748 3690 a
775 3623 966 3710 cognitione
977 3641 1061 3692 vera
1078 3619 1258 3691 diuinitatis
1285 3629 1361 3690 tuae
1387 3618 1487 3693 alieni
1513 3619 1593 3693 lacti
1616 3621 1793 3710 fuerimus;
1821 3619 1863 3692 ad
1890 3618 2030 3692 dilectos
2057 3628 2113 3698 ιιι

728 3733 847 3826 dignos
875 3738 930 3830 qui
956 3734 1197 3807 intercedentes
1225 3738 1454 3831 suscipiantur,
1482 3737 1691 3825 accedimus;
1718 3759 1834 3810 omnes
1850 3735 1976 3808 scilicet
2002 3755 2087 3806 san-

728 3860 820 3940 ctos,
855 3854 910 3946 qui
936 3875 955 3923 a
983 3851 1117 3924 saeculo
1145 3849 1203 3922 tibi
1230 3850 1437 3946 placuerunt,
1465 3855 1520 3948 qui
1555 3857 1588 3923 in
1613 3850 1800 3943 laboribus,
1829 3851 2024 3940 sudoribus,
2057 3859 2091 3920 et

728 3971 895 4039 aerumnis
920 3987 1049 4059 agones
1073 3988 1153 4040 suos
1179 3965 1404 4062 perfecerunt:
1431 3979 1466 4040 ut
1497 3971 1754 4062 perorationes
1781 3990 1896 4040 eorum
1924 3975 2089 4063 acceptu-

727 4081 812 4155 biles
839 4081 978 4179 laqueos
1004 4086 1135 4178 peccati
1161 4081 1305 4155 anobis
1333 4082 1460 4170 solvas,
1488 4093 1522 4154 ιι
1547 4107 1566 4156 a
1595 4084 1766 4180 decipulis,
1791 4085 1918 4178 laqueis
1935 4091 1969 4153 et
1983 4103 2089 4153 scun-

728 4197 812 4270 dalis
837 4197 954 4274 bituris
980 4222 1042 4294 per
1068 4207 1101 4272 te
1126 4196 1325 4288 liberemur;
1360 4209 1395 4270 ut
1427 4199 1591 4272 cumillis
1624 4211 1658 4272 et
1687 4204 1773 4274 inter
1804 4199 1896 4288 illos,
1930 4209 1964 4269 ιι
1991 4201 2088 4291 juxta

727 4313 803 4386 illos
830 4317 864 4386 in
890 4313 1075 4407 agminibus
1102 4336 1228 4403 eorum,
1255 4314 1439 4388 referamus
1466 4313 1524 4388 tibi
1551 4317 1703 4409 gloriam.

832 4431 991 4526 Populum
1047 4431 1167 4504 Amen.

833 4547 1008 4620 Sacerdos
1033 4549 1222 4621 inclinatas.
1274 4548 1441 4620 Memento
1469 4529 1623 4637 Domine,
1649 4546 1779 4619 illorum
1803 4550 1858 4642 qui
1884 4549 2022 4642 propius
2048 4543 2091 4615 ad

730 4666 838 4737 Deum
866 4663 1037 4754 accedunt,
1064 4674 1098 4736 et
1122 4687 1179 4736 res
1205 4665 1335 4737 diuinas
1361 4668 1554 4737 enunciant:
1581 4663 1710 4737 illorum
1737 4668 1793 4759 qui
1818 4663 2004 4749 dresaurus,
2031 4660 2088 4732 lu-

730 4802 808 4851 men
841 4789 875 4852 et
905 4779 1151 4853 fundamentum
1185 4780 1361 4854 Ecclesiae
1387 4790 1480 4868 sunt,
1512 4782 1710 4867 Doctorum,
1737 4778 1795 4852 vel
1820 4803 1934 4852 curam
1959 4778 2093 4851 baben·-

730 4897 809 4968 tium
836 4901 950 4990 gregis
978 4901 1023 4968 tui
1048 4897 1239 4986 rationalis,
1276 4907 1310 4970 et
1340 4895 1470 4969 illomm
1503 4901 1557 4991 qui
1584 4900 1639 4993 pie
1665 4905 1831 4992 paverunt
1863 4906 1896 4966 et
1922 4903 2095 4983 rexemnt,

730 5035 817 5086 oves
844 5021 948 5086 ιιιιιιι
975 5015 1136 5106 sanguine
1162 5018 1311 5110 pretioso
1333 5015 1492 5106 unigeniti
1513 5013 1588 5086 Filii
1614 5015 1680 5104 tui3
1708 5017 1763 5108 qui
1790 5036 1810 5085 a
1837 5009 1966 5086 Jacobo
1993 5013 2093 5107 prin·
