<?xml version="1.0" encoding="UTF-8"?>
<!DOCTYPE html PUBLIC "-//W3C//DTD XHTML 1.0 Transitional//EN"
    "http://www.w3.org/TR/xhtml1/DTD/xhtml1-transitional.dtd">
<html xmlns="http://www.w3.org/1999/xhtml" xml:lang="en" lang="en">
 <head>
  <title>
</title>
<meta http-equiv="Content-Type" content="text/html;charset=utf-8" />
  <meta name='ocr-system' content='tesseract 3.04.00' />
  <meta name='ocr-capabilities' content='ocr_page ocr_carea ocr_par ocr_line ocrx_word'/>
</head>
<body>
  <div class='ocr_page' id='page_1' title='image "./liturgiarumorie04renagoog_0594.png"; bbox 0 0 4814 6060; ppageno 0'>
   <div class='ocr_carea' id='block_1_1' title="bbox 507 1095 1640 1414">
    <p class='ocr_par' dir='ltr' id='par_1_1' title="bbox 507 1095 1640 1414">
     <span class='ocr_line' id='line_1_1' title="bbox 507 1095 1640 1215; baseline 0 -24"><span class='ocrx_word' id='word_1_1' title='bbox 507 1101 572 1192; x_wconf 85' lang='lat' dir='ltr'>m</span> <span class='ocrx_word' id='word_1_2' title='bbox 613 1096 997 1190; x_wconf 77' lang='lat' dir='ltr'>rurunarnn</span> <span class='ocrx_word' id='word_1_3' title='bbox 1042 1095 1305 1215; x_wconf 74' lang='lat' dir='ltr'>unsrun</span> <span class='ocrx_word' id='word_1_4' title='bbox 1352 1096 1386 1189; x_wconf 83' lang='lat' dir='ltr'>n</span> <span class='ocrx_word' id='word_1_5' title='bbox 1433 1097 1640 1192; x_wconf 78' lang='lat' dir='ltr'>nasio</span> 
     </span>
     <span class='ocr_line' id='line_1_2' title="bbox 902 1314 1252 1414; baseline -0.003 -22"><span class='ocrx_word' id='word_1_6' title='bbox 902 1314 1252 1414; x_wconf 72' lang='lat' dir='ltr'>mmvmmnn</span> 
     </span>
    </p>
   </div>
   <div class='ocr_carea' id='block_1_2' title="bbox 735 1522 1413 1644">
    <p class='ocr_par' dir='ltr' id='par_1_2' title="bbox 735 1522 1413 1644">
     <span class='ocr_line' id='line_1_3' title="bbox 735 1522 1413 1644; baseline -0.001 -1"><span class='ocrx_word' id='word_1_7' title='bbox 735 1522 1413 1644; x_wconf 68' lang='lat' dir='ltr'>constituturus</span> 
     </span>
    </p>
   </div>
   <div class='ocr_carea' id='block_1_3' title="bbox 485 1815 1765 1910">
    <p class='ocr_par' dir='ltr' id='par_1_3' title="bbox 485 1815 1765 1910">
     <span class='ocr_line' id='line_1_4' title="bbox 485 1815 1765 1910; baseline -0.002 -20"><span class='ocrx_word' id='word_1_8' title='bbox 485 1815 626 1910; x_wconf 79' lang='lat' dir='ltr'>annvrs</span> <span class='ocrx_word' id='word_1_9' title='bbox 658 1843 698 1888; x_wconf 86' lang='lat' dir='ltr'>ex</span> <span class='ocrx_word' id='word_1_10' title='bbox 728 1825 841 1888; x_wconf 77' lang='lat' dir='ltr'>autcms</span> <span class='ocrx_word' id='word_1_11' title='bbox 870 1826 1006 1908; x_wconf 88' lang='lat' dir='ltr'>nornine,</span> <span class='ocrx_word' id='word_1_12' title='bbox 1038 1827 1118 1908; x_wconf 84' lang='lat' dir='ltr'>quod</span> <span class='ocrx_word' id='word_1_13' title='bbox 1141 1827 1210 1890; x_wconf 91' lang='lat' dir='ltr'>huic</span> <span class='ocrx_word' id='word_1_14' title='bbox 1232 1827 1388 1910; x_wconf 87' lang='lat' dir='ltr'>Liturgiae</span> <span class='ocrx_word' id='word_1_15' title='bbox 1410 1825 1577 1908; x_wconf 80' lang='lat' dir='ltr'>praefixum</span> <span class='ocrx_word' id='word_1_16' title='bbox 1602 1833 1667 1904; x_wconf 89' lang='lat' dir='ltr'>est,</span> <span class='ocrx_word' id='word_1_17' title='bbox 1698 1825 1765 1888; x_wconf 88' lang='lat' dir='ltr'>aliis</span> 
     </span>
    </p>
   </div>
   <div class='ocr_carea' id='block_1_4' title="bbox 388 1927 1767 4377">
    <p class='ocr_par' dir='ltr' id='par_1_4' title="bbox 388 1927 1767 3669">
     <span class='ocr_line' id='line_1_5' title="bbox 389 1927 1765 2012; baseline -0.004 -15"><span class='ocrx_word' id='word_1_18' title='bbox 389 1929 609 1996; x_wconf 89' lang='lat' dir='ltr'>recentioribus</span> <span class='ocrx_word' id='word_1_19' title='bbox 632 1930 780 2010; x_wconf 79' lang='lat' dir='ltr'><strong>praeponi</strong></span> <span class='ocrx_word' id='word_1_20' title='bbox 802 1928 853 1992; x_wconf 90' lang='lat' dir='ltr'>illa</span> <span class='ocrx_word' id='word_1_21' title='bbox 877 1929 1041 2008; x_wconf 76' lang='lat' dir='ltr'>debuisset,</span> <span class='ocrx_word' id='word_1_22' title='bbox 1066 1932 1148 2012; x_wconf 85' lang='lat' dir='ltr'>juxta</span> <span class='ocrx_word' id='word_1_23' title='bbox 1170 1929 1341 1993; x_wconf 76' lang='lat' dir='ltr'><strong>methodum</strong></span> <span class='ocrx_word' id='word_1_24' title='bbox 1356 1947 1445 2010; x_wconf 89' lang='lat' dir='ltr'>quam</span> <span class='ocrx_word' id='word_1_25' title='bbox 1460 1929 1491 1991; x_wconf 92' lang='lat' dir='ltr'>in</span> <span class='ocrx_word' id='word_1_26' title='bbox 1504 1929 1561 1992; x_wconf 89' lang='lat' dir='ltr'>hac</span> <span class='ocrx_word' id='word_1_27' title='bbox 1577 1927 1765 1992; x_wconf 76' lang='lat' dir='ltr'>collectione</span> 
     </span>
     <span class='ocr_line' id='line_1_6' title="bbox 388 2025 1765 2108; baseline -0.004 -13"><span class='ocrx_word' id='word_1_28' title='bbox 388 2030 592 2105; x_wconf 76' lang='lat' dir='ltr'>servavimus,</span> <span class='ocrx_word' id='word_1_29' title='bbox 620 2028 689 2108; x_wconf 90' lang='lat' dir='ltr'>quia</span> <span class='ocrx_word' id='word_1_30' title='bbox 711 2035 812 2091; x_wconf 89' lang='lat' dir='ltr'>tamen</span> <span class='ocrx_word' id='word_1_31' title='bbox 834 2029 914 2092; x_wconf 91' lang='lat' dir='ltr'>edita</span> <span class='ocrx_word' id='word_1_32' title='bbox 937 2029 1048 2093; x_wconf 89' lang='lat' dir='ltr'>dodum</span> <span class='ocrx_word' id='word_1_33' title='bbox 1077 2029 1178 2092; x_wconf 89' lang='lat' dir='ltr'>versio</span> <span class='ocrx_word' id='word_1_34' title='bbox 1208 2028 1287 2092; x_wconf 88' lang='lat' dir='ltr'>iltius</span> <span class='ocrx_word' id='word_1_35' title='bbox 1316 2025 1415 2090; x_wconf 85' lang='lat' dir='ltr'>iuerat</span> <span class='ocrx_word' id='word_1_36' title='bbox 1449 2047 1467 2091; x_wconf 88' lang='lat' dir='ltr'>a</span> <span class='ocrx_word' id='word_1_37' title='bbox 1494 2030 1561 2091; x_wconf 90' lang='lat' dir='ltr'>viro</span> <span class='ocrx_word' id='word_1_38' title='bbox 1590 2027 1765 2091; x_wconf 90' lang='lat' dir='ltr'>doctissimo</span> 
     </span>
     <span class='ocr_line' id='line_1_7' title="bbox 389 2125 1766 2210; baseline -0.004 -16"><span class='ocrx_word' id='word_1_39' title='bbox 389 2130 514 2194; x_wconf 82' lang='lat' dir='ltr'>Andrea</span> <span class='ocrx_word' id='word_1_40' title='bbox 527 2127 634 2204; x_wconf 90' lang='lat' dir='ltr'>llasio,</span> <span class='ocrx_word' id='word_1_41' title='bbox 658 2145 725 2189; x_wconf 92' lang='lat' dir='ltr'>eam</span> <span class='ocrx_word' id='word_1_42' title='bbox 747 2126 873 2208; x_wconf 89' lang='lat' dir='ltr'>reliquis</span> <span class='ocrx_word' id='word_1_43' title='bbox 896 2127 1113 2209; x_wconf 84' lang='lat' dir='ltr'>subjiciendam</span> <span class='ocrx_word' id='word_1_44' title='bbox 1133 2127 1341 2210; x_wconf 86' lang='lat' dir='ltr'>judicavimus.</span> <span class='ocrx_word' id='word_1_45' title='bbox 1370 2125 1409 2188; x_wconf 93' lang='lat' dir='ltr'>Ut</span> <span class='ocrx_word' id='word_1_46' title='bbox 1421 2127 1462 2190; x_wconf 89' lang='lat' dir='ltr'>ita</span> <span class='ocrx_word' id='word_1_47' title='bbox 1473 2125 1641 2190; x_wconf 84' lang='lat' dir='ltr'>laceremus</span> <span class='ocrx_word' id='word_1_48' title='bbox 1654 2142 1766 2188; x_wconf 89' lang='lat' dir='ltr'>causae</span> 
     </span>
     <span class='ocr_line' id='line_1_8' title="bbox 388 2223 1765 2310; baseline -0.004 -19"><span class='ocrx_word' id='word_1_49' title='bbox 388 2227 578 2310; x_wconf 88' lang='lat' dir='ltr'>potissimum</span> <span class='ocrx_word' id='word_1_50' title='bbox 608 2224 686 2288; x_wconf 88' lang='lat' dir='ltr'>duae</span> <span class='ocrx_word' id='word_1_51' title='bbox 714 2224 844 2289; x_wconf 86' lang='lat' dir='ltr'>fuerunt.</span> <span class='ocrx_word' id='word_1_52' title='bbox 897 2227 994 2290; x_wconf 90' lang='lat' dir='ltr'>Prima</span> <span class='ocrx_word' id='word_1_53' title='bbox 1022 2235 1070 2290; x_wconf 88' lang='lat' dir='ltr'>est</span> <span class='ocrx_word' id='word_1_54' title='bbox 1100 2226 1182 2309; x_wconf 92' lang='lat' dir='ltr'>quod</span> <span class='ocrx_word' id='word_1_55' title='bbox 1214 2233 1297 2288; x_wconf 85' lang='lat' dir='ltr'>extat</span> <span class='ocrx_word' id='word_1_56' title='bbox 1326 2225 1356 2286; x_wconf 93' lang='lat' dir='ltr'>in</span> <span class='ocrx_word' id='word_1_57' title='bbox 1385 2226 1572 2306; x_wconf 83' lang='lat' dir='ltr'>paucissimis</span> <span class='ocrx_word' id='word_1_58' title='bbox 1604 2223 1765 2288; x_wconf 88' lang='lat' dir='ltr'>Codiclbus</span> 
     </span>
     <span class='ocr_line' id='line_1_9' title="bbox 389 2322 1766 2408; baseline -0.002 -20"><span class='ocrx_word' id='word_1_59' title='bbox 389 2323 600 2406; x_wconf 80' lang='lat' dir='ltr'>manuscriptis</span> <span class='ocrx_word' id='word_1_60' title='bbox 622 2322 699 2386; x_wconf 88' lang='lat' dir='ltr'>haec</span> <span class='ocrx_word' id='word_1_61' title='bbox 720 2323 873 2406; x_wconf 79' lang='lat' dir='ltr'>liturgia,</span> <span class='ocrx_word' id='word_1_62' title='bbox 894 2326 935 2388; x_wconf 89' lang='lat' dir='ltr'>ita</span> <span class='ocrx_word' id='word_1_63' title='bbox 957 2335 991 2388; x_wconf 92' lang='lat' dir='ltr'>ut</span> <span class='ocrx_word' id='word_1_64' title='bbox 1012 2345 1069 2408; x_wconf 88' lang='lat' dir='ltr'>per</span> <span class='ocrx_word' id='word_1_65' title='bbox 1091 2343 1187 2389; x_wconf 88' lang='lat' dir='ltr'>annos</span> <span class='ocrx_word' id='word_1_66' title='bbox 1210 2324 1320 2387; x_wconf 86' lang='lat' dir='ltr'>multos</span> <span class='ocrx_word' id='word_1_67' title='bbox 1343 2322 1455 2388; x_wconf 90' lang='lat' dir='ltr'>lrnstra</span> <span class='ocrx_word' id='word_1_68' title='bbox 1478 2344 1495 2387; x_wconf 92' lang='lat' dir='ltr'>a</span> <span class='ocrx_word' id='word_1_69' title='bbox 1517 2325 1605 2388; x_wconf 91' lang='lat' dir='ltr'>nobis</span> <span class='ocrx_word' id='word_1_70' title='bbox 1628 2325 1766 2406; x_wconf 88' lang='lat' dir='ltr'>quaesita</span> 
     </span>
     <span class='ocr_line' id='line_1_10' title="bbox 389 2421 1767 2508; baseline -0.005 -17"><span class='ocrx_word' id='word_1_71' title='bbox 389 2426 489 2503; x_wconf 85' lang='lat' dir='ltr'>luerit,</span> <span class='ocrx_word' id='word_1_72' title='bbox 506 2428 636 2508; x_wconf 86' lang='lat' dir='ltr'>reperta</span> <span class='ocrx_word' id='word_1_73' title='bbox 659 2421 778 2484; x_wconf 89' lang='lat' dir='ltr'>tandem</span> <span class='ocrx_word' id='word_1_74' title='bbox 799 2424 830 2485; x_wconf 90' lang='lat' dir='ltr'>in</span> <span class='ocrx_word' id='word_1_75' title='bbox 854 2425 977 2505; x_wconf 89' lang='lat' dir='ltr'>optimo,</span> <span class='ocrx_word' id='word_1_76' title='bbox 1001 2432 1032 2487; x_wconf 92' lang='lat' dir='ltr'>et</span> <span class='ocrx_word' id='word_1_77' title='bbox 1054 2425 1127 2487; x_wconf 89' lang='lat' dir='ltr'>satis</span> <span class='ocrx_word' id='word_1_78' title='bbox 1150 2431 1271 2487; x_wconf 89' lang='lat' dir='ltr'>vetusto</span> <span class='ocrx_word' id='word_1_79' title='bbox 1295 2421 1409 2486; x_wconf 88' lang='lat' dir='ltr'>Codice</span> <span class='ocrx_word' id='word_1_80' title='bbox 1427 2422 1613 2488; x_wconf 84' lang='lat' dir='ltr'>colbertino.</span> <span class='ocrx_word' id='word_1_81' title='bbox 1652 2421 1711 2486; x_wconf 89' lang='lat' dir='ltr'>Sed</span> <span class='ocrx_word' id='word_1_82' title='bbox 1734 2421 1767 2484; x_wconf 92' lang='lat' dir='ltr'>in</span> 
     </span>
     <span class='ocr_line' id='line_1_11' title="bbox 389 2519 1766 2605; baseline -0.004 -18"><span class='ocrx_word' id='word_1_83' title='bbox 389 2523 498 2587; x_wconf 94' lang='lat' dir='ltr'>eodem</span> <span class='ocrx_word' id='word_1_84' title='bbox 528 2539 589 2584; x_wconf 93' lang='lat' dir='ltr'>non</span> <span class='ocrx_word' id='word_1_85' title='bbox 619 2519 676 2584; x_wconf 93' lang='lat' dir='ltr'>soli</span> <span class='ocrx_word' id='word_1_86' title='bbox 704 2520 817 2585; x_wconf 88' lang='lat' dir='ltr'>Basilio</span> <span class='ocrx_word' id='word_1_87' title='bbox 850 2524 1007 2605; x_wconf 85' lang='lat' dir='ltr'>tribuitur,</span> <span class='ocrx_word' id='word_1_88' title='bbox 1039 2531 1072 2587; x_wconf 87' lang='lat' dir='ltr'>ut</span> <span class='ocrx_word' id='word_1_89' title='bbox 1101 2526 1131 2586; x_wconf 91' lang='lat' dir='ltr'>in</span> <span class='ocrx_word' id='word_1_90' title='bbox 1162 2540 1199 2587; x_wconf 89' lang='lat' dir='ltr'>eo</span> <span class='ocrx_word' id='word_1_91' title='bbox 1223 2539 1312 2604; x_wconf 89' lang='lat' dir='ltr'>quem</span> <span class='ocrx_word' id='word_1_92' title='bbox 1333 2521 1447 2584; x_wconf 83' lang='lat' dir='ltr'>Masius</span> <span class='ocrx_word' id='word_1_93' title='bbox 1470 2531 1594 2586; x_wconf 89' lang='lat' dir='ltr'>secutus</span> <span class='ocrx_word' id='word_1_94' title='bbox 1617 2530 1681 2599; x_wconf 87' lang='lat' dir='ltr'>est,</span> <span class='ocrx_word' id='word_1_95' title='bbox 1710 2519 1766 2584; x_wconf 91' lang='lat' dir='ltr'>sed</span> 
     </span>
     <span class='ocr_line' id='line_1_12' title="bbox 390 2620 1766 2714; baseline -0.002 -29"><span class='ocrx_word' id='word_1_96' title='bbox 390 2621 541 2706; x_wconf 81' lang='lat' dir='ltr'>Gregorio</span> <span class='ocrx_word' id='word_1_97' title='bbox 565 2620 723 2702; x_wconf 84' lang='lat' dir='ltr'>Theologo</span> <span class='ocrx_word' id='word_1_98' title='bbox 747 2621 942 2704; x_wconf 88' lang='lat' dir='ltr'>conjunctim:</span> <span class='ocrx_word' id='word_1_99' title='bbox 973 2622 1055 2704; x_wconf 90' lang='lat' dir='ltr'>qnod</span> <span class='ocrx_word' id='word_1_100' title='bbox 1075 2623 1257 2714; x_wconf 85' lang='lat' dir='ltr'>observatur</span> <span class='ocrx_word' id='word_1_101' title='bbox 1279 2620 1369 2684; x_wconf 92' lang='lat' dir='ltr'>etiam</span> <span class='ocrx_word' id='word_1_102' title='bbox 1391 2621 1421 2682; x_wconf 94' lang='lat' dir='ltr'>in</span> <span class='ocrx_word' id='word_1_103' title='bbox 1444 2622 1536 2684; x_wconf 89' lang='lat' dir='ltr'>variis</span> <span class='ocrx_word' id='word_1_104' title='bbox 1559 2621 1597 2684; x_wconf 91' lang='lat' dir='ltr'>de</span> <span class='ocrx_word' id='word_1_105' title='bbox 1616 2622 1687 2702; x_wconf 89' lang='lat' dir='ltr'>jure</span> <span class='ocrx_word' id='word_1_106' title='bbox 1709 2639 1766 2683; x_wconf 88' lang='lat' dir='ltr'>re-</span> 
     </span>
     <span class='ocr_line' id='line_1_13' title="bbox 388 2717 1764 2801; baseline -0.001 -19"><span class='ocrx_word' id='word_1_107' title='bbox 388 2718 510 2799; x_wconf 82' lang='lat' dir='ltr'>sponsis</span> <span class='ocrx_word' id='word_1_108' title='bbox 532 2717 772 2799; x_wconf 85' lang='lat' dir='ltr'>Ecolesiastiois,</span> <span class='ocrx_word' id='word_1_109' title='bbox 802 2737 880 2801; x_wconf 84' lang='lat' dir='ltr'>qnae</span> <span class='ocrx_word' id='word_1_110' title='bbox 903 2722 1010 2785; x_wconf 90' lang='lat' dir='ltr'>iisdem</span> <span class='ocrx_word' id='word_1_111' title='bbox 1032 2721 1255 2785; x_wconf 89' lang='lat' dir='ltr'>adscribuntur.</span> <span class='ocrx_word' id='word_1_112' title='bbox 1301 2718 1408 2782; x_wconf 85' lang='lat' dir='ltr'>Altera</span> <span class='ocrx_word' id='word_1_113' title='bbox 1431 2737 1522 2784; x_wconf 91' lang='lat' dir='ltr'>causa</span> <span class='ocrx_word' id='word_1_114' title='bbox 1545 2719 1600 2782; x_wconf 83' lang='lat' dir='ltr'>tuit</span> <span class='ocrx_word' id='word_1_115' title='bbox 1621 2727 1656 2782; x_wconf 94' lang='lat' dir='ltr'>ut</span> <span class='ocrx_word' id='word_1_116' title='bbox 1677 2721 1764 2782; x_wconf 89' lang='lat' dir='ltr'>istam</span> 
     </span>
     <span class='ocr_line' id='line_1_14' title="bbox 388 2815 1765 2902; baseline -0.001 -22"><span class='ocrx_word' id='word_1_117' title='bbox 388 2817 516 2880; x_wconf 86' lang='lat' dir='ltr'>seorsim</span> <span class='ocrx_word' id='word_1_118' title='bbox 546 2816 721 2897; x_wconf 86' lang='lat' dir='ltr'>ederemus,</span> <span class='ocrx_word' id='word_1_119' title='bbox 753 2826 784 2881; x_wconf 87' lang='lat' dir='ltr'>et</span> <span class='ocrx_word' id='word_1_120' title='bbox 813 2838 854 2882; x_wconf 88' lang='lat' dir='ltr'>ex</span> <span class='ocrx_word' id='word_1_121' title='bbox 879 2815 966 2884; x_wconf 86' lang='lat' dir='ltr'>lilasii</span> <span class='ocrx_word' id='word_1_122' title='bbox 995 2822 1155 2895; x_wconf 83' lang='lat' dir='ltr'>versione3</span> <span class='ocrx_word' id='word_1_123' title='bbox 1183 2819 1254 2901; x_wconf 89' lang='lat' dir='ltr'>quia</span> <span class='ocrx_word' id='word_1_124' title='bbox 1282 2818 1405 2881; x_wconf 87' lang='lat' dir='ltr'>labores</span> <span class='ocrx_word' id='word_1_125' title='bbox 1428 2833 1607 2902; x_wconf 89' lang='lat' dir='ltr'>magnomm</span> <span class='ocrx_word' id='word_1_126' title='bbox 1629 2819 1765 2883; x_wconf 90' lang='lat' dir='ltr'>virorum</span> 
     </span>
     <span class='ocr_line' id='line_1_15' title="bbox 388 2916 1765 2999; baseline 0 -22"><span class='ocrx_word' id='word_1_127' title='bbox 388 2933 445 2996; x_wconf 89' lang='lat' dir='ltr'>per</span> <span class='ocrx_word' id='word_1_128' title='bbox 468 2933 545 2996; x_wconf 89' lang='lat' dir='ltr'>quos</span> <span class='ocrx_word' id='word_1_129' title='bbox 568 2916 770 2998; x_wconf 87' lang='lat' dir='ltr'>proiecimus,</span> <span class='ocrx_word' id='word_1_130' title='bbox 794 2918 932 2980; x_wconf 89' lang='lat' dir='ltr'>revereri</span> <span class='ocrx_word' id='word_1_131' title='bbox 954 2918 1071 2998; x_wconf 90' lang='lat' dir='ltr'>potius,</span> <span class='ocrx_word' id='word_1_132' title='bbox 1096 2936 1185 2999; x_wconf 88' lang='lat' dir='ltr'>quam</span> <span class='ocrx_word' id='word_1_133' title='bbox 1206 2917 1396 2997; x_wconf 88' lang='lat' dir='ltr'>supprimere</span> <span class='ocrx_word' id='word_1_134' title='bbox 1418 2916 1581 2993; x_wconf 87' lang='lat' dir='ltr'>debemus;</span> <span class='ocrx_word' id='word_1_135' title='bbox 1611 2925 1672 2980; x_wconf 91' lang='lat' dir='ltr'>tum</span> <span class='ocrx_word' id='word_1_136' title='bbox 1696 2917 1765 2997; x_wconf 89' lang='lat' dir='ltr'>quia</span> 
     </span>
     <span class='ocr_line' id='line_1_16' title="bbox 389 3013 1765 3098; baseline 0 -22"><span class='ocrx_word' id='word_1_137' title='bbox 389 3013 542 3078; x_wconf 85' lang='lat' dir='ltr'>multoties</span> <span class='ocrx_word' id='word_1_138' title='bbox 566 3015 661 3093; x_wconf 87' lang='lat' dir='ltr'>edita,</span> <span class='ocrx_word' id='word_1_139' title='bbox 685 3014 848 3096; x_wconf 85' lang='lat' dir='ltr'>Theologis</span> <span class='ocrx_word' id='word_1_140' title='bbox 871 3014 1023 3078; x_wconf 80' lang='lat' dir='ltr'>familiaris</span> <span class='ocrx_word' id='word_1_141' title='bbox 1047 3021 1108 3093; x_wconf 89' lang='lat' dir='ltr'>est,</span> <span class='ocrx_word' id='word_1_142' title='bbox 1139 3015 1191 3096; x_wconf 92' lang='lat' dir='ltr'>qui</span> <span class='ocrx_word' id='word_1_143' title='bbox 1219 3017 1276 3076; x_wconf 91' lang='lat' dir='ltr'>nisi</span> <span class='ocrx_word' id='word_1_144' title='bbox 1306 3013 1429 3098; x_wconf 89' lang='lat' dir='ltr'>linguae</span> <span class='ocrx_word' id='word_1_145' title='bbox 1458 3017 1549 3094; x_wconf 88' lang='lat' dir='ltr'>periti</span> <span class='ocrx_word' id='word_1_146' title='bbox 1579 3016 1655 3091; x_wconf 91' lang='lat' dir='ltr'>siut,</span> <span class='ocrx_word' id='word_1_147' title='bbox 1685 3033 1765 3077; x_wconf 91' lang='lat' dir='ltr'>nova</span> 
     </span>
     <span class='ocr_line' id='line_1_17' title="bbox 390 3111 1766 3194; baseline 0.001 -20"><span class='ocrx_word' id='word_1_148' title='bbox 390 3129 484 3192; x_wconf 88' lang='lat' dir='ltr'>saepe</span> <span class='ocrx_word' id='word_1_149' title='bbox 506 3113 757 3194; x_wconf 86' lang='lat' dir='ltr'>interpretatione</span> <span class='ocrx_word' id='word_1_150' title='bbox 780 3113 1008 3175; x_wconf 88' lang='lat' dir='ltr'>conturbantur.</span> <span class='ocrx_word' id='word_1_151' title='bbox 1053 3113 1092 3175; x_wconf 87' lang='lat' dir='ltr'>Et</span> <span class='ocrx_word' id='word_1_152' title='bbox 1121 3111 1172 3174; x_wconf 88' lang='lat' dir='ltr'>illa</span> <span class='ocrx_word' id='word_1_153' title='bbox 1200 3129 1275 3175; x_wconf 90' lang='lat' dir='ltr'>sanc</span> <span class='ocrx_word' id='word_1_154' title='bbox 1298 3129 1358 3174; x_wconf 92' lang='lat' dir='ltr'>non</span> <span class='ocrx_word' id='word_1_155' title='bbox 1382 3121 1448 3174; x_wconf 87' lang='lat' dir='ltr'>erat</span> <span class='ocrx_word' id='word_1_156' title='bbox 1471 3113 1631 3175; x_wconf 90' lang='lat' dir='ltr'>admodum</span> <span class='ocrx_word' id='word_1_157' title='bbox 1653 3131 1766 3176; x_wconf 90' lang='lat' dir='ltr'>neces-</span> 
     </span>
     <span class='ocr_line' id='line_1_18' title="bbox 390 3209 1765 3292; baseline 0.001 -21"><span class='ocrx_word' id='word_1_158' title='bbox 390 3212 485 3288; x_wconf 87' lang='lat' dir='ltr'>saria,</span> <span class='ocrx_word' id='word_1_159' title='bbox 515 3229 583 3273; x_wconf 92' lang='lat' dir='ltr'>cum</span> <span class='ocrx_word' id='word_1_160' title='bbox 606 3211 717 3292; x_wconf 81' lang='lat' dir='ltr'>ultique</span> <span class='ocrx_word' id='word_1_161' title='bbox 738 3210 834 3274; x_wconf 81' lang='lat' dir='ltr'>ferme</span> <span class='ocrx_word' id='word_1_162' title='bbox 857 3210 1036 3274; x_wconf 89' lang='lat' dir='ltr'>sententiam</span> <span class='ocrx_word' id='word_1_163' title='bbox 1061 3211 1177 3292; x_wconf 83' lang='lat' dir='ltr'>Syriaci</span> <span class='ocrx_word' id='word_1_164' title='bbox 1200 3209 1321 3274; x_wconf 87' lang='lat' dir='ltr'>Codicis</span> <span class='ocrx_word' id='word_1_165' title='bbox 1344 3209 1475 3274; x_wconf 87' lang='lat' dir='ltr'>fideliter</span> <span class='ocrx_word' id='word_1_166' title='bbox 1495 3209 1609 3273; x_wconf 88' lang='lat' dir='ltr'>llasius</span> <span class='ocrx_word' id='word_1_167' title='bbox 1632 3227 1765 3291; x_wconf 82' lang='lat' dir='ltr'>expres-</span> 
     </span>
     <span class='ocr_line' id='line_1_19' title="bbox 390 3307 1766 3391; baseline 0.001 -20"><span class='ocrx_word' id='word_1_168' title='bbox 390 3310 482 3389; x_wconf 87' lang='lat' dir='ltr'>serit,</span> <span class='ocrx_word' id='word_1_169' title='bbox 515 3311 545 3372; x_wconf 93' lang='lat' dir='ltr'>in</span> <span class='ocrx_word' id='word_1_170' title='bbox 576 3311 656 3373; x_wconf 87' lang='lat' dir='ltr'>notis</span> <span class='ocrx_word' id='word_1_171' title='bbox 686 3309 829 3374; x_wconf 87' lang='lat' dir='ltr'>brevibus</span> <span class='ocrx_word' id='word_1_172' title='bbox 858 3318 889 3372; x_wconf 92' lang='lat' dir='ltr'>et</span> <span class='ocrx_word' id='word_1_173' title='bbox 917 3307 1106 3391; x_wconf 86' lang='lat' dir='ltr'>praelatione</span> <span class='ocrx_word' id='word_1_174' title='bbox 1135 3309 1294 3390; x_wconf 89' lang='lat' dir='ltr'>aliquando</span> <span class='ocrx_word' id='word_1_175' title='bbox 1324 3309 1534 3390; x_wconf 87' lang='lat' dir='ltr'>cespitaverit,</span> <span class='ocrx_word' id='word_1_176' title='bbox 1568 3308 1648 3390; x_wconf 89' lang='lat' dir='ltr'>quod</span> <span class='ocrx_word' id='word_1_177' title='bbox 1675 3309 1766 3372; x_wconf 87' lang='lat' dir='ltr'>vitari</span> 
     </span>
     <span class='ocr_line' id='line_1_20' title="bbox 389 3406 1765 3489; baseline 0 -19"><span class='ocrx_word' id='word_1_178' title='bbox 389 3408 442 3472; x_wconf 81' lang='lat' dir='ltr'>vix</span> <span class='ocrx_word' id='word_1_179' title='bbox 471 3415 609 3489; x_wconf 86' lang='lat' dir='ltr'>poterat,</span> <span class='ocrx_word' id='word_1_180' title='bbox 641 3427 708 3472; x_wconf 90' lang='lat' dir='ltr'>cum</span> <span class='ocrx_word' id='word_1_181' title='bbox 738 3425 826 3472; x_wconf 92' lang='lat' dir='ltr'>nemo</span> <span class='ocrx_word' id='word_1_182' title='bbox 858 3416 927 3471; x_wconf 88' lang='lat' dir='ltr'>ante</span> <span class='ocrx_word' id='word_1_183' title='bbox 957 3407 1039 3470; x_wconf 93' lang='lat' dir='ltr'>illum</span> <span class='ocrx_word' id='word_1_184' title='bbox 1069 3407 1211 3489; x_wconf 86' lang='lat' dir='ltr'>Syriacos</span> <span class='ocrx_word' id='word_1_185' title='bbox 1241 3409 1316 3470; x_wconf 87' lang='lat' dir='ltr'>ritus</span> <span class='ocrx_word' id='word_1_186' title='bbox 1350 3406 1574 3471; x_wconf 89' lang='lat' dir='ltr'>Eucharisticcs</span> <span class='ocrx_word' id='word_1_187' title='bbox 1608 3407 1765 3488; x_wconf 82' lang='lat' dir='ltr'>explicare</span> 
     </span>
     <span class='ocr_line' id='line_1_21' title="bbox 390 3505 1765 3590; baseline 0.001 -22"><span class='ocrx_word' id='word_1_188' title='bbox 390 3523 558 3590; x_wconf 80' lang='lat' dir='ltr'>aggressus</span> <span class='ocrx_word' id='word_1_189' title='bbox 580 3506 668 3572; x_wconf 88' lang='lat' dir='ltr'>toret.</span> <span class='ocrx_word' id='word_1_190' title='bbox 713 3505 759 3569; x_wconf 89' lang='lat' dir='ltr'>De</span> <span class='ocrx_word' id='word_1_191' title='bbox 781 3506 839 3572; x_wconf 92' lang='lat' dir='ltr'>hoc</span> <span class='ocrx_word' id='word_1_192' title='bbox 862 3515 1039 3589; x_wconf 89' lang='lat' dir='ltr'>argumento</span> <span class='ocrx_word' id='word_1_193' title='bbox 1063 3505 1181 3569; x_wconf 89' lang='lat' dir='ltr'>dicetur</span> <span class='ocrx_word' id='word_1_194' title='bbox 1203 3514 1328 3587; x_wconf 87' lang='lat' dir='ltr'>postea,</span> <span class='ocrx_word' id='word_1_195' title='bbox 1359 3505 1397 3568; x_wconf 89' lang='lat' dir='ltr'>de</span> <span class='ocrx_word' id='word_1_196' title='bbox 1425 3507 1568 3568; x_wconf 89' lang='lat' dir='ltr'>versione</span> <span class='ocrx_word' id='word_1_197' title='bbox 1596 3523 1694 3586; x_wconf 87' lang='lat' dir='ltr'>pauca</span> <span class='ocrx_word' id='word_1_198' title='bbox 1716 3505 1765 3572; x_wconf 90' lang='lat' dir='ltr'>di-</span> 
     </span>
     <span class='ocr_line' id='line_1_22' title="bbox 391 3605 588 3669; baseline 0.005 -3"><span class='ocrx_word' id='word_1_199' title='bbox 391 3605 486 3669; x_wconf 90' lang='lat' dir='ltr'>cenda</span> <span class='ocrx_word' id='word_1_200' title='bbox 509 3612 588 3668; x_wconf 90' lang='lat' dir='ltr'>sunt.</span> 
     </span>
    </p>

    <p class='ocr_par' dir='ltr' id='par_1_5' title="bbox 390 3701 1765 4377">
     <span class='ocr_line' id='line_1_23' title="bbox 477 3701 1765 3784; baseline 0.001 -20"><span class='ocrx_word' id='word_1_201' title='bbox 477 3701 510 3765; x_wconf 93' lang='lat' dir='ltr'>ln</span> <span class='ocrx_word' id='word_1_202' title='bbox 533 3703 628 3766; x_wconf 88' lang='lat' dir='ltr'>sacris</span> <span class='ocrx_word' id='word_1_203' title='bbox 652 3701 781 3782; x_wconf 86' lang='lat' dir='ltr'>Ollciis,</span> <span class='ocrx_word' id='word_1_204' title='bbox 812 3702 1090 3771; x_wconf 71' lang='lat' dir='ltr'>etAEcclesiasticis</span> <span class='ocrx_word' id='word_1_205' title='bbox 1120 3703 1276 3783; x_wconf 89' lang='lat' dir='ltr'>precibus,</span> <span class='ocrx_word' id='word_1_206' title='bbox 1308 3701 1394 3765; x_wconf 89' lang='lat' dir='ltr'>stilus</span> <span class='ocrx_word' id='word_1_207' title='bbox 1417 3704 1559 3784; x_wconf 89' lang='lat' dir='ltr'>proprius</span> <span class='ocrx_word' id='word_1_208' title='bbox 1582 3711 1644 3783; x_wconf 90' lang='lat' dir='ltr'>est,</span> <span class='ocrx_word' id='word_1_209' title='bbox 1675 3721 1765 3784; x_wconf 89' lang='lat' dir='ltr'>quem</span> 
     </span>
     <span class='ocr_line' id='line_1_24' title="bbox 390 3801 1765 3885; baseline 0.001 -22"><span class='ocrx_word' id='word_1_210' title='bbox 390 3801 550 3864; x_wconf 89' lang='lat' dir='ltr'>multorum</span> <span class='ocrx_word' id='word_1_211' title='bbox 574 3801 765 3865; x_wconf 87' lang='lat' dir='ltr'>saeculorum</span> <span class='ocrx_word' id='word_1_212' title='bbox 786 3819 860 3864; x_wconf 90' lang='lat' dir='ltr'>usus</span> <span class='ocrx_word' id='word_1_213' title='bbox 884 3802 1091 3876; x_wconf 89' lang='lat' dir='ltr'>consecravit,</span> <span class='ocrx_word' id='word_1_214' title='bbox 1122 3802 1172 3883; x_wconf 90' lang='lat' dir='ltr'>qui</span> <span class='ocrx_word' id='word_1_215' title='bbox 1202 3803 1231 3863; x_wconf 92' lang='lat' dir='ltr'>in</span> <span class='ocrx_word' id='word_1_216' title='bbox 1254 3818 1368 3864; x_wconf 88' lang='lat' dir='ltr'>summa</span> <span class='ocrx_word' id='word_1_217' title='bbox 1389 3802 1579 3884; x_wconf 89' lang='lat' dir='ltr'>simplicitate</span> <span class='ocrx_word' id='word_1_218' title='bbox 1602 3803 1765 3885; x_wconf 91' lang='lat' dir='ltr'>majestatis</span> 
     </span>
     <span class='ocr_line' id='line_1_25' title="bbox 390 3899 1765 3983; baseline 0.001 -21"><span class='ocrx_word' id='word_1_219' title='bbox 390 3899 482 3962; x_wconf 87' lang='lat' dir='ltr'>habet</span> <span class='ocrx_word' id='word_1_220' title='bbox 503 3899 673 3981; x_wconf 89' lang='lat' dir='ltr'>plurimum,</span> <span class='ocrx_word' id='word_1_221' title='bbox 694 3919 753 3963; x_wconf 91' lang='lat' dir='ltr'>nec</span> <span class='ocrx_word' id='word_1_222' title='bbox 774 3902 871 3964; x_wconf 90' lang='lat' dir='ltr'>minus</span> <span class='ocrx_word' id='word_1_223' title='bbox 894 3901 1025 3982; x_wconf 90' lang='lat' dir='ltr'>pietatis.</span> <span class='ocrx_word' id='word_1_224' title='bbox 1070 3899 1128 3972; x_wconf 84' lang='lat' dir='ltr'>Qut</span> <span class='ocrx_word' id='word_1_225' title='bbox 1150 3902 1317 3983; x_wconf 87' lang='lat' dir='ltr'>scripturas</span> <span class='ocrx_word' id='word_1_226' title='bbox 1339 3918 1461 3979; x_wconf 90' lang='lat' dir='ltr'>sacras,</span> <span class='ocrx_word' id='word_1_227' title='bbox 1492 3904 1578 3983; x_wconf 89' lang='lat' dir='ltr'>quasi</span> <span class='ocrx_word' id='word_1_228' title='bbox 1608 3920 1666 3965; x_wconf 92' lang='lat' dir='ltr'>non</span> <span class='ocrx_word' id='word_1_229' title='bbox 1690 3901 1765 3964; x_wconf 83' lang='lat' dir='ltr'>satis</span> 
     </span>
     <span class='ocr_line' id='line_1_26' title="bbox 392 3997 1765 4087; baseline 0.001 -27"><span class='ocrx_word' id='word_1_230' title='bbox 392 3998 519 4082; x_wconf 79' lang='lat' dir='ltr'>elegans</span> <span class='ocrx_word' id='word_1_231' title='bbox 542 3997 622 4062; x_wconf 87' lang='lat' dir='ltr'>loret</span> <span class='ocrx_word' id='word_1_232' title='bbox 643 3998 749 4063; x_wconf 85' lang='lat' dir='ltr'>Latina</span> <span class='ocrx_word' id='word_1_233' title='bbox 770 4001 885 4078; x_wconf 87' lang='lat' dir='ltr'>versio,</span> <span class='ocrx_word' id='word_1_234' title='bbox 909 3998 1028 4063; x_wconf 91' lang='lat' dir='ltr'>cultiori</span> <span class='ocrx_word' id='word_1_235' title='bbox 1050 3999 1120 4064; x_wconf 91' lang='lat' dir='ltr'>stilo</span> <span class='ocrx_word' id='word_1_236' title='bbox 1141 4000 1332 4080; x_wconf 89' lang='lat' dir='ltr'>interpretati</span> <span class='ocrx_word' id='word_1_237' title='bbox 1353 4008 1433 4078; x_wconf 90' lang='lat' dir='ltr'>sunt,</span> <span class='ocrx_word' id='word_1_238' title='bbox 1456 4007 1489 4063; x_wconf 92' lang='lat' dir='ltr'>ut</span> <span class='ocrx_word' id='word_1_239' title='bbox 1510 4002 1590 4063; x_wconf 90' lang='lat' dir='ltr'>inter</span> <span class='ocrx_word' id='word_1_240' title='bbox 1611 4001 1687 4087; x_wconf 80' lang='lat' dir='ltr'>alios</span> <span class='ocrx_word' id='word_1_241' title='bbox 1702 3999 1765 4064; x_wconf 89' lang='lat' dir='ltr'>Ca-</span> 
     </span>
     <span class='ocr_line' id='line_1_27' title="bbox 392 4095 1765 4180; baseline 0.003 -22"><span class='ocrx_word' id='word_1_242' title='bbox 392 4095 497 4178; x_wconf 90' lang='lat' dir='ltr'>stalio,</span> <span class='ocrx_word' id='word_1_243' title='bbox 528 4099 668 4180; x_wconf 79' lang='lat' dir='ltr'>exiguum</span> <span class='ocrx_word' id='word_1_244' title='bbox 699 4097 817 4162; x_wconf 88' lang='lat' dir='ltr'>laudem</span> <span class='ocrx_word' id='word_1_245' title='bbox 846 4099 1017 4177; x_wconf 89' lang='lat' dir='ltr'>consecuti,</span> <span class='ocrx_word' id='word_1_246' title='bbox 1046 4115 1151 4180; x_wconf 89' lang='lat' dir='ltr'>parum</span> <span class='ocrx_word' id='word_1_247' title='bbox 1180 4098 1304 4180; x_wconf 89' lang='lat' dir='ltr'>reliquis</span> <span class='ocrx_word' id='word_1_248' title='bbox 1332 4097 1519 4178; x_wconf 81' lang='lat' dir='ltr'>protuerunt.</span> <span class='ocrx_word' id='word_1_249' title='bbox 1563 4098 1644 4162; x_wconf 90' lang='lat' dir='ltr'>ldem</span> <span class='ocrx_word' id='word_1_250' title='bbox 1666 4116 1765 4179; x_wconf 92' lang='lat' dir='ltr'>prope</span> 
     </span>
     <span class='ocr_line' id='line_1_28' title="bbox 391 4195 1764 4281; baseline -0.001 -23"><span class='ocrx_word' id='word_1_251' title='bbox 391 4195 487 4258; x_wconf 81' lang='lat' dir='ltr'>illasio</span> <span class='ocrx_word' id='word_1_252' title='bbox 509 4196 540 4258; x_wconf 90' lang='lat' dir='ltr'>in</span> <span class='ocrx_word' id='word_1_253' title='bbox 563 4195 620 4259; x_wconf 87' lang='lat' dir='ltr'>hac</span> <span class='ocrx_word' id='word_1_254' title='bbox 642 4198 785 4260; x_wconf 89' lang='lat' dir='ltr'>versione</span> <span class='ocrx_word' id='word_1_255' title='bbox 807 4199 951 4281; x_wconf 89' lang='lat' dir='ltr'>contigit,</span> <span class='ocrx_word' id='word_1_256' title='bbox 980 4196 1050 4260; x_wconf 90' lang='lat' dir='ltr'>dnm</span> <span class='ocrx_word' id='word_1_257' title='bbox 1072 4197 1178 4259; x_wconf 88' lang='lat' dir='ltr'>Latine</span> <span class='ocrx_word' id='word_1_258' title='bbox 1200 4196 1282 4278; x_wconf 89' lang='lat' dir='ltr'>loqui</span> <span class='ocrx_word' id='word_1_259' title='bbox 1305 4197 1443 4273; x_wconf 86' lang='lat' dir='ltr'>allectat,</span> <span class='ocrx_word' id='word_1_260' title='bbox 1474 4195 1550 4258; x_wconf 91' lang='lat' dir='ltr'>adeo</span> <span class='ocrx_word' id='word_1_261' title='bbox 1578 4204 1612 4258; x_wconf 93' lang='lat' dir='ltr'>ut</span> <span class='ocrx_word' id='word_1_262' title='bbox 1635 4195 1764 4258; x_wconf 86' lang='lat' dir='ltr'>Cicero-</span> 
     </span>
     <span class='ocr_line' id='line_1_29' title="bbox 391 4295 1764 4377; baseline 0.001 -23"><span class='ocrx_word' id='word_1_263' title='bbox 391 4295 549 4356; x_wconf 90' lang='lat' dir='ltr'>nianorum</span> <span class='ocrx_word' id='word_1_264' title='bbox 571 4295 689 4358; x_wconf 94' lang='lat' dir='ltr'>illorum</span> <span class='ocrx_word' id='word_1_265' title='bbox 713 4295 852 4377; x_wconf 86' lang='lat' dir='ltr'>exemplo</span> <span class='ocrx_word' id='word_1_266' title='bbox 875 4315 968 4360; x_wconf 90' lang='lat' dir='ltr'>voces</span> <span class='ocrx_word' id='word_1_267' title='bbox 992 4296 1174 4374; x_wconf 81' lang='lat' dir='ltr'>salvatoris,</span> <span class='ocrx_word' id='word_1_268' title='bbox 1205 4295 1483 4373; x_wconf 87' lang='lat' dir='ltr'>consubstantialis,</span> <span class='ocrx_word' id='word_1_269' title='bbox 1511 4295 1764 4375; x_wconf 85' lang='lat' dir='ltr'>regenerationis,</span> 
     </span>
    </p>
   </div>
   <div class='ocr_carea' id='block_1_5' title="bbox 392 4392 1878 4478">
    <p class='ocr_par' dir='ltr' id='par_1_6' title="bbox 392 4392 1878 4478">
     <span class='ocr_line' id='line_1_30' title="bbox 392 4392 1878 4478; baseline -0.001 -24"><span class='ocrx_word' id='word_1_270' title='bbox 392 4401 424 4454; x_wconf 90' lang='lat' dir='ltr'>et</span> <span class='ocrx_word' id='word_1_271' title='bbox 445 4392 605 4456; x_wconf 91' lang='lat' dir='ltr'>nonnullas</span> <span class='ocrx_word' id='word_1_272' title='bbox 636 4393 710 4456; x_wconf 88' lang='lat' dir='ltr'>alias</span> <span class='ocrx_word' id='word_1_273' title='bbox 741 4394 857 4478; x_wconf 81' lang='lat' dir='ltr'>fugisse</span> <span class='ocrx_word' id='word_1_274' title='bbox 887 4395 1041 4474; x_wconf 89' lang='lat' dir='ltr'>videatur,</span> <span class='ocrx_word' id='word_1_275' title='bbox 1064 4402 1096 4458; x_wconf 87' lang='lat' dir='ltr'>ut</span> <span class='ocrx_word' id='word_1_276' title='bbox 1118 4395 1190 4458; x_wconf 88' lang='lat' dir='ltr'>alias</span> <span class='ocrx_word' id='word_1_277' title='bbox 1213 4395 1418 4458; x_wconf 89' lang='lat' dir='ltr'>substitueret.</span> <span class='ocrx_word' id='word_1_278' title='bbox 1463 4393 1526 4456; x_wconf 90' lang='lat' dir='ltr'>Nos</span> <span class='ocrx_word' id='word_1_279' title='bbox 1548 4393 1579 4454; x_wconf 94' lang='lat' dir='ltr'>in</span> <span class='ocrx_word' id='word_1_280' title='bbox 1602 4393 1667 4455; x_wconf 88' lang='lat' dir='ltr'>aliis</span> <span class='ocrx_word' id='word_1_281' title='bbox 1690 4409 1766 4454; x_wconf 90' lang='lat' dir='ltr'>ver·</span> <span class='ocrx_word' id='word_1_282' title='bbox 1875 4469 1878 4475; x_wconf 87' lang='lat'>.</span> 
     </span>
    </p>
   </div>
   <div class='ocr_carea' id='block_1_6' title="bbox 392 4489 1768 5167">
    <p class='ocr_par' dir='ltr' id='par_1_7' title="bbox 392 4489 1768 5167">
     <span class='ocr_line' id='line_1_31' title="bbox 393 4489 1765 4574; baseline 0.001 -23"><span class='ocrx_word' id='word_1_283' title='bbox 393 4489 491 4553; x_wconf 90' lang='lat' dir='ltr'>tendis</span> <span class='ocrx_word' id='word_1_284' title='bbox 522 4491 560 4553; x_wconf 89' lang='lat' dir='ltr'>ab</span> <span class='ocrx_word' id='word_1_285' title='bbox 582 4493 704 4573; x_wconf 89' lang='lat' dir='ltr'>antiqua</span> <span class='ocrx_word' id='word_1_286' title='bbox 725 4493 915 4574; x_wconf 85' lang='lat' dir='ltr'>simplicitate</span> <span class='ocrx_word' id='word_1_287' title='bbox 937 4511 999 4556; x_wconf 90' lang='lat' dir='ltr'>non</span> <span class='ocrx_word' id='word_1_288' title='bbox 1021 4495 1217 4574; x_wconf 89' lang='lat' dir='ltr'>recessimus,</span> <span class='ocrx_word' id='word_1_289' title='bbox 1249 4493 1433 4556; x_wconf 89' lang='lat' dir='ltr'>Graecorum</span> <span class='ocrx_word' id='word_1_290' title='bbox 1456 4498 1592 4555; x_wconf 87' lang='lat' dir='ltr'>veterum</span> <span class='ocrx_word' id='word_1_291' title='bbox 1616 4489 1765 4553; x_wconf 86' lang='lat' dir='ltr'>Christia-</span> 
     </span>
     <span class='ocr_line' id='line_1_32' title="bbox 392 4586 1765 4676; baseline -0.002 -25"><span class='ocrx_word' id='word_1_292' title='bbox 392 4604 499 4653; x_wconf 90' lang='lat' dir='ltr'>norum</span> <span class='ocrx_word' id='word_1_293' title='bbox 521 4607 618 4670; x_wconf 90' lang='lat' dir='ltr'>more,</span> <span class='ocrx_word' id='word_1_294' title='bbox 641 4593 692 4672; x_wconf 88' lang='lat' dir='ltr'>qui</span> <span class='ocrx_word' id='word_1_295' title='bbox 715 4593 826 4673; x_wconf 89' lang='lat' dir='ltr'>spretis</span> <span class='ocrx_word' id='word_1_296' title='bbox 842 4593 963 4674; x_wconf 87' lang='lat' dir='ltr'>linguae</span> <span class='ocrx_word' id='word_1_297' title='bbox 980 4611 1055 4657; x_wconf 87' lang='lat' dir='ltr'>suae</span> <span class='ocrx_word' id='word_1_298' title='bbox 1070 4593 1298 4676; x_wconf 82' lang='lat' dir='ltr'>copiosissimae</span> <span class='ocrx_word' id='word_1_299' title='bbox 1310 4591 1430 4670; x_wconf 91' lang='lat' dir='ltr'>divitiis,</span> <span class='ocrx_word' id='word_1_300' title='bbox 1454 4592 1670 4672; x_wconf 89' lang='lat' dir='ltr'>scripturarum</span> <span class='ocrx_word' id='word_1_301' title='bbox 1694 4586 1765 4650; x_wconf 93' lang='lat' dir='ltr'>stilo</span> 
     </span>
     <span class='ocr_line' id='line_1_33' title="bbox 392 4681 1765 4773; baseline -0.001 -24"><span class='ocrx_word' id='word_1_302' title='bbox 392 4705 503 4768; x_wconf 87' lang='lat' dir='ltr'>preces</span> <span class='ocrx_word' id='word_1_303' title='bbox 536 4707 641 4754; x_wconf 90' lang='lat' dir='ltr'>omnes</span> <span class='ocrx_word' id='word_1_304' title='bbox 671 4707 743 4753; x_wconf 90' lang='lat' dir='ltr'>suas</span> <span class='ocrx_word' id='word_1_305' title='bbox 774 4701 1003 4773; x_wconf 86' lang='lat' dir='ltr'>expresserunt.</span> <span class='ocrx_word' id='word_1_306' title='bbox 1048 4681 1163 4756; x_wconf 88' lang='lat' dir='ltr'>Novam</span> <span class='ocrx_word' id='word_1_307' title='bbox 1193 4691 1366 4754; x_wconf 90' lang='lat' dir='ltr'>versionem</span> <span class='ocrx_word' id='word_1_308' title='bbox 1394 4689 1467 4753; x_wconf 87' lang='lat' dir='ltr'>dare</span> <span class='ocrx_word' id='word_1_309' title='bbox 1498 4707 1575 4771; x_wconf 90' lang='lat' dir='ltr'>opus</span> <span class='ocrx_word' id='word_1_310' title='bbox 1604 4694 1765 4764; x_wconf 86' lang='lat' dir='ltr'>nouerat,</span> 
     </span>
     <span class='ocr_line' id='line_1_34' title="bbox 393 4785 1768 4873; baseline -0.002 -26"><span class='ocrx_word' id='word_1_311' title='bbox 393 4803 460 4848; x_wconf 91' lang='lat' dir='ltr'>cum</span> <span class='ocrx_word' id='word_1_312' title='bbox 483 4805 524 4850; x_wconf 85' lang='lat' dir='ltr'>ex</span> <span class='ocrx_word' id='word_1_313' title='bbox 546 4789 613 4852; x_wconf 89' lang='lat' dir='ltr'>aliis</span> <span class='ocrx_word' id='word_1_314' title='bbox 634 4789 797 4873; x_wconf 86' lang='lat' dir='ltr'>Liturgiis,</span> <span class='ocrx_word' id='word_1_315' title='bbox 820 4791 847 4853; x_wconf 92' lang='lat' dir='ltr'>si</span> <span class='ocrx_word' id='word_1_316' title='bbox 870 4789 950 4872; x_wconf 85' lang='lat' dir='ltr'>quod</span> <span class='ocrx_word' id='word_1_317' title='bbox 972 4790 1134 4854; x_wconf 85' lang='lat' dir='ltr'>discrimen</span> <span class='ocrx_word' id='word_1_318' title='bbox 1155 4789 1317 4853; x_wconf 87' lang='lat' dir='ltr'>locutionis</span> <span class='ocrx_word' id='word_1_319' title='bbox 1340 4796 1536 4866; x_wconf 89' lang='lat' dir='ltr'>occurreret,</span> <span class='ocrx_word' id='word_1_320' title='bbox 1558 4786 1647 4850; x_wconf 81' lang='lat' dir='ltr'>facile</span> <span class='ocrx_word' id='word_1_321' title='bbox 1670 4785 1768 4866; x_wconf 92' lang='lat' dir='ltr'>possit</span> 
     </span>
     <span class='ocr_line' id='line_1_35' title="bbox 394 4885 1767 4968; baseline -0.003 -22"><span class='ocrx_word' id='word_1_322' title='bbox 394 4887 529 4968; x_wconf 84' lang='lat' dir='ltr'>agnosci.</span> <span class='ocrx_word' id='word_1_323' title='bbox 575 4885 649 4948; x_wconf 92' lang='lat' dir='ltr'>lllud</span> <span class='ocrx_word' id='word_1_324' title='bbox 674 4887 763 4949; x_wconf 89' lang='lat' dir='ltr'>ctiam</span> <span class='ocrx_word' id='word_1_325' title='bbox 786 4888 903 4951; x_wconf 91' lang='lat' dir='ltr'>dilllclle</span> <span class='ocrx_word' id='word_1_326' title='bbox 925 4887 1048 4952; x_wconf 84' lang='lat' dir='ltr'>luisset:</span> <span class='ocrx_word' id='word_1_327' title='bbox 1078 4907 1146 4950; x_wconf 86' lang='lat' dir='ltr'>narn</span> <span class='ocrx_word' id='word_1_328' title='bbox 1169 4886 1325 4966; x_wconf 85' lang='lat' dir='ltr'>exemplar</span> <span class='ocrx_word' id='word_1_329' title='bbox 1348 4904 1407 4967; x_wconf 89' lang='lat' dir='ltr'>quc</span> <span class='ocrx_word' id='word_1_330' title='bbox 1431 4903 1504 4948; x_wconf 88' lang='lat' dir='ltr'>usus</span> <span class='ocrx_word' id='word_1_331' title='bbox 1527 4893 1573 4950; x_wconf 92' lang='lat' dir='ltr'>cst</span> <span class='ocrx_word' id='word_1_332' title='bbox 1596 4885 1726 4961; x_wconf 89' lang='lat' dir='ltr'>llasius,</span> <span class='ocrx_word' id='word_1_333' title='bbox 1750 4901 1767 4942; x_wconf 89' lang='lat' dir='ltr'>a</span> 
     </span>
     <span class='ocr_line' id='line_1_36' title="bbox 395 4981 1766 5068; baseline 0 -24"><span class='ocrx_word' id='word_1_334' title='bbox 395 4981 572 5048; x_wconf 85' lang='lat' dir='ltr'>Colbertino</span> <span class='ocrx_word' id='word_1_335' title='bbox 595 4985 694 5047; x_wconf 89' lang='lat' dir='ltr'>dillert</span> <span class='ocrx_word' id='word_1_336' title='bbox 716 4986 746 5047; x_wconf 93' lang='lat' dir='ltr'>in</span> <span class='ocrx_word' id='word_1_337' title='bbox 759 4987 884 5050; x_wconf 88' lang='lat' dir='ltr'>multis:</span> <span class='ocrx_word' id='word_1_338' title='bbox 912 4987 992 5066; x_wconf 88' lang='lat' dir='ltr'>istud</span> <span class='ocrx_word' id='word_1_339' title='bbox 1015 5005 1107 5068; x_wconf 92' lang='lat' dir='ltr'>porro</span> <span class='ocrx_word' id='word_1_340' title='bbox 1130 4986 1227 5049; x_wconf 90' lang='lat' dir='ltr'>solum</span> <span class='ocrx_word' id='word_1_341' title='bbox 1248 4984 1308 5047; x_wconf 88' lang='lat' dir='ltr'>huc</span> <span class='ocrx_word' id='word_1_342' title='bbox 1330 5003 1427 5065; x_wconf 90' lang='lat' dir='ltr'>usque</span> <span class='ocrx_word' id='word_1_343' title='bbox 1449 4984 1583 5047; x_wconf 88' lang='lat' dir='ltr'>nancisci</span> <span class='ocrx_word' id='word_1_344' title='bbox 1604 4983 1766 5065; x_wconf 89' lang='lat' dir='ltr'>potuimus.</span> 
     </span>
     <span class='ocr_line' id='line_1_37' title="bbox 393 5078 1767 5167; baseline 0 -25"><span class='ocrx_word' id='word_1_345' title='bbox 393 5078 544 5165; x_wconf 88' lang='lat' dir='ltr'>lntegram</span> <span class='ocrx_word' id='word_1_346' title='bbox 567 5101 608 5146; x_wconf 84' lang='lat' dir='ltr'>ex</span> <span class='ocrx_word' id='word_1_347' title='bbox 630 5098 667 5146; x_wconf 90' lang='lat' dir='ltr'>eo</span> <span class='ocrx_word' id='word_1_348' title='bbox 690 5085 863 5149; x_wconf 89' lang='lat' dir='ltr'>versionem</span> <span class='ocrx_word' id='word_1_349' title='bbox 883 5087 1042 5150; x_wconf 89' lang='lat' dir='ltr'>instituere</span> <span class='ocrx_word' id='word_1_350' title='bbox 1065 5101 1179 5167; x_wconf 87' lang='lat' dir='ltr'>operae</span> <span class='ocrx_word' id='word_1_351' title='bbox 1201 5084 1332 5166; x_wconf 91' lang='lat' dir='ltr'>pretinm</span> <span class='ocrx_word' id='word_1_352' title='bbox 1353 5101 1415 5147; x_wconf 92' lang='lat' dir='ltr'>non</span> <span class='ocrx_word' id='word_1_353' title='bbox 1438 5090 1515 5160; x_wconf 89' lang='lat' dir='ltr'>erat,</span> <span class='ocrx_word' id='word_1_354' title='bbox 1537 5099 1637 5163; x_wconf 90' lang='lat' dir='ltr'>neque</span> <span class='ocrx_word' id='word_1_355' title='bbox 1659 5079 1767 5163; x_wconf 89' lang='lat' dir='ltr'>pertici</span> 
     </span>
    </p>
   </div>
   <div class='ocr_carea' id='block_1_7' title="bbox 1466 5184 1544 5259">
    <p class='ocr_par' dir='ltr' id='par_1_8' title="bbox 1466 5184 1544 5259">
     <span class='ocr_line' id='line_1_38' title="bbox 1466 5184 1544 5259; baseline 0.038 -3"><span class='ocrx_word' id='word_1_356' title='bbox 1466 5184 1544 5259; x_wconf 73' lang='lat'>73*</span> 
     </span>
    </p>
   </div>
   <div class='ocr_carea' id='block_1_8' title="bbox 0 0 2417 6052">
    <p class='ocr_par' dir='ltr' id='par_1_9' title="bbox 0 0 2417 6052">
     <span class='ocr_line' id='line_1_39' title="bbox 0 0 2417 6052; baseline 0 0"><span class='ocrx_word' id='word_1_357' title='bbox 0 0 2417 6052; x_wconf 95' lang='lat' dir='ltr'> </span> 
     </span>
    </p>
   </div>
  </div>
 </body>
</html>
