4728 6028
602 571 656 648 IN
697 570 988 648 LITURGIAS
1030 568 1312 648 sternens.
1569 568 1638 643 111

230 807 235 818 .
277 776 408 821 ονενικε.
451 754 521 818 Ιιιεε
543 755 635 838 igitur
658 756 810 817 orationes
833 773 873 817 ex
894 754 1073 836 Apostolico
1095 755 1230 819 instituto
1254 756 1401 837 originem
1422 753 1553 834 babere,
1582 771 1644 816 non

276 863 335 918 tam
357 855 610 921 constitutionum
633 854 752 917 illerum
774 854 919 917 autoritas
942 855 1067 934 probat,
1090 873 1178 936 quam
1207 854 1401 918 Orientalium
1429 854 1559 916 omnium
1588 852 1645 915 Li-

277 954 442 1036 turgiarum
464 972 647 1030 consensus,
678 972 802 1035 quarum
824 952 923 1029 nulla,
954 953 1140 1016 catholicam
1166 953 1247 1016 illam
1273 971 1397 1035 precem
1424 971 1486 1016 non
1514 972 1644 1035 reprae-

278 1061 384 1118 sentat
428 1052 510 1116 Illius
533 1052 684 1116 Orationis
706 1053 836 1116 meminit
856 1052 989 1116 loannes
1013 1053 1245 1134 Chrysostomus
1267 1053 1313 1116 his
1344 1053 1445 1116 verbis
1468 1037 1562 1116 At‘tl
1588 1047 1645 1113 καὶ
1691 1049 1721 1102 1¹¹
1738 1049 1816 1102 Mb
1833 1047 1903 1102 um
1921 1050 1965 1102 ²5·

279 1144 297 1215 ὁ
318 1141 427 1237 ἱερεὺς
448 1143 531 1237 ὑπὲρ
551 1149 611 1237 τῆς
632 1143 831 1236 οἰκουμένης,
854 1141 938 1238 ὑπὲρ
958 1151 1024 1215 τῶν
1047 1146 1222 1238 προτέρων,
1245 1142 1327 1238 ὑπὲρ
1348 1149 1413 1214 τῶν
1433 1150 1490 1216 νῦν
1511 1138 1681 1235 εὔχαρι-ι’·
1702 1136 1736 1186 ¹⁷
1736 1135 1762 1188 ⁹·
1780 1135 1829 1188 M
1847 1133 1890 1188 θ’·

277 1252 366 1315 oreis
393 1241 529 1314 κελεύει.
555 1248 615 1336 τῆς
641 1246 766 1324 θυσίας
792 1244 1005 1333 προκειμένης
1034 1245 1165 1334 ἐκείνης.
1210 1251 1292 1314 Unde
1325 1260 1356 1314 et
1382 1252 1553 1328 Sacerdos,
1587 1270 1646 1329 pro

275 1353 418 1414 ειοὶοεεεο
440 1352 529 1427 orbe,
548 1371 609 1431 pro
631 1352 672 1412 iia
693 1352 745 1431 qui
761 1353 851 1430 prius
870 1350 1009 1430 suerunt,
1031 1359 1061 1413 et
1080 1352 1133 1430 qni
1152 1370 1231 1412 name
1252 1358 1323 1412 errat
1340 1352 1461 1432 ηνοιίοε
1482 1369 1574 1430 apere
1587 1354 1646 1428 ju»

276 1450 339 1526 bet,
361 1451 420 1512 boc
442 1452 594 1530 sacrificio
612 1451 779 1529 proposito.

361 1547 395 1610 ln
418 1568 455 1611 ea
478 1567 566 1630 quam
588 1548 742 1612 retulimus
764 1546 909 1626 formula,
933 1556 1096 1611 oceurmrnt
1117 1549 1193 1612 haec
1215 1548 1310 1612 verba
1332 1547 1370 1610 de
1392 1547 1530 1630 Angelis,
1552 1546 1594 1608 Ει
1613 1548 1645 1609 ei

276 1647 441 1720 (sacrificio
463 1650 596 1726 scilicet)
619 1649 1030 1722 cenomannicorum,
1054 1667 1131 1730 quae
1155 1650 1184 1712 in
1207 1655 1291 1710 textu
1315 1647 1439 1730 Syriaco
1463 1647 1645 1732 ambiguita-

276 1745 314 1807 tis
336 1745 446 1828 aliquid
469 1748 580 1811 ollerre
601 1748 793 1813 videbuntur.
839 1745 992 1812 Sententia
1020 1747 1238 1828 simplicissima
1265 1753 1312 1808 εει
1340 1765 1427 1827 quam
1461 1747 1537 1808 aliae
1572 1764 1645 1808 ora-

276 1844 375 1908 tiones
403 1847 499 1932 magis
527 1848 689 1930 perspicue
723 1848 911 1928 exprimunt,
942 1846 1091 1910 coelestes
1115 1847 1237 1928 spiritus
1260 1863 1361 1909 coram
1390 1845 1494 1923 altari,
1524 1846 1554 1907 in
1584 1863 1645 1927 quo

279 1941 389 2009 Christi
412 1963 522 2028 corpus
546 1954 610 2026 ost,
643 1945 838 2010 ministerium
860 1963 962 2024 suum,
986 1945 1125 2026 obsequii
1147 1945 1280 2021 scilicet,
1308 1954 1340 2006 et
1360 1945 1564 2007 venerationis
1586 1962 1645 2008 ex-

276 2040 393 2107 bibere.

796 2387 942 2457 Fractio
970 2384 1123 2455 oblatae.

366 2610 420 2687 De
442 2623 589 2686 fractione
610 2623 817 2686 Eucharistiae
839 2623 915 2686 haec
937 2623 1027 2687 babet
1045 2622 1200 2686 Barsalibi.
1244 2623 1365 2704 Accipit
1379 2622 1514 2685 Oblatum
1531 2605 1644 2688 Sacer-
1691 2631 1792 2687 Fracto
1810 2632 1917 2686 bosnae.

278 2723 333 2786 dos
357 2740 482 2803 eamque
505 2721 618 2804 frangit
638 2723 669 2785 in
692 2722 766 2785 duas
789 2729 891 2804 partes
914 2740 975 2804 quo
997 2723 1148 2805 significet
1173 2722 1300 2785 verbum
1320 2741 1396 2785 vere
1421 2740 1544 2803 passum
1574 2742 1644 2787 esse

276 2825 307 2886 in
329 2841 422 2887 carne
443 2821 683 2903 immolatumque
707 2829 738 2884 ει
758 2821 885 2885 fractum
908 2822 1000 2885 luisse
1028 2823 1059 2884 in
1089 2840 1190 2888 eruce.
1235 2821 1354 2903 Accipit
1386 2821 1495 2885 deinde
1527 2830 1644 2906 partem

278 2941 319 2986 ex
341 2939 489 3004 corpore,
513 2939 638 3002 eamque
666 2921 784 3002 intingit
812 2923 843 2984 ia
871 2923 1018 3005 sanguine
1049 2928 1080 2983 et
1108 2939 1175 2984 oum
1204 2939 1240 2984 ea
1272 2923 1371 3004 signat
1400 2939 1493 3003 super
1520 2940 1644 3004 corpus,

278 3024 411 3100 etiamsi,
434 3039 501 3083 eum
523 3029 611 3101 parte
633 3038 711 3101 quae
734 3020 833 3083 estin
855 3039 946 3084 manu
967 3022 1050 3104 ejus,
1072 3022 1157 3104 prius
1179 3020 1288 3082 leviter
1310 3019 1461 3102 tetigerit,
1492 3021 1556 3085 sive
1579 3041 1645 3103 pu-

276 3122 400 3204 pugerit
435 3138 503 3183 eam
535 3127 651 3202 partem
682 3137 759 3202 quae
789 3128 836 3183 est
865 3123 896 3183 in
926 3120 1021 3184 diseo.
1065 3121 1109 3183 lta
1139 3119 1288 3202 significat
1318 3118 1514 3183 transfossum
1539 3120 1644 3185 lancea

276 3219 372 3284 luisse
395 3220 546 3286 Christum
568 3219 598 3280 in
619 3216 715 3281 latere
737 3236 801 3282 suo.
843 3218 960 3281 Deinde
984 3238 1052 3282 cum
1073 3227 1168 3281 totum
1190 3237 1321 3299 corpus,
1344 3219 1409 3280 sive
1433 3237 1536 3282 omnes
1566 3240 1644 3302 quae

276 3320 307 3381 in
330 3318 417 3382 disco
440 3324 510 3382 sunt
532 3317 696 3398 particulas
718 3319 836 3401 signat,
860 3315 1008 3400 significat
1036 3318 1134 3398 ipsum
1157 3336 1225 3379 esse
1249 3318 1299 3398 qui
1329 3318 1466 3395 occisus,
1497 3320 1645 3401 sanguine

277 3438 333 3484 suo
356 3435 516 3499 respersus
540 3423 599 3481 est:
622 3417 718 3497 ipsum
741 3419 791 3498 qui
814 3416 888 3479 dixit
911 3417 940 3478 in
963 3415 1127 3478 coenaculo
1150 3415 1208 3478 Hie
1230 3424 1275 3477 εει
1296 3417 1421 3496 sanquis
1442 3435 1538 3478 mene:
1562 3418 1644 3478 etin

278 3537 370 3580 eruce
392 3535 460 3580 curn
486 3516 563 3579 latus
597 3518 661 3597 ejus
689 3515 795 3578 lancea
826 3523 962 3596 apertum
990 3522 1055 3593 est,
1089 3515 1183 3577 exivit
1211 3534 1249 3576 ex
1280 3532 1317 3576 eo
1345 3514 1468 3596 sanguis
1498 3520 1527 3574 et
1557 3526 1645 3593 aqua,

279 3617 385 3698 quibus
408 3633 569 3696 respersus
592 3622 647 3678 est.
693 3613 820 3688 Quando
843 3633 882 3676 ex
903 3615 1052 3696 sanguine
1074 3631 1185 3695 corpus
1207 3615 1308 3695 signat
1329 3614 1359 3675 in
1387 3611 1511 3674 formam
1534 3613 1644 3690 crucis,

277 3715 419 3777 unionem
440 3711 512 3776 lacit
533 3714 647 3776 animae
671 3733 738 3776 cum
767 3731 915 3795 corpore,
949 3713 1122 3796 significans
1153 3713 1233 3794 quod
1254 3721 1414 3794 postquam
1436 3718 1575 3792 separata
1598 3720 1644 3775 est

278 3815 375 3876 anima
396 3813 490 3875 Verbi
513 3831 682 3894 a·corpore
705 3815 787 3894 ejus,
811 3829 940 3876 reversa
969 3821 1030 3892 est,
1060 3813 1218 3895 eidemque
1246 3827 1353 3875 rursus
1380 3813 1478 3874 unita:
1510 3813 1644 3892 quamvis

202 3987 208 4000 ¹
276 3912 447 3974 nullatenus
470 3912 608 3975 divinitas
632 3914 697 3994 ejus
720 3920 860 3993 separata
877 3910 967 3974 luerit
988 3931 1006 3974 a
1030 3931 1160 3992 corpore
1184 3915 1249 3993 ejus
1273 3920 1324 3974 ant
1339 3915 1443 3976 anima.
1488 3912 1574 3975 Panis
1597 3919 1646 3974 est

277 4029 389 4093 corpus
412 4012 505 4073 Verbi
527 4011 599 4074 Dei:
623 4013 722 4074 vinum
745 4019 844 4075 autem
867 4014 931 4094 ejus
955 4014 1068 4075 anima:
1091 4013 1161 4094 quia
1183 4013 1306 4094 sanguis
1329 4020 1376 4076 est
1405 4019 1495 4094 typus
1518 4011 1670 4087 animae,¹

279 4111 355 4173 sicut
377 4113 595 4190 scriptumest,
620 4110 700 4192 quod
723 4112 819 4174 omnis
843 4113 942 4174 carnis
965 4113 1078 4188 anima,
1100 4113 1224 4195 sanguis
1247 4113 1312 4193 ejus
1328 4120 1384 4176 est.
1429 4113 1538 4174 lterum
1557 4119 1645 4190 post-

278 4226 364 4290 quam
386 4209 505 4291 signum
529 4208 602 4272 lecit
625 4230 665 4273 ex
688 4211 835 4293 sanguine
858 4229 951 4291 super
973 4229 1096 4292 corpus,
1120 4211 1183 4272 unit
1206 4219 1236 4273 ει
1264 4212 1419 4294 conjungit
1449 4210 1486 4272 ad
1516 4211 1644 4273 invicem

280 4309 351 4371 duas
374 4307 441 4370 illas
464 4308 719 4389 partesOblatae:
743 4317 832 4391 atque
854 4312 896 4371 ita
911 4310 1070 4393 signifieat,
1092 4310 1315 4373 Emmanuelem
1331 4326 1422 4371 unum
1437 4328 1521 4389 esse,
1544 4328 1644 4390 neque

280 4409 405 4470 divisum
427 4415 497 4488 post
524 4410 665 4472 unionem
687 4410 719 4472 in
741 4408 814 4471 duas
836 4417 975 4472 naturas:
1006 4409 1155 4493 signifieat
1184 4410 1287 4488 etiam,
1319 4407 1400 4489 quod
1427 4415 1585 4490 postquam
1615 4413 1644 4473 in

280 4525 371 4570 eruce
383 4507 549 4572 immolatus
562 4516 620 4587 εει,
642 4508 810 4590 pacificavit
823 4527 879 4589 per
897 4511 1074 4593 sanguinem
1098 4511 1198 4572 crucis
1221 4526 1303 4586 suae,
1327 4509 1423 4571 univit
1438 4517 1469 4571 et
1491 4510 1646 4590 conjunxit

280 4605 425 4669 eoelestia
448 4625 514 4669 eum
537 4611 681 4671 terrenis:
704 4609 848 4689 populum
872 4627 939 4670 cum
961 4610 1080 4690 populis
1103 4619 1134 4672 et
1156 4611 1281 4671 animam
1304 4626 1370 4670 cum
1394 4625 1534 4688 corpore.
1579 4609 1645 4671 Ob-

279 4704 367 4766 latum
389 4723 510 4787 quoque
533 4705 602 4769 dum
624 4709 653 4769 in
677 4707 821 4769 circulum
845 4709 1027 4788 circumfert,
1049 4709 1199 4790 significat
1221 4706 1301 4789 quod
1324 4725 1380 4789 pro
1403 4716 1530 4789 peccato
1554 4711 1645 4773 totius

279 4804 362 4867 orbis
385 4805 551 4870 immolatus
575 4815 622 4869 est
644 4807 673 4868 in
696 4825 797 4871 onice.
841 4809 940 4871 Primo
964 4807 1136 4871 circumfert
1157 4807 1236 4870 illem
1259 4808 1295 4868 ad
1319 4805 1487 4870 dexteram:
1510 4808 1644 4871 secundo

276 4921 297 4965 a
319 4905 439 4967 sinistra
462 4905 557 4968 relert
579 4905 617 4968 ad
640 4904 805 4983 dexteram,
828 4914 861 4969 ut
883 4908 1032 4989 significet
1057 4907 1136 4990 quod
1159 4907 1302 4970 Dominus
1325 4924 1343 4969 a
1364 4907 1496 4985 sinistra,
1519 4909 1583 4971 sive
1607 4907 1643 4972 ab

276 5021 387 5067 errore
411 5003 449 5065 ad
471 5004 627 5066 dexteram
649 5022 705 5068 nos
728 5004 892 5070 reduxerit.
