4804 6026
899 584 1315 663 LITURGlhll.
1731 586 1778 660 19

401 771 541 862 ‘datam
567 772 702 844 Piorum
729 771 952 844 etJustorum
985 772 1046 842 Ad
1069 773 1240 844 Anaua.
1275 769 1411 870 Super'
1400 794 1572 847 mcensum
1585 782 1779 863 aromatum,

410 892 453 961 sit
477 890 636 961 memoria
662 885 839 961 Ecclesiae
865 897 1001 961 sanctae
1028 897 1062 960 et
1088 891 1231 962 omnium
1258 888 1400 961 liliorum
1428 891 1511 981 ejus.

512 1003 680 1077 Adolet'
666 1026 837 1076 scammum
863 1004 1082 1077 circulariter
1107 1026 1210 1098 saper
1235 1008 1397 1098 mysteria
1412 1005 1520 1078 trihus
1539 1006 1685 1094 vicibus,
1713 1004 1780 1075 de-

409 1122 606 1214 scenditque
633 1143 679 1191 ec
704 1122 833 1216 modu,
861 1128 895 1191 et
920 1122 1005 1192 dicit
1031 1121 1229 1192 Orationem
1254 1125 1479 1214 susceptionis
1504 1125 1643 1195 incensi.

513 1235 655 1331 Suscipe
681 1235 824 1308 Domine
849 1240 1020 1309 incensum
1046 1235 1268 1310 Sacerdotum
1295 1247 1441 1310 tuorum:
1467 1238 1605 1334 placare
1621 1259 1683 1335 per
1703 1235 1780 1310 sui-

408 1353 500 1426 htnm
526 1373 703 1424 servorum
728 1363 879 1426 tuorum:
906 1362 1146 1448 acceptumque
1171 1351 1259 1425 hehe
1286 1355 1501 1426 ministerium
1514 1354 1720 1427 adorantium
1736 1363 1779 1424 te.

409 1468 549 1541 Praesta
575 1470 673 1540 etiam
699 1491 761 1566 per
788 1467 866 1541 illud
894 1472 1036 1564 quietem
1070 1478 1103 1540 et
1135 1471 1328 1542 memoriam
1362 1467 1486 1540 honam
1518 1473 1670 1564 genitrici
1703 1480 1781 1541 tuae

410 1593 444 1656 et
469 1588 594 1658 sanctis
621 1585 706 1675 luia,
732 1584 796 1657 Fili
824 1583 971 1657 Christe:
1007 1588 1061 1679 qui
1094 1584 1244 1657 adoraris
1278 1596 1312 1657 et
1345 1583 1540 1678 glorificaris
1573 1609 1648 1659 cum
1679 1584 1780 1657 Patre

342 1757 344 1767 .
409 1711 464 1773 tuo
492 1711 525 1773 et
551 1699 675 1797 Spiritu
701 1711 759 1772 tuo
787 1710 929 1791 sancto,
955 1723 1059 1790 nunc,
1086 1709 1150 1773 etc.

513 1819 627 1888 Facta
652 1819 889 1912 penottccione
915 1819 1071 1888 incensat
1102 1821 1155 1886 ter
1182 1822 1320 1909 portem
1348 1817 1492 1888 mediam
1522 1839 1658 1890 mensae
1687 1819 1781 1887 citae

411 1955 499 2028 qnae
517 1940 568 2004 cst
589 1940 685 2028 typos
701 1931 840 2003 Patris:
867 1939 933 2003 tum
960 1955 1067 2003 cornu
1093 1931 1370 2026 Septentrianale
1397 1932 1543 2026 ejusdem
1564 1955 1699 2006 mensae
1719 1939 1780 2002 to-

411 2051 513 2120 tidem
539 2047 687 2136 ciuibus,
715 2048 806 2141 quod
831 2055 882 2120 est
909 2055 1005 2142 typus
1031 2048 1130 2120 Filii:
1156 2055 1209 2119 ter
1236 2052 1338 2119 etiam
1364 2071 1471 2120 cornu
1499 2049 1664 2121 Australe
1691 2048 1781 2143 quod

410 2170 461 2236 est
486 2171 583 2258 typus
608 2161 759 2257 Spiritus
784 2169 904 2235 sancti.
957 2165 1005 2237 Et
1031 2164 1116 2235 dicit
1142 2157 1348 2236 Orationem.
1403 2163 1511 2237 Maria
1538 2186 1623 2258 quae
1650 2173 1683 2236 te
1709 2185 1780 2256 ge-

408 2283 494 2353 nuit:
522 2287 582 2351 act
607 2279 883 2372 deprecationem
906 2280 1109 2376 pecoralem.
1132 2279 1256 2376 'llyrie
1283 2278 1412 2352 eleison
1439 2287 1502 2350 ter.
1542 2280 1684 2352 Domine
1710 2283 1780 2350 mi-

409 2417 524 2470 serere
549 2393 656 2470 nohis.
707 2397 808 2468 Pater
834 2405 959 2468 noster.
1012 2394 1135 2467 Statim
1161 2400 1318 2468 incensat
1344 2396 1554 2484 Diaconum,
1590 2403 1625 2468 et
1659 2399 1783 2489 incipit

408 2515 661 2608 responsorium
687 2510 887 2601 oblationis,
913 2515 1026 2583 sancti
1050 2512 1175 2583 Secari
1200 2510 1445 2583 Potriorcltae.

512 2627 681 2702 Exultaho
709 2636 743 2699 te
768 2628 912 2701 Domine
938 2649 1032 2700 meus
1059 2627 1149 2719 Rex,
1176 2627 1318 2721 Sanctus
1344 2630 1437 2702 Deus
1466 2634 1527 2699 ter.
1556 2627 1662 2724 llyrie
1690 2626 1781 2699 elei-

410 2765 480 2818 son.
533 2744 640 2840 llyrie
666 2741 804 2815 eleison.
856 2743 963 2840 Kyrie
991 2744 1129 2819 eleison.

511 2862 633 2933 Lectio
660 2860 838 2952 Epistoloe
863 2861 1034 2954 Apostoli.
1093 2861 1173 2931 Tum
1199 2861 1291 2932 dicet
1315 2843 1491 2952 Sacerdos
1517 2859 1606 2931 hanc
1633 2860 1779 2932 Oratio-

408 3001 497 3066 nem,
525 2983 605 3048 onte
631 2977 828 3048 Lectionem
852 2977 999 3048 Aetnam
1024 2976 1276 3070 Apostolorum.

511 3092 652 3166 Praesta
677 3090 774 3165 nohis
796 3093 939 3165 Domine
964 3101 1001 3164 ut
1026 3115 1088 3189 per
1114 3096 1375 3166 intercessiones
1391 3092 1633 3190 Apostolorum
1649 3102 1779 3166 morum

409 3220 617 3300 sanctorum,
650 3229 718 3280 non
750 3210 853 3280 simus
893 3218 1044 3280 errantes
1080 3216 1136 3281 aut
1167 3208 1364 3281 vacillantes
1401 3211 1434 3279 in
1465 3208 1549 3298 lide,
1584 3209 1644 3308 sed
1676 3218 1712 3280 ut
1744 3212 1778 3282 in

409 3323 622 3398 confessione
654 3347 770 3396 eorum
806 3346 1083 3422 perseveremus,
1122 3325 1336 3420 moribusque
1368 3321 1518 3396 honestis
1553 3333 1587 3396 et
1620 3327 1777 3397 virtutum

410 3443 610 3514 ornamentis
637 3463 723 3536 quae
749 3441 903 3537 placeant
930 3440 1089 3511 divinitati
1122 3448 1218 3528 tuae,
1254 3437 1442 3532 lirlgeamus
1476 3440 1626 3514 omnihus
1661 3437 1778 3512 diebus

408 3559 499 3630 vitae
524 3568 677 3646 nostrae,
706 3556 747 3628 ad
773 3557 920 3628 ultimum
946 3577 1052 3650 usque
1079 3558 1247 3652 spiritum,
1275 3553 1405 3626 Christe
1422 3554 1515 3627 Deus
1536 3566 1668 3643 noster,
1697 3577 1777 3652 spes

408 3676 499 3745 vitae
525 3683 678 3760 nosaae,
707 3681 740 3744 et
767 3671 916 3746 salvator
942 3673 1123 3743 animarum
1148 3681 1336 3743 nostrarum
1363 3669 1568 3744 insaecula.
1604 3671 1725 3743 Amen.

511 3789 559 3859 Et
579 3793 660 3880 post
685 3788 863 3860 tectionem
887 3789 1035 3860 Actnum
1059 3786 1319 3881 Apostotoran,
1346 3787 1438 3858 dicet
1461 3786 1553 3857 donc
1581 3785 1780 3914 Orptionem

410 3911 490 3976 ante
514 3903 676 3998 Apostoli
701 3903 886 3976 lectionem.

511 4020 653 4116 Suscipe
679 4021 821 4094 Domine
846 4022 940 4094 Deus
967 4023 1136 4093 orcuones
1167 4029 1201 4092 et
1235 4017 1488 4117 deprecationes
1523 4027 1655 4093 nostras
1690 4019 1776 4116 apud

409 4143 461 4224 te,
487 4135 553 4208 hoc
578 4146 747 4231 tempore,
775 4148 807 4209 et
822 4147 956 4233 praesta
977 4137 1075 4210 nohis
1090 4147 1126 4207 ut
1144 4159 1217 4208 cum
1234 4137 1376 4231 puritate
1397 4145 1431 4207 et
1454 4139 1629 4209 sanctitate
1649 4136 1777 4210 obser-

409 4271 527 4326 vemus
561 4252 714 4324 mandata
748 4262 821 4340 ura,
857 4263 891 4324 et
929 4251 1167 4348 Apostolorum
1208 4261 1336 4324 tuorum
1377 4251 1580 4341 divinorum,
1617 4262 1650 4323 ct
1683 4252 1778 4326 Pauli

412 4367 579 4440 architecti
612 4379 647 4441 et
681 4368 901 4442 aedificatoris
927 4368 1104 4442 Ecclesiae
1137 4379 1214 4440 trae
1249 4378 1386 4441 sanctae
1421 4369 1585 4460 Domine,
1618 4368 1711 4440 Deus
1744 4372 1776 4440 in

411 4482 553 4560 saecula.
1715 4493 1719 4504 '

513 4600 735 4695 Evangelium
768 4612 916 4674 sanctum
948 4602 1081 4673 Domini
1112 4603 1219 4674 nostri
1257 4600 1339 4676 lesu
1375 4599 1516 4688 Christi,
1551 4599 1777 4697 praedicatum

409 4738 472 4811 per
497 4716 687 4790 Mathaeum
711 4718 931 4815 Apostolum,
958 4727 1013 4789 aut
1038 4740 1099 4813 per
1125 4716 1306 4808 loannem,
1341 4720 1443 4790 vitam
1476 4727 1511 4789 et
1536 4716 1677 4790 salutem
1711 4739 1778 4788 an-

409 4838 570 4906 nuncians
596 4834 728 4907 mundo.
780 4834 871 4905 Sine.
924 4835 1146 4907 Annunciatio
1173 4833 1308 4906 vivifica
1335 4857 1396 4931 per
1422 4831 1592 4923 Marcum,
1619 4844 1675 4907 aut
1700 4831 1778 4903 Lu-

411 4971 484 5020 cam
510 4947 764 5064 Euangelistas‚
793 4973 879 5047 quae
905 4953 1082 5023 annunciat
1106 4951 1209 5023 vitam
1236 4961 1270 5058 et
1296 4949 1433 5024 salutem
1460 4948 1592 5021 mundo.

449 5083 536 5132 tomus
549 5089 575 5131 tt.
1547 5068 1571 5142 6
