4784 6040
681 509 757 585 sca
946 479 953 490 “
1246 481 1477 582 nonen

678 695 800 774 matius
832 694 892 773 epit
917 697 939 765 †
967 691 1162 764 tautane
1192 691 1392 769 sanctificavit
1420 695 1443 763 t
1468 690 1578 772 trepit,
1612 689 1771 769 diuisitque
1798 687 1952 767 Apostolis
1982 692 2049 752 sitis

678 793 810 854 sanctis:
832 793 953 854 dicem:
975 790 1120 869 Accipite,
1142 790 1322 850 manducate
1343 809 1383 849 ea
1405 808 1457 850 eo:
1479 788 1545 851 lice
1567 797 1612 851 est
1626 806 1738 866 corpus
1759 805 1866 862 meum,
1888 787 1969 868 quod
1986 807 2047 867 pro

678 890 767 952 nodis
788 899 817 953 ct
834 910 892 970 pro
914 891 1014 952 multis
1032 888 1195 968 franpitur,
1219 895 1248 949 et
1269 889 1368 963 datur,
1391 887 1434 949 od
1454 890 1659 949 remissionem
1676 893 1880 965 peecatorum,
1903 893 1934 947 et
1953 889 2047 948 ailam

680 997 843 1054 aeternam.
856 988 1006 1069 ¹Populus.
1029 986 1132 1050 Amen.
1158 985 1315 1050 Sacerdos.
1364 985 1465 1048 Etiam
1487 1005 1578 1066 super
1600 987 1725 1047 calicem
1750 985 1879 1065 perfecit
1899 985 1957 1047 hoc
1978 1007 2047 1069 mp-

680 1091 804 1151 sterium
826 1088 1069 1169 dispensotionis,
1091 1089 1221 1148 miscens
1233 1087 1314 1147 illum
1328 1087 1399 1167 cino
1420 1094 1452 1147 et
1465 1105 1556 1166 aqua,
1579 1094 1609 1148 et
1628 1087 1768 1148 uirtutem
1789 1084 1876 1146 ambi
1895 1087 1946 1146 sui
1965 1087 2048 1146 oini-

679 1189 799 1266 ticontis
819 1191 852 1249 in
874 1207 909 1249 eo
932 1187 1100 1260 adsccndit,
1122 1187 1221 1264 ipsam
1243 1204 1320 1265 queue
1348 1204 1465 1264 semper
1485 1191 1515 1246 et
1531 1193 1678 1265 perpetuo
1700 1185 1870 1267 sanctificat
1897 1191 1927 1244 et
1948 1187 2047 1264 perti-

681 1289 739 1348 cit:
760 1289 880 1368 pretias
912 1289 1014 1366 epar
1037 1285 1192 1348 benedicit
1211 1290 1234 1358 ἦ
1257 1293 1286 1346 et
1306 1285 1508 1364 sancdficooit
1528 1290 1550 1358 †
1573 1286 1709 1346 dicens:v
1724 1282 1870 1362 Accipite,
1894 1283 1984 1345 bibite
2006 1304 2047 1345 ea

681 1403 718 1444 eo
740 1403 860 1446 omnes:
881 1385 939 1447 llic
961 1392 1006 1446 est
1027 1387 1152 1464 sanpuis
1173 1402 1257 1446 meus
1277 1382 1358 1446 Noai
1371 1383 1557 1460 Testamenti,
1581 1385 1633 1464 peti
1649 1402 1708 1462 pro
1730 1382 1816 1444 nobis
1838 1390 1868 1442 et
1885 1400 1944 1461 pro
1966 1383 2046 1443 mul-

680 1485 720 1544 tis
742 1481 912 1564 effunditur,
934 1492 964 1546 et
984 1484 1085 1559 datur,
1107 1484 1151 1544 ud
1171 1484 1378 1544 remissionem
1397 1490 1601 1561 peccatorum,
1623 1489 1653 1542 et
1673 1484 1766 1543 eitam
1789 1489 1955 1544 aeternum.
1985 1481 2047 1543 Pa-

680 1580 779 1664 pulus.
802 1583 906 1647 Amen.
931 1581 1089 1646 Sacerdos.
1112 1581 1359 1661 Quotiescumque
1388 1579 1546 1658 sacrificio
1575 1581 1633 1642 loc
1658 1581 1761 1642 divino
1789 1580 1988 1659 reficiernini,
2017 1589 2048 1643 et

678 1701 789 1762 panem
810 1681 888 1744 hunc
914 1681 1153 1755 manducabitis,
1187 1682 1367 1759 calicemque
1396 1679 1474 1740 leuno
1501 1678 1624 1756 bibetis,
1654 1698 1709 1758 epo
1738 1681 1770 1740 in
1795 1680 1925 1740 acediam
1951 1681 2048 1742 vestri

680 1783 810 1856 uariam,
832 1801 923 1860 super
944 1781 1080 1843 throrrum
1102 1781 1219 1854 sedens,
1244 1797 1410 1858 panemque
1435 1785 1466 1838 et
1492 1780 1594 1840 uinum
1617 1797 1676 1857 per
1704 1779 1842 1839 unionem
1872 1795 2045 1840 assumens:

681 1887 770 1960 atque
791 1883 823 1941 in
840 1888 956 1960 patena
977 1888 1008 1942 et
1028 1881 1123 1942 colice
1144 1878 1294 1941 lentitudo.
1319 1876 1392 1938 Cum
1411 1879 1504 1956 ipitur
1524 1878 1567 1938 ad
1586 1878 1758 1958 mysterium
1780 1878 1863 1938 istud
1885 1877 2046 1939 celebrun-

599 1979 610 1994 “
680 1980 751 2040 dum
773 1973 966 2056 conuenietis,
986 1999 1047 2042 non
1068 1979 1190 2042 recedet
1209 1997 1230 2039 a
1252 1977 1339 2039 uobis
1353 1978 1499 2038 memoria
1521 1978 1628 2038 mortis
1649 1994 1744 2051 meae,
1767 1983 1797 2036 et
1818 1977 1900 2037 illrum
1923 1996 2046 2038 annun-

680 2078 811 2154 ciabitis,
841 2081 1091 2142 resurrectionem
1124 2096 1238 2158 quoquc
1266 2094 1363 2137 rneom
1391 2066 1582 2153 confitentes,
1610 2076 1705 2136 donec
1734 2076 1863 2137 uariam.
1914 2073 2045 2158 Insignis

681 2177 880 2254 sancimus,
914 2178 945 2238 in
967 2194 1027 2258 quo
1051 2176 1248 2257 explicando,
1277 2182 1307 2235 et
1337 2174 1375 2236 ad
1402 2175 1631 2235 Pratastantium
1660 2176 1839 2235 sententiam
1872 2173 2045 2237 reducenda

681 2295 831 2340 exercere
854 2296 887 2339 se
910 2283 1048 2358 possunt,
1072 2277 1250 2358 quicumque
1270 2273 1398 2336 Claudia
1429 2275 1549 2353 saepius
1580 2273 1618 2334 de
1645 2272 1840 2335 Orientalium
1868 2271 1926 2334 fide
1955 2273 2045 2355 peje-

680 2359 769 2453 ranti,
792 2378 912 2440 nimium
935 2377 1022 2439 facile
1046 2373 1248 2438 crediderunt.
1293 2372 1449 2466 Quamvis·
1464 2380 1563 2434 autem
1584 2390 1653 2434 rara
1676 2373 1737 2436 sint
1767 2373 1913 2453 ejusmodi
1942 2391 2046 2453 expo-

680 2477 820 2540 silianum
842 2476 910 2539 fidei
934 2478 962 2539 in
984 2475 1126 2556 liturgiis
1149 2473 1297 2553 exempla,
1322 2491 1389 2534 cum
1412 2479 1511 2533 tamen
1531 2472 1617 2534 istius
1640 2479 1723 2534 certa
1746 2473 1785 2534 sit
1799 2471 1879 2554 apud
1891 2473 2045 2537 lacohitas

681 2575 774 2656 Syros
787 2557 796 2579 ”
805 2577 959 2654 autoritas,
990 2575 1074 2656 rejici
1103 2574 1302 2636 testimonium
1330 2571 1409 2634 illius
1437 2588 1499 2634 non
1527 2578 1641 2652 potest,
1668 2571 1848 2652 praesertim
1877 2590 1944 2635 cum
1972 2574 2046 2636 nihil

681 2677 842 2752 contineat,
865 2674 945 2756 quod
968 2675 1072 2737 iisdem
1094 2673 1198 2736 verbis
1221 2671 1290 2734 alibi
1313 2689 1374 2733 non
1402 2679 1558 2733 occurrat:
1588 2678 1649 2734 tum
1676 2672 1706 2732 in
1734 2671 1893 2752 precihus,
1925 2680 1986 2735 tum
2013 2675 2046 2735 in

678 2776 799 2857 scriptis
822 2774 1025 2858 Theologicis.
1062 2774 1162 2836 Verba
1183 2772 1232 2834 illa
1255 2774 1393 2834 uirtutem
1414 2770 1501 2832 ambi
1522 2773 1570 2832 sui
1590 2770 1778 2849 vivificantis
1799 2773 1831 2832 in
1853 2791 1888 2833 eo
1911 2772 2046 2834 abscon-

681 2876 735 2953 dit,
758 2875 864 2937 eadem
885 2874 1064 2956 significant,
1088 2890 1122 2935 ac
1145 2874 1201 2935 ista
1224 2889 1301 2954 quae
1325 2873 1355 2932 in
1378 2869 1562 2932 orationibus
1583 2870 1735 2954 leguntur,
1758 2872 1901 2932 uirtutem
1912 2871 2045 2951 Spiritus

681 2976 781 3036 sancti
801 2973 940 3035 traditore
961 2976 993 3034 in
1005 2971 1093 3053 'pone
1115 2972 1344 3034 etcommisceri
1356 2971 1454 3034 calici.
1482 2971 1591 3033 Dicunt
1613 2973 1702 3033 etiam
1724 2969 1881 3034 lacebitae
1895 2970 2045 3034 Christum

681 3081 752 3154 post
774 3072 1033 3135 consecrationem
1055 3071 1282 3148 clementorum,
1305 3071 1408 3131 antire
1423 3077 1453 3131 et
1472 3072 1625 3150 ptiescerc
1646 3072 1678 3132 in
1700 3071 1811 3133 altari:
1832 3071 1862 3133 id
1886 3073 1965 3134 enim
1986 3071 2046 3134 hac

680 3173 749 3234 loco
772 3172 919 3256 significat
941 3191 1002 3235 vox
1021 3172 1141 3247 Tironi,
1163 3189 1229 3232 nam
1250 3169 1395 3232 Graecam
1417 3171 1606 3232 retinuerunt
1627 3169 1714 3251 hujus
1737 3170 1889 3254 Liturgiaa
1912 3179 2045 3235 autores.

680 3273 724 3334 lta
746 3280 846 3334 autem
868 3271 937 3353 Syri
958 3273 989 3333 in
1010 3271 1089 3342 stilo,
1102 3270 1319 3332 Ecclesiastico
1349 3276 1475 3346 vocant,
1503 3269 1629 3332 mediam
1659 3269 1761 3334 altaris
1788 3278 1904 3352 partem
1932 3271 1962 3332 in
1985 3288 2046 3351 qua

360 3381 446 3435 sarri
461 3380 668 3449 innuptae.
682 3372 781 3434 discus
811 3371 1036 3435 Eucharisticus
1065 3378 1096 3433 et
1124 3369 1203 3432 calix
1233 3353 1436 3450 collocantur,
1471 3378 1504 3433 ut
1533 3371 1637 3433 videre
1666 3379 1713 3434 est
1741 3371 1771 3431 in
1798 3370 1907 3433 Rituali
1936 3370 2046 3432 Severi

682 3472 872 3550 Antiocheni,
897 3479 927 3534 et
948 3471 1014 3552 pari
1035 3471 1152 3532 ratione
1175 3469 1305 3534 Arabica
1327 3479 1453 3534 vacatur
1474 3481 1552 3538 'D'ln
1574 3470 1683 3546 llarsi,
1712 3488 1783 3552 pars
1805 3469 1854 3532 illa
1877 3469 1991 3532 scilicet
2013 3472 2046 3532 in
2149 3532 2153 3544 ,

621 3639 624 3646 ,
682 3590 741 3653 qua
764 3571 887 3648 Tollite,
909 3570 974 3632 sive
997 3569 1111 3631 Tabula
1133 3579 1310 3632 consecrata
1332 3569 1391 3631 lixa
1406 3578 1462 3632 est.
1497 3568 1584 3643 Quod
1606 3569 1742 3650 sequitur
1760 3589 1872 3648 ponem
1894 3577 1925 3631 et
1943 3572 2047 3632 uinum

678 3691 736 3751 per
757 3666 895 3732 unionem
923 3688 1095 3732 assumens:
1128 3668 1315 3730 adverbum
1344 3668 1479 3731 redditur
1500 3671 1625 3730 uniens:
1655 3667 1708 3731 sed
1739 3687 1806 3730 cum
1835 3669 1940 3731 eadem
1967 3687 2046 3732 voce

682 3769 851 3850 explicetur
873 3787 890 3830 a
912 3767 1008 3849 Syris,
1031 3771 1102 3829 unio
1125 3786 1182 3849 qun
1202 3768 1335 3847 Verbum
1358 3781 1478 3831 carnem
1501 3769 1651 3845 assumsit,
1675 3767 1732 3829 alia
1755 3767 1842 3849 hujus
1864 3767 1924 3831 laci
1945 3767 2046 3849 sigui-

682 3870 783 3930 ficatia
813 3887 882 3931 esse
909 3867 989 3930 nulla
1016 3875 1126 3948 potest.
1179 3851 1431 3948 Frequentissima
1458 3884 1552 3948 porro
1581 3865 1660 3947 apud
1691 3866 1785 3948 Syros
1813 3867 1967 3931 lacohitas
1998 3874 2046 3930 est

651 3962 655 3970 '
682 3969 759 4032 hoec
786 3967 968 4048 Theologie3
1000 3985 1107 4048 panem
1136 3975 1166 4029 et
1195 3968 1295 4028 vinmn
1322 3967 1386 4030 lieri
1414 3966 1531 4048 Corpus
1561 3973 1591 4029 et
1619 3968 1796 4048 sanguinem
1827 3967 1952 4045 Christi,
1987 3983 2045 4048 per

684 4068 909 4146 assumtionem,
943 4074 974 4130 et
1003 4068 1162 4145 unionem,
1200 4069 1277 4128 sieut
1314 4079 1425 4147 corpus
1454 4066 1613 4128 humanum
1646 4086 1685 4128 ax
1715 4085 1805 4128 carne
1840 4074 1870 4129 et
1897 4067 2046 4150 sanguine

682 4170 793 4233 Beatae
816 4169 949 4251 Virginis
970 4167 1137 4245 sarmatum,
1162 4167 1271 4230 iactum
1294 4175 1340 4230 est
1363 4185 1474 4246 corpus
1491 4165 1584 4229 Verbi
1606 4166 1672 4242 Dei,
1696 4175 1859 4230 assumtum
1882 4175 1911 4229 et
1933 4165 2045 4228 unitum

683 4269 785 4332 Verba
807 4269 874 4334 Dei.
917 4269 962 4331 lta
983 4268 1160 4348 Anonymus
1183 4269 1214 4329 in
1237 4267 1348 4330 Codice
1371 4266 1519 4344 hledice0,
1543 4274 1573 4328 et
1601 4265 1736 4347 phirimis
1765 4267 1841 4329 loeis
1870 4274 1956 4328 autor
1979 4263 2045 4324 Ho-

683 4368 826 4431 miliarum
849 4370 888 4432 de
910 4368 1023 4431 circulo
1047 4368 1115 4429 anni
1138 4367 1174 4428 ad
1204 4385 1289 4429 usum
1312 4367 1467 4429 Ecclesiae
1489 4366 1731 4446 Alexandrinae,
1763 4368 1865 4448 quiin
1887 4367 1982 4448 prima
2004 4363 2044 4426 de

683 4467 849 4550 Evangelio
879 4469 980 4530 Lucae
1006 4467 1046 4528 ita
1075 4467 1217 4548 loquitur.
1275 4465 1428 4528 Sacerdos
1458 4466 1591 4546 postulat
1621 4465 1761 4544 illapsum
1787 4467 1919 4546 Spiritus
1946 4463 2047 4526 sancti

682 4586 901 4649 superparem
923 4575 954 4629 et
973 4569 1083 4642 uinum,
1109 4573 1144 4627 ul
1163 4585 1202 4627 ea
1229 4565 1416 4646 sanctificet:
1446 4575 1476 4628 et
1501 4573 1659 4645 postquam
1687 4565 1727 4627 ab
1756 4567 1822 4646 ipso
1850 4565 2046 4644 sancdlicata

682 4668 1075 4744 contumacitatem
1102 4667 1205 4742 Filius,
1226 4666 1361 4747 fiuntque
1391 4668 1456 4744 ep'us
1482 4685 1591 4745 corpus
1618 4674 1648 4727 et
1672 4669 1797 4747 sanquis
1822 4687 1879 4746 per
1906 4667 2045 4727 unioreern

682 4771 755 4848 ejus,
777 4787 844 4831 cum
865 4768 934 4828 iltis.
979 4766 1015 4828 Et
1037 4766 1066 4828 in
1090 4783 1125 4828 aa
1147 4783 1225 4847 quae
1248 4772 1294 4826 est
1322 4766 1360 4828 de
1383 4764 1508 4828 Cantica
1532 4764 1695 4828 Zachariae
1718 4765 1756 4828 ad
1778 4785 1815 4830 cn
1837 4765 1947 4828 verba:
1972 4763 2045 4824 illu-

681 4870 798 4930 minare
819 4885 871 4929 cos
893 4867 945 4946 qui
965 4867 997 4926 in
1018 4865 1125 4926 madro
1145 4866 1253 4927 mortis
1274 4865 1393 4926 sederit:
1428 4865 1468 4926 ita
1491 4865 1631 4945 loquitur.
1681 4865 1844 4944 Srpnificot
1871 4865 1920 4926 lic
1949 4863 2044 4940 locus,

678 4969 761 5050 quod
780 4967 868 5031 nobis
889 4967 1019 5048 quotidie
1035 4965 1173 5028 Christus
1194 4967 1300 5042 oritur,
1322 4965 1499 5025 incantatus
1512 4963 1644 5048 inhdisco
1666 4972 1696 5025 et
1715 4967 1747 5026 in
1769 4965 1880 5026 calice:
1903 4971 1992 5042 atque
2015 4959 2046 5022 id
