4712 6032
715 587 792 664 168
1217 581 1574 660 LlTUllGlA

713 775 838 850 clarum
866 785 899 846 et
924 771 1151 845 benedictum:
1179 769 1340 864 simulque
1366 771 1499 842 Domini
1525 770 1631 841 nostri
1656 765 1739 838 Jesu
1758 763 1880 838 Christi
1906 774 1941 838 et
1966 762 2080 859 Spiri-
2209 795 2212 808 ·

715 903 767 966 tus
794 893 839 964 tui
865 893 981 963 sancti.
1194 885 1355 979 Populus.
1382 887 1483 957 Sicut

818 1006 1003 1079 Sacerdos.
1029 1003 1113 1076 Pax.
1255 1001 1417 1095 Populus.
1443 998 1487 1070 Et
1513 1023 1586 1072 cum
1613 1001 1729 1094 spiritu
1755 1007 1823 1072 tuo.

820 1121 1003 1194 Sacerdos.
1029 1118 1291 1192 Misericordiae.

819 1237 994 1308 Sacerdos
1016 1237 1149 1328 franpit
1175 1235 1319 1305 bostiam
1347 1235 1547 1325 et.si9nat.·

819 1352 1005 1424 Diaconos.
1033 1352 1155 1424 lterum
1182 1361 1281 1445 atque
1307 1352 1435 1421 iterum.

950 1556 1125 1629 Sacerdos
1150 1558 1236 1628 dicit
1263 1556 1459 1627 Orationem
1485 1561 1566 1627 onte
1590 1556 1692 1628 Pater
1718 1563 1843 1628 noster.

822 1749 874 1819 'lu
901 1751 956 1843 qui
983 1749 1152 1820 orationes
1179 1746 1340 1842 suscipis,
1368 1753 1401 1816 et
1426 1744 1609 1841 respondes
1634 1741 1865 1840 petitionibus,
1891 1740 1984 1816 Deus
2010 1743 2082 1815 Pa-

719 1873 786 1935 ter:
814 1865 868 1956 qui
893 1885 955 1958 per
980 1862 1098 1934 Filium
1124 1873 1212 1933 tuum
1240 1861 1392 1932 dilectum
1419 1860 1560 1933 docuisti
1586 1883 1668 1950 nos,
1701 1870 1736 1931 ut
1762 1880 1877 1932 coram
1903 1868 1936 1930 te
1969 1868 2083 1932 sture-

717 2000 810 2066 mus,
837 1987 871 2050 et
897 1999 972 2050 cum
997 1981 1139 2074 puritate
1166 1987 1200 2049 et
1226 1980 1400 2051 sanctitate
1424 1987 1458 2048 tc
1485 1999 1665 2051 oraremus.
1718 1976 1790 2064 Tu,
1817 1977 1959 2050 Domine
1979 1976 2084 2063 Deus,

720 2094 870 2167 concede
883 2094 994 2183 nobis,
1020 2105 1056 2166 ut
1073 2116 1148 2166 curn
1166 2096 1309 2189 puritate
1323 2095 1463 2182 animae,
1489 2095 1606 2164 mentis
1620 2092 1841 2180 abstersione,
1868 2105 1901 2166 et
1922 2094 2086 2164 castimo-

722 2215 789 2298 nia,
817 2210 996 2282 clamemus
1013 2208 1056 2281 ad
1072 2220 1116 2298 tc,
1144 2231 1277 2282 oremus
1305 2220 1339 2280 et
1365 2208 1527 2281 dicamus:
1554 2209 1654 2282 Pater
1665 2219 1781 2282 noster
1793 2211 1848 2304 qui
1866 2229 1905 2280 es
1921 2211 1955 2279 in
1971 2208 2085 2281 coelis.

826 2325 986 2418 Populos.
1014 2325 1254 2397 Sanctificetur.

826 2441 1011 2514 Sacerdos.
1046 2442 1184 2530 Salva,¹
1200 2442 1343 2514 Domine
1383 2442 1496 2531 Deus,
1531 2443 1658 2514 animas
1691 2461 1865 2513 servorum
1902 2448 2032 2512 tuorum
2067 2461 2087 2510 a

722 2555 955 2630 tentationibus
982 2561 1131 2654 asperis,
1159 2567 1193 2629 et
1218 2556 1260 2629 ab
1289 2561 1377 2628 omni
1398 2556 1639 2632 machinatione
1652 2557 1872 2646 Daemonum,
1897 2554 2087 2626 bominum-

724 2694 790 2767 que
824 2671 1068 2768 improborum,
1102 2683 1135 2745 et
1169 2671 1441 2769 implacabilium,
1475 2677 1551 2768 quia
1584 2685 1618 2746 tu
1649 2681 1769 2769 potens
1794 2677 1938 2746 omnium
1968 2693 2022 2744 es:
2055 2678 2089 2742 et

721 2789 781 2862 tibi
807 2789 949 2882 gloriam
975 2788 1170 2878 referimus,
1198 2801 1261 2861 etc.

825 2905 986 2998 Populos.
1012 2908 1132 2979 Arnen.

828 3020 1013 3093 Sacerdos.
1040 3022 1125 3094 Pax.

826 3136 988 3230 Populos.
1014 3136 1058 3208 Et
1085 3161 1159 3209 curn
1186 3139 1302 3232 spiritu
1328 3147 1396 3210 tuo.

827 3253 1015 3324 Diocoaas.
1041 3253 1198 3325 Inclinate
1224 3258 1333 3350 capita
1358 3265 1484 3326 vestra.

827 3368 1011 3442 Sacerdos.
1038 3367 1082 3441 Et
1106 3369 1170 3444 illis
1197 3373 1252 3464 qui
1278 3393 1392 3443 coram
1418 3382 1452 3442 te
1477 3371 1623 3444 inclinati
1655 3381 1749 3460 sunt,
1784 3373 1943 3460 Domine,
1977 3374 2089 3448 benc-

723 3485 776 3557 dic
801 3489 1018 3581 pergratiam
1045 3493 1145 3574 tuam,
1172 3495 1205 3558 et
1230 3489 1462 3561 miserationes
1488 3497 1562 3560 tuas
1576 3477 1716 3578 multas,'
1732 3499 1767 3561 et
1785 3486 1839 3561 iac
1865 3488 1941 3562 illos
1969 3492 2088 3585 dignos

585 3603 590 3610 ’
721 3605 893 3698 mysteriis
920 3605 982 3676 tuis
1008 3601 1271 3690 vivificantibus,
1297 3614 1331 3674 et
1356 3606 1607 3699 participatione
1633 3606 1802 3678 societatis
1835 3627 1910 3677 cum
1937 3631 2089 3719 congre·

725 3720 863 3811 gatione
888 3727 1077 3791 sanctorum
1105 3729 1254 3809 tuorum,
1280 3730 1316 3791 ut
1341 3719 1490 3791 referant
1514 3719 1572 3793 libi
1599 3719 1751 3811 laudern,
1777 3731 1841 3793 etc.

828 3832 1013 3918 Sacerdos.
1038 3834 1113 3906 Pax
1138 3832 1239 3906 vobis
1266 3835 1428 3908 omuibus.

829 3950 991 4044 Populus.
1017 3948 1061 4021 Et
1087 3972 1161 4022 curn
1188 3951 1303 4047 spiritu
1329 3961 1396 4023 tuo.

830 4066 1015 4138 Sacerdos.
1043 4065 1103 4140 Sit.

830 4182 1017 4254 Diaconas.
1044 4182 1177 4256 Stemus
1205 4181 1371 4256 decenter.

832 4297 1008 4370 Sacerdos
1034 4298 1171 4370 elecem
1195 4303 1356 4391 mysteria
1382 4301 1475 4370 dicit.
1527 4302 1650 4376 Sancta
1677 4306 1809 4376 sanctis.

832 4414 992 4508 Populos.
1020 4413 1113 4487 Unus
1139 4414 1240 4488 Pater
1267 4424 1421 4504 saucius,
1448 4428 1512 4489 etc.

951 4623 1127 4694 Sacerdos
1153 4622 1238 4692 dicit
1264 4623 1461 4695 Orationem
1482 4634 1564 4719 post
1589 4627 1866 4699 Commaaioaem.

835 4811 922 4898 Quid
947 4813 1166 4885 retribuemus
1192 4811 1331 4886 bonitati
1357 4824 1453 4904 tuac,
1478 4815 1573 4888 Deus
1598 4828 1716 4891 noster
1741 4816 1906 4911 benigue,
1941 4840 2004 4913 pro
2032 4841 2095 4892 sa-

729 4926 797 5000 lute
824 4931 887 5000 ista
915 4951 1014 5021 quam
1050 4927 1167 5002 dedisti
1201 4927 1327 5002 nobis?
1362 4930 1509 5003 Gloriam
1542 4932 1685 5006 debiturn
1722 4934 1843 5010 offerre
1878 4935 1953 5030 quis
1989 4937 2097 5029 possit

599 5057 601 5062 ’
731 5048 831 5118 etiam
856 5043 1079 5142 imperfecte?
1106 5044 1270 5131 Quantum
1295 5047 1396 5139 igitur
1421 5047 1582 5144 possibile
1609 5063 1672 5144 est,
1699 5051 1896 5144 adoramus,
1922 5048 2097 5145 glorifica-
