4814 6060
641 497 717 572 478
1148 496 1505 574 llTUllGlb

641 689 736 758 sione
762 696 818 756 tua
845 683 985 781 hyssopi
1012 685 1058 754 tui
1085 681 1303 780 mundame,
1331 704 1441 779 neque
1459 682 1629 777 elongeris
1657 708 1763 772 ame,
1791 685 1850 760 sed
1865 684 2009 760 abundet

638 805 670 873 in
697 824 751 872 me
778 803 885 892 gratia
912 813 989 888 tua,
1016 808 1049 870 et
1074 798 1180 870 libera
1210 821 1263 870 me
1290 798 1332 871 ab
1360 797 1511 871 omnibus
1538 803 1684 896 quaein
1710 824 1764 873 me
1798 802 1875 876 odio
1907 801 2009 894 digna

639 928 723 990 sunt.
775 916 828 988 Da
856 914 931 987 mibi
958 917 1184 987 sustinentiam
1212 925 1248 985 ut
1273 924 1443 988 transeam
1469 938 1531 1012 per
1564 916 1720 989 mundum
1753 917 1838 989 bunc
1871 928 2008 1012 tempo-

638 1034 742 1126 ralem
770 1043 803 1103 et
829 1031 1048 1104 laboriosum:
1076 1031 1118 1102 da
1146 1029 1223 1102 mibi
1249 1041 1284 1102 ut
1310 1053 1495 1124 agnoscam
1523 1031 1716 1124 dignitatem
1742 1035 1914 1104 ministerii
1941 1033 2007 1104 bu-

635 1155 709 1246 jus‚
736 1156 871 1243 praesta
899 1169 952 1217 me
979 1145 1113 1238 dignum
1127 1144 1248 1217 lumine
1262 1155 1318 1218 tuo
1333 1158 1483 1220 aeterno.
1536 1147 1705 1221 Memento
1730 1149 1873 1221 Domine
1892 1171 2007 1221 eorum

640 1268 753 1362 quiin
781 1263 882 1335 exilio
910 1271 1001 1350 sunt,
1028 1263 1249 1350 intirmorum,
1276 1273 1310 1334 et
1337 1263 1545 1352 afflictorum,
1573 1273 1747 1338 eteorum
1784 1268 1839 1360 qui
1872 1274 2008 1360 sperant

638 1388 671 1454 in
699 1393 751 1470 te;
787 1389 885 1475 atque
919 1379 1041 1472 adjuva
1078 1401 1138 1450 eos
1167 1382 1199 1448 in
1233 1383 1445 1472 necessitate.
1497 1380 1666 1452 Memento
1701 1383 1799 1452 etiam
1831 1383 1941 1469 aeris,
1973 1390 2008 1452 et

639 1496 816 1594 multiplica
844 1495 1111 1566 benedictionem
1137 1496 1229 1565 anni:
1256 1505 1355 1590 atque
1383 1492 1615 1583 abundantiam
1634 1494 1797 1568 fructuum
1813 1496 1907 1568 simul
1933 1518 2006 1568 cum

638 1638 741 1712 pace,
767 1611 821 1682 lac
847 1615 880 1683 in
909 1610 993 1683 orbe
1020 1607 1180 1681 obtinere.

742 1729 905 1822 Populos.
959 1726 1065 1822 Myris
1093 1725 1230 1797 eleison.

742 1844 917 1916 Sacerdos
949 1842 1086 1914 elevans
1117 1864 1243 1914 aecem.
1296 1841 1446 1936 Integre,
1482 1842 1652 1938 perlecta,
1685 1851 1718 1914 et
1750 1841 2007 1914 misericorditer

639 1963 806 2035 conserva
833 1959 976 2033 Domine
1001 1957 1158 2054 populum
1185 1969 1273 2030 tuum
1299 1956 1445 2048 fidelem,
1473 1969 1506 2029 et
1531 1955 1635 2030 libera
1662 1980 1725 2029 nos
1740 1982 1759 2031 a
1774 1957 1889 2030 lurore
1911 1958 2006 2048 duro,

640 2089 674 2150 et
700 2077 796 2151 salva
822 2099 885 2150 nos
913 2099 932 2148 a
960 2074 1048 2146 fame
1076 2083 1110 2146 et
1136 2065 1334 2169 pestilentia,
1361 2083 1659 2160 aterraemotuet
1677 2073 1840 2148 incendio.
1894 2076 2006 2147 Prae·
2101 2109 2106 2128 ·

640 2217 741 2269 serva
775 2214 838 2265 nos
866 2217 886 2264 a
912 2187 1146 2262 tentationibus
1179 2189 1313 2262 Diaboli
1347 2201 1381 2263 et
1413 2188 1455 2261 ab
1490 2188 1640 2263 omnibns
1676 2193 1834 2282 inimicis,
1868 2192 2006 2264 occultis

640 2323 673 2383 et
699 2308 893 2382 manifestis.
946 2305 1017 2378 Nos
1046 2308 1144 2380 etism
1170 2303 1295 2379 liberos
1322 2316 1458 2402 praesta
1486 2329 1505 2378 a
1531 2304 1743 2402 passionibus
1775 2311 1946 2403 perversis
1973 2319 2009 2382 et

486 2447 488 2459 ·
518 2477 526 2492 t
638 2425 878 2528 reprobandis,
905 2433 938 2495 et
965 2421 1007 2494 ab
1035 2424 1124 2495 omni
1156 2444 1363 2516 quocumque
1399 2444 1512 2496 aarum
1546 2444 1656 2493 rerum
1689 2443 1833 2514 genere,
1869 2413 1954 2519 quae
1986 2449 2007 2497 a

638 2556 671 2616 te
697 2564 760 2614 nos
787 2539 904 2638 procul
931 2538 1064 2610 faciunt.
1115 2536 1224 2609 Aufer
1250 2560 1271 2607 a
1297 2538 1393 2612 nobis
1419 2539 1537 2635 plagas
1564 2537 1681 2628 malas,
1709 2549 1742 2610 et
1768 2541 1884 2632 virgus
1906 2539 2006 2614 iuro-

638 2663 701 2732 ris:
730 2659 852 2752 adjuva
879 2678 941 2728 nos
967 2653 1111 2726 Domine
1145 2651 1304 2726 Salvator
1338 2665 1471 2744 noster,
1507 2657 1779 2750 quotiescumque
1812 2659 2007 2730 invocamus

639 2785 690 2862 te,
719 2785 752 2845 et
777 2796 821 2844 ne
849 2773 1014 2867 despicias
1042 2769 1315 2866 supplicationem
1343 2770 1548 2844 adorantium
1580 2780 1623 2842 te.
1676 2771 1840 2844 Miserere
1871 2796 2006 2869 paupe-

638 2914 729 2981 mm,
757 2891 916 2986 propitius
944 2897 1017 2958 esto
1045 2907 1128 2978 erga
1154 2889 1373 2982 peregrinos:
1401 2884 1557 2982 orphanis
1584 2889 1674 2958 vitoe
1700 2891 1893 2959 necessaria
1919 2913 2006 2984 pro-

637 3007 734 3098 vide,
761 3009 944 3078 esurientes
969 3001 1073 3097 reple.
1126 3003 1271 3094 Protege
1285 3000 1473 3074 Ecclesiam
1487 3013 1589 3092 tuam,
1616 3025 1678 3098 per
1700 3025 1834 3074 crucem
1848 3007 2008 3098 unigeniti

639 3123 713 3195 Filii
740 3125 804 3210 tui,
837 3130 871 3192 et
904 3117 1015 3191 exalta
1049 3117 1135 3190 lilios
1169 3120 1260 3210 ejus,
1294 3140 1355 3214 per
1389 3123 1682 3191 conservationem
1708 3141 1813 3192 verae
1847 3119 1939 3194 fidei:
1971 3132 2008 3193 ut

637 3238 823 3313 referamus
850 3234 908 3308 tibi
936 3234 1077 3328 gloriam
1105 3231 1312 3323 atlantem,
1340 3245 1372 3307 et
1399 3237 1567 3327 unigenito
1595 3233 1679 3306 Filio
1707 3245 1782 3325 tuo,
1811 3245 1844 3306 et
1871 3235 2008 3331 Spiritui

637 3369 693 3429 tuo
721 3365 848 3429 sancto.
889 3407 897 3414 .

743 3470 903 3565 Papulas.
954 3468 1074 3540 Amen.

743 3585 918 3658 Sacerdos
948 3583 1141 3654 inclinatus.
1193 3581 1359 3656 Miserere
1391 3582 1534 3655 Domine
1565 3587 1773 3678 paupertatis
1804 3607 1918 3672 meae,
1952 3589 2007 3680 qui

496 3746 508 3762 =
640 3718 674 3778 te
701 3708 824 3777 invoco
851 3701 915 3773 boc
942 3709 1101 3794 tempore.
1154 3700 1323 3772 Memento
1350 3702 1575 3795 pergratiam
1608 3709 1694 3771 tuam
1730 3721 1843 3774 eorum
1873 3705 1932 3797 ,qui
1965 3702 2007 3774 ad

640 3832 673 3893 te
700 3819 912 3912 confugiunt,
939 3815 1137 3909 adjuvantes
1171 3813 1358 3888 Ecclesiam
1393 3824 1481 3887 tuam
1516 3823 1665 3887 sanctam
1699 3819 1733 3888 in
1766 3818 1874 3890 verbo
1908 3828 1942 3890 et
1974 3822 2008 3890 iu

583 3949 585 3952 ’
640 3959 760 4034 opere:
788 3937 843 4031 qui
868 3932 1031 4005 honorant
1058 3941 1212 4022 sanctos,
1240 3935 1295 4027 qui
1321 3954 1433 4004 curam
1461 3942 1581 4024 gerunt
1606 3954 1786 4028 pauperum
1807 3933 1920 4030 populi
1947 3938 2006 4022 tui,

641 4065 814 4126 eteorum
843 4052 957 4145 quiin
983 4047 1034 4122 bis
1061 4047 1283 4122 oblationibus
1309 4057 1436 4145 partem
1463 4045 1665 4138 babuerunt3
1698 4059 1733 4122 ut
1765 4049 1916 4139 illorum,
1952 4055 2007 4145 qui
2046 4049 2056 4060 '

642 4170 764 4244 ollerre
798 4166 996 4255 voluerunt,
1036 4165 1096 4237 sed
1134 4187 1202 4238 non
1236 4173 1422 4261 potuemnt.
1475 4165 1614 4237 Praesta
1639 4159 1780 4260 [quaque
1814 4170 2007 4240 memoriam

639 4286 762 4359 bonam
788 4281 942 4379 patribus
965 4290 998 4353 et
1023 4279 1179 4354 lrabibus
1206 4283 1348 4370 nostru,
1375 4291 1408 4352 et
1432 4283 1474 4354 iis
1501 4277 1651 4354 omnibus
1690 4284 1743 4375 qui
1775 4273 2005 4356 communica-

562 4451 569 4460 ·
640 4409 760 4473 verunt
785 4400 978 4492 necessitati
1004 4407 1157 4486 nostrae,
1185 4408 1284 4493 atque
1310 4395 1624 4469 commendaverunt
1653 4395 1771 4488 nobis,
1804 4409 1839 4471 ut
1872 4423 2005 4474 memo-

640 4517 722 4586 riam
750 4537 865 4588 eorum
892 4535 1087 4605 ageremus,
1115 4535 1229 4585 coram
1255 4523 1288 4585 te
1315 4513 1406 4586 Deus
1434 4513 1590 4585 clemens.

746 4631 906 4724 Poptdas.
960 4628 1065 4724 livric
1092 4627 1230 4701 eleison.

745 4745 919 4819 Sacerdos
946 4745 1083 4817 elevans
1108 4767 1234 4816 nocem.
1287 4743 1454 4820 Memento
1469 4747 1878 4842 Domineuniuscujusrpue
1891 4770 2006 4822 eorum

643 4882 728 4957 quos
755 4863 1086 4935 commemoravimus
1113 4845 1227 4934 eoram
1255 4869 1308 4952 te,
1334 4873 1370 4934 et
1396 4882 1509 4933 eorum
1537 4865 1633 4934 etiam
1662 4884 1800 4958 quorum
1833 4887 1900 4938 non
1927 4888 2005 4938 me-

643 4978 811 5049 minbnbs:
837 4989 873 5050 ut
908 4999 1022 5051 eorum
1053 4979 1108 5071 qui
1143 4976 1302 5070 adjuvant
1332 4998 1518 5073 pauperes,
1551 4999 1696 5070 egenos,
1731 4989 1765 5051 et
1799 4984 2033 5075 augrrstiates·
