4730 6038
726 981 1327 1162 trinitati

442 1317 834 1436 PHllllelNl
895 1316 971 1433 11⁸.
1030 1314 1601 1434 HIEROPOLITANI.

673 1657 824 1729 Primum
851 1657 973 1729 &otio
998 1663 1078 1728 onte
1104 1657 1251 1728 caerulum
1272 1644 1383 1750 pacis.

413 1874 571 1978 Dexius
597 1898 691 1970 Deus
718 1905 838 1992 potens
866 1906 900 1968 et
918 1895 1276 1992 incomprehensibilis:
1304 1895 1500 1970 abscondite
1521 1908 1554 1970 et
1570 1901 1708 1972 ininve-

344 2015 521 2112 stigabilis:
548 2013 764 2108 tranquillitas
792 2022 826 2085 et
860 2011 1014 2105 gaudium
1050 2017 1276 2109 superiorum:
1310 2035 1381 2108 pax
1406 2024 1441 2086 et
1465 2013 1589 2088 laetitia
1615 2015 1708 2089 inie-

343 2138 484 2208 riorum:
511 2127 884 2203 caritasindivisibilis:
912 2137 946 2199 et
972 2127 1104 2201 dilectio
1137 2127 1263 2201 fraudis
1298 2150 1441 2224 expers:
1468 2129 1624 2222 gaudium
1646 2135 1709 2226 ju-

345 2233 482 2337 storum,
508 2244 690 2341 triumphus
716 2247 857 2340 piorum,
884 2265 962 2340 spes
989 2244 1205 2318 Sanctorum:
1238 2243 1402 2337 retugium
1437 2245 1632 2338 lugentium:
1667 2249 1710 2321 ad

344 2376 379 2437 te
405 2364 548 2436 clamant
574 2366 703 2434 animae
729 2369 881 2434 nostrae:
909 2371 943 2432 et
969 2360 1187 2457 deprecantur
1213 2372 1246 2432 te
1273 2363 1407 2457 spiritus
1433 2364 1555 2448 nostri,
1582 2371 1617 2434 ut
1641 2385 1709 2438 uno

344 2479 480 2553 vinculo
513 2480 658 2551 caritatis
693 2500 756 2551 nos
789 2479 934 2548 invicem
973 2480 1178 2570 conjungas,
1212 2487 1247 2549 et
1280 2480 1313 2547 in
1347 2477 1463 2549 osculo
1498 2481 1648 2568 sincero,
1676 2493 1711 2555 et

254 2608 259 2618 '
345 2619 430 2694 pace
457 2598 563 2670 omnis
591 2593 657 2667 doli
684 2614 814 2681 vacua,
841 2591 1037 2666 adoratores
1063 2605 1139 2667 tuos
1173 2598 1285 2666 unias:
1317 2593 1500 2689 fiamusque
1526 2596 1583 2668 tibi
1609 2620 1710 2672 unum

346 2733 468 2807 corpus
494 2710 687 2796 indivisum,
714 2708 803 2806 quod
828 2719 863 2780 te
888 2709 1071 2802 glorificet,
1097 2712 1366 2805 unigenitumquc
1398 2710 1516 2783 Filium
1542 2720 1649 2800 tuum„
1675 2721 1710 2786 et

346 2827 502 2924 Spiritum
529 2837 618 2900 tuum
645 2827 896 2916 sanctissimum,
923 2835 986 2898 eto.

449 2944 610 3038 Populum.
662 2943 781 3014 Amen.

447 3060 633 3133 Sacerdos.
684 3061 768 3132 Pax.
1079 3156 1082 3162 A

451 3177 612 3272 Populus.
664 3175 808 3248 Etcum
835 3178 949 3271 spiritu
976 3185 1042 3247 tuo.

449 3293 637 3365 Diaconcs.
689 3292 758 3363 Det
781 3313 900 3386 pacem
926 3293 1161 3386 unusquisque.

450 3409 612 3504 Populos.
666 3408 799 3481 Omnes.

452 3525 643 3599 Diaconum.
694 3523 784 3596 Post.

451 3641 613 3735 Populus.
667 3639 790 3712 Coram
819 3648 860 3710 te.

450 3756 626 3829 Sacerdos
652 3756 789 3827 elevans
814 3776 939 3826 nocem.
992 3755 1085 3828 Deus
1111 3756 1251 3849 largitor
1284 3755 1550 3830 benedictionum
1578 3765 1612 3828 et
1638 3755 1715 3830 dis-

253 3927 257 3934 ·
347 3872 488 3946 tributor
522 3873 698 3946 donorum:
725 3882 844 3967 potens
871 3873 904 3942 in
939 3871 1141 3961 muneribus,
1168 3883 1202 3945 et
1228 3873 1323 3948 dives
1345 3877 1378 3946 in
1405 3874 1548 3962 auxiliis,
1574 3871 1716 3945 benedic

350 3988 491 4062 dextera
518 3999 574 4060 tua
599 3990 726 4083 potenti
752 3997 786 4059 et
810 3985 947 4061 brachio
974 3997 1030 4059 tuo
1064 3987 1221 4073 excelso,
1263 4011 1347 4064 oves
1381 3992 1498 4084 gregis
1533 3991 1579 4060 tui
1610 3991 1716 4084 spiri-

348 4106 459 4195 tualis,
487 4116 521 4178 et
547 4107 638 4177 mitte
666 4104 730 4176 illis
758 4103 799 4176 de
827 4101 1018 4176 sublimibus
1046 4109 1168 4178 sanctis
1195 4109 1271 4194 tuis,
1299 4129 1397 4178 omne
1421 4107 1530 4178 datum
1558 4108 1716 4202 optimum

350 4232 385 4293 et
411 4226 521 4295 omnia
548 4223 636 4296 dona
662 4221 821 4318 perfecta.
873 4220 976 4316 lmple
1003 4223 1100 4293 etiam
1113 4222 1231 4310 corda
1270 4245 1386 4296 eorum
1424 4223 1547 4315 gaudio
1581 4232 1615 4294 et
1645 4245 1717 4295 vo-

349 4336 476 4433 luptate
502 4349 559 4411 tua
586 4337 764 4435 spirituali,
797 4344 833 4409 ut
865 4341 1022 4410 satientur
1054 4339 1177 4430 gaudio
1211 4338 1322 4412 vultus
1348 4344 1413 4425 tui,
1448 4349 1483 4412 et
1515 4337 1716 4435 pirrgrredine

351 4453 468 4528 domus
496 4466 585 4545 tuae,
611 4453 824 4549 referantque
850 4451 908 4525 tibi
934 4452 1076 4545 gloriam
1112 4465 1146 4526 et
1178 4454 1326 4545 laudem,
1354 4455 1515 4550 simulque
1547 4458 1717 4548 unigenito

350 4567 436 4644 Filio
464 4579 534 4660 buo,
560 4582 595 4643 et
620 4570 756 4666 Spiritui
782 4579 838 4642 tuo
866 4581 983 4643 sancto
1010 4580 1043 4643 et
1070 4573 1204 4666 optimo.

454 4686 615 4782 Populos.
668 4689 786 4763 Amen.
1138 4771 1140 4774 ,

455 4802 630 4875 Sacerdos
662 4803 797 4874 elecem
831 4823 956 4872 ccccm.
1016 4801 1110 4874 Deus
1141 4791 1211 4875 'lux
1242 4826 1326 4875 veru
1362 4816 1397 4877 et
1427 4803 1618 4893 ineffabilis,
1664 4806 1719 4898 qui

353 4939 392 4989 es
420 4919 492 4990 sine
519 4921 691 5014 principio,
719 4941 830 5004 causa,
859 4927 894 4988 et
920 4926 1086 5012 tempore:
1119 4929 1215 5015 pater
1240 4919 1335 5009 lucis,
1362 4930 1397 4993 et
1430 4920 1618 5017 splendoris
1652 4942 1718 4992 ae-

352 5036 456 5107 terni:
483 5033 681 5108 illuminator
707 5033 834 5126 mundi,
862 5042 895 5106 et
927 5032 1079 5107 conditor
1112 5046 1353 5128 creatuarum,
1388 5039 1443 5134 qui
1474 5059 1536 5132 per
1570 5056 1719 5108 amoram

1426 5152 1511 5230 42*
