4814 6060
696 551 772 626 ιιι
836 499 965 629 norm
978 545 1236 626 inhumana
1250 545 1396 622 rcnlru
1409 541 1673 620 ramuscula
1687 537 1929 618 antiocaeni.

696 742 788 798 tatem
812 735 952 814 corporis
976 740 1006 794 et
1028 731 1184 813 sanguinis
1209 728 1320 791 Christi
1341 729 1386 789 iri·
1395 724 1584 791 Eucharistia
1605 727 1828 807 proposuisset.
1852 724 1893 787 At
1915 724 2071 788 eredenti-

696 833 765 912 bus,
788 832 870 915 quod
893 831 1013 895 illorum
1026 828 1176 910 Theologi
1198 827 1320 902 docent,
1343 835 1373 890 et
1395 827 1514 890 illorum
1528 825 1685 906 disciplina
1698 824 1862 898 confirmat,
1884 824 1915 886 in
1938 841 2069 904 corpore

581 979 583 984 -
695 930 906 997 sacramentali
930 929 1050 1008 Christi,
1075 945 1145 992 esse
1175 944 1296 1009 quoque
1326 929 1521 1010 sanguinem,
1551 932 1584 987 ιιι
1611 943 1722 1006 corpus
1752 923 1968 1006 insanguine,
1999 921 2071 984 nihil

696 1030 845 1107 obstabat,
879 1047 939 1109 quo
969 1029 1065 1090 minus
1095 1043 1157 1089 vox
1187 1026 1311 1106 corpori
1340 1028 1469 1088 animato
1498 1032 1528 1086 et
1557 1023 1694 1086 rationali
1721 1024 1845 1104 proprie
1876 1021 2072 1101 conveniens,

696 1129 837 1210 sanguini
860 1126 1085 1189 attribueretur.

785 1225 958 1289 Commistio
982 1223 1122 1304 corporis
1146 1232 1176 1286 et
1198 1225 1352 1306 sanguinis
1377 1221 1488 1286 Christi
1515 1240 1583 1284 cum
1606 1239 1737 1303 corpore
1760 1227 1792 1284 et
1814 1220 1962 1302 sanguine
1986 1237 2073 1282 com-

697 1325 910 1390 municantium
933 1323 1096 1404 mysteriis,
1120 1340 1182 1384 non
1204 1340 1283 1385 nova
1306 1322 1361 1384 luit
1383 1322 1498 1385 autoris
1521 1322 1675 1402 cogitatio,
1698 1321 1754 1384 sed
1778 1321 1943 1382 communiat
1957 1314 2073 1379 Orien-

698 1423 799 1486 talium
823 1422 1002 1503 Tbeologia,
1023 1429 1056 1484 ut
1079 1440 1119 1484 ex
1140 1422 1304 1484 innumeris
1327 1421 1463 1503 ejusdem
1485 1421 1653 1484 sentehtiae
1677 1418 1865 1484 orationihus
1888 1424 2017 1483 constat.

903 1682 938 1756 6.
977 1683 1136 1777 Dignore
1162 1681 1310 1753 Domine
1335 1685 1523 1754 meminisse
1551 1681 1682 1774 Regum
1706 1680 1865 1774 fidelium.

795 1873 949 1952 Foauuua
970 1883 1047 1946 haec
1069 1885 1169 1948 statim
1190 1885 1360 1966 speciosam
1384 1883 1541 1966 quamdam
1561 1883 1744 1964 antiquitatis
1759 1880 1973 1961 notamollert,
1996 1897 2075 1962 quae

699 1996 832 2052 nostram
856 1986 895 2051 de
917 1987 1006 2069 hujus
1029 1986 1185 2070 Liturgiae
1207 1988 1352 2051 mediocri
1374 1987 1550 2069 antiquitate
1580 1987 1785 2065 conjecturam
1811 1983 1995 2064 labefactare
2020 1983 2075 2048 vi-

691 2087 766 2152 'deri
787 2095 898 2169 potest.
942 2087 1045 2169 Reges
1069 2089 1148 2150 enim
1171 2085 1377 2164 orthodoxos,
1400 2106 1418 2150 a
1440 2085 1650 2150 hluhamedani
1672 2085 1788 2165 imperii
1811 2083 1982 2166 primordiis
2005 2084 2075 2147 An-

697 2187 831 2250 tiocheni
852 2187 1010 2250 Jacobitae
1033 2186 1132 2248 nullos
1156 2186 1334 2264 habuerunt,
1356 2193 1481 2266 praeter
1504 2184 1638 2248 Graecos
1661 2185 1874 2265 imperatores,
1897 2191 1927 2246 et
1948 2182 2072 2246 Latinos

697 2287 865 2368 principes,
887 2286 938 2366 qui
962 2285 1021 2347 illis
1043 2285 1189 2348 haeretici
1207 2286 1391 2366 judicantur.
1436 2284 1475 2346 Ut
1498 2283 1535 2346 ad
1548 2283 1662 2367 Regem
1677 2282 1857 2364 Aethiopiae
1881 2282 1976 2347 verba
1998 2282 2074 2344 haec

697 2387 879 2465 referantur,
902 2385 981 2447 ratio
1005 2385 1085 2448 nulla
1109 2393 1166 2465 est,
1190 2404 1257 2448 cum
1280 2385 1398 2448 illorum
1420 2383 1610 2456 memoriam,
1642 2381 1744 2444 nullae
1767 2389 1891 2463 praeter
1912 2381 2075 2463 Aethiopi·
2201 2430 2203 2436 .

698 2502 751 2548 cas
773 2483 928 2568 Liturgiae
950 2491 1193 2565 repraesentent,
1222 2502 1323 2565 neque
1349 2481 1516 2564 Aethiopes
1538 2481 1730 2562 superiorem
1752 2481 1976 2564 agnoscebant,
2005 2480 2075 2543 An-

699 2583 871 2646 tiochenam
898 2581 1115 2661 Patriarcham,
1153 2583 1208 2646 sed
1242 2582 1491 2648 Alexandrinum.
1546 2581 1600 2644 llla
1633 2581 1726 2664 igitur
1753 2581 1882 2645 formula
1911 2600 1952 2644 err
1978 2581 2075 2644 veteri

697 2683 801 2764 potius
824 2681 880 2744 sub
897 2681 1074 2745 Christianis
1096 2681 1330 2764 imperatoribus
1352 2681 1509 2764 disciplina
1525 2681 1650 2744 fluxisse
1670 2680 1800 2761 videtur,
1825 2698 1913 2762 quam
1929 2687 2075 2761 usurpata

698 2779 820 2862 pubhce
843 2782 874 2842 in
895 2780 1042 2843 Ecclesiis
1065 2779 1174 2843 luisse:
1205 2782 1285 2861 quod
1313 2781 1540 2865 sineperieulo
1561 2781 1641 2843 inter
1666 2778 1814 2844 barbaros
1845 2779 1981 2843 dominos
2009 2779 2076 2842 lieri
2162 2789 2168 2802 ·

698 2880 753 2942 vix
774 2885 904 2960 poterat.
934 2877 1021 2941 Unde
1043 2880 1070 2942 si
1093 2880 1167 2960 quis·
1181 2877 1259 2942 hanc
1281 2879 1446 2962 Liturgiam
1468 2881 1528 2944 stili
1556 2881 1657 2961 potius
1677 2879 1842 2943 exercendi
1859 2897 1963 2957 causa,
1986 2897 2075 2960 quam

699 2978 786 3040 utin
807 2976 937 3058 publicis
953 2975 1064 3040 Olhciis
1088 2985 1288 3059 usurparetur
1310 2979 1348 3042 ab
1366 2979 1481 3062 lgnatio
1497 2978 1670 3042 Patriarcha
1684 2979 1826 3059 scriptam
1845 2978 1972 3061 judicet,
1995 2977 2075 3040 lorte

699 3092 762 3137 non
785 3075 914 3137 inaniter
935 3075 1134 3157 conjectahit:
1163 3093 1230 3139 cum
1253 3078 1310 3140 ista
1333 3076 1460 3141 formula
1482 3096 1544 3141 non
1574 3085 1687 3140 tantum
1714 3095 1826 3159 preces
1853 3095 1911 3159 pro
1939 3077 2074 3160 Regibus

702 3173 1065 3266 Christianis'contineat,
1088 3174 1144 3237 sed
1157 3175 1390 3257 imprecationes
1412 3176 1560 3240 adversus
1575 3191 1680 3239 corum
1694 3174 1808 3253 hostes,
1832 3193 1959 3258 quorum
1982 3193 2076 3257 prac-

701 3273 783 3353 cipui
805 3272 1015 3336 hluhamedani
1037 3280 1133 3337 erant.

1052 3533 1087 3604 7.
1124 3533 1254 3604 Eorum
1281 3534 1339 3626 qui
1365 3556 1389 3603 c
1414 3531 1460 3604 D.
1487 3532 1634 3624 laccho,
1661 3541 1724 3605 ete.

797 3723 851 3800 Da
872 3734 931 3797 ista
960 3737 1242 3798 commemoratione
1270 3735 1417 3816 quaedam
1447 3735 1675 3799 observavimus
1706 3736 1748 3828 ad
1772 3735 1894 3800 Jacobi.
1909 3735 2076 3819 Liturgiam

700 3837 868 3918 Syriacam,
891 3838 921 3910 in
944 3855 1031 3918 quam
1055 3855 1095 3900 err
1117 3836 1234 3900 Graeca
1257 3836 1394 3921 ejusdem
1416 3839 1493 3902 tituli
1522 3840 1673 3921 migravit.
1717 3837 1783 3900 lllic
1813 3836 1966 3900 allectatio
1996 3839 2077 3904 nulla

701 3934 767 4014 luit,
790 3935 845 3998 sed
868 3934 978 3998 Graeci
1001 3935 1121 3999 Codicis
1143 3937 1278 4014 imitatio,
1302 3955 1340 4000 eo
1363 3939 1460 4022 magis
1482 3938 1562 4001 omni
1577 3938 1750 4019 suspicione
1773 3954 1892 4012 carens,
1916 3938 1998 4018 quod
2013 3938 2076 4001 Ec-

702 4033 815 4096 clesiae
838 4035 1141 4116 Hierosolymitanae,
1165 4036 1250 4116 cujus
1274 4035 1323 4098 illa
1351 4035 1488 4119 Liturgia
1512 4039 1637 4119 propria
1659 4037 1731 4113 luit,
1761 4037 1874 4118 primus
1903 4036 2075 4119 Episcopus

702 4131 852 4195 extiterit:
884 4141 915 4196 et
946 4132 984 4195 ad
1011 4133 1091 4196 illam
1121 4132 1191 4215 Syri
1212 4142 1334 4198 veteres
1362 4136 1450 4217 primi
1477 4136 1633 4218 Liturgiac
1659 4137 1844 4216 interpretes
1873 4135 2074 4216 pertinebant.

701 4227 758 4292 llic
784 4249 860 4296 vero
889 4250 956 4295 cum
979 4250 1040 4295 non
1071 4231 1108 4294 ab
1139 4231 1338 4314 Apostclatu,
1368 4242 1419 4297 aut
1446 4234 1621 4297 fundatione
1649 4234 1806 4297 Ecclesiae
1835 4241 1959 4298 sanctae
1993 4235 2075 4316 Sion,

617 4343 620 4350 ’
702 4330 832 4390 omnium
854 4338 887 4394 ut
909 4332 950 4394 ihi
971 4330 1086 4414 legitur
1098 4332 1305 4394 Ecclesiarum
1327 4334 1440 4412 matris,
1464 4333 1519 4396 sed
1543 4349 1560 4393 a
1581 4331 1748 4414 Theolcgia
1771 4331 1912 4396 laudetur
1932 4331 2077 4411 lacobus,

701 4426 891 4490 manifestum
913 4438 961 4493 est
982 4430 1130 4512 lgnatium
1160 4431 1198 4494 ad
1220 4449 1294 4494 suae
1324 4438 1428 4494 sectae
1458 4432 1649 4494 ambitionem
1674 4431 1867 4513 respexisse,
1896 4432 1926 4494 in
1955 4451 2014 4514 qua
2043 4443 2076 4498 ut

705 4523 780 4588 alibi
801 4535 936 4590 notatum
959 4538 1017 4606 est,
1039 4529 1123 4592 multi
1144 4529 1276 4608 luerunt,
1305 4531 1357 4612 qui
1379 4547 1397 4591 a
1418 4530 1535 4594 Jacobo
1556 4530 1650 4594 tratre
1672 4531 1791 4594 Domini
1813 4529 2022 4594 denominatos
2044 4548 2079 4594 se
2120 4599 2125 4606 ,

703 4621 883 4704 voluerunt,
904 4644 966 4690 non
988 4646 1007 4689 a
1027 4625 1143 4691 Jacobo
1165 4626 1322 4692 Baradaeo
1344 4631 1410 4692 sive
1433 4629 1582 4709 Zanzalo,
1611 4650 1628 4694 a
1651 4649 1711 4712 quo
1734 4637 1833 4693 tamen
1856 4631 1897 4693 ita
1919 4629 2081 4712 cognomi·

702 4729 792 4792 natos
815 4723 920 4802 luisse,
944 4734 1087 4789 constans
1110 4725 1355 4790 orthodoxorum
1378 4737 1409 4791 et
1430 4728 1680 4793 Nestorianorum
1703 4729 1823 4792 traditio
1847 4734 1905 4793 est.

792 4819 934 4902 Sequitur
955 4823 1028 4885 satis
1051 4825 1201 4907 implicata
1224 4825 1387 4907 figurarum
1416 4829 1579 4911 congeries
1603 4827 1640 4891 dc
1662 4825 1799 4892 laudibus
1827 4825 1985 4889 Ecclesiae
2015 4825 2077 4907 Sy-

703 4915 813 4979 riacae.
857 4918 910 4982 llla
934 4938 1021 5000 quarn
1044 4922 1105 4985 late
1128 4924 1260 5005 patebat,
1288 4925 1367 5005 apud
1397 4926 1493 5007 Syros
1515 4926 1723 4990 Aritiochenae
1751 4925 1910 4990 Ecclesiae
1938 4923 2076 5005 subjecta

703 5023 781 5095 erat,
806 5024 837 5080 ut
860 5025 922 5081 tota
944 5037 1042 5101 prope
1065 5021 1224 5086 Dioecesis
1247 5020 1398 5086 Orientis:
1421 5025 1491 5088 inde
1510 5025 1681 5088 Patriareha
1701 5025 1844 5108 Orientis,
1867 5024 2075 5088 Antioehcnus
