4784 6040
709 667 891 745 tionis
929 665 1284 745 Hsblotssusls.
1604 669 1676 746 385

316 857 416 930 etiem
441 877 540 945 nunc,
566 857 746 950 veniatque
772 863 806 926 at
830 858 1019 951 requiescet
1036 876 1137 950 super
1156 877 1233 944 nes,
1259 866 1293 928 et
1312 855 1496 930 sanctificet
1518 858 1678 952 mysteria
1764 846 1769 860 '

315 971 412 1062 baec,
440 981 540 1066 atque
564 969 620 1044 ille
647 971 806 1066 perficiet

419 1087 581 1180 Populus.
636 1085 748 1158 Orate.

420 1202 605 1274 Sacerdos.
658 1201 790 1274 Exaudi
816 1225 879 1274 mo.

417 1317 577 1412 Populos.
630 1319 736 1414 Kyrie
763 1317 908 1407 eleison,
935 1323 998 1388 ter.
1393 1399 1397 1408 Ἦ

418 1433 594 1506 Sacerdos
620 1434 757 1506 elevans
782 1456 913 1522 vocatu,
958 1435 1170 1526 Largitorem
1195 1432 1286 1506 illum
1309 1434 1450 1508 bouum:
1476 1444 1513 1506 ut
1527 1433 1680 1522 illabens,

301 1548 416 1653 'iaciat
441 1573 562 1645 panem
587 1553 697 1641 istun,
724 1561 759 1624 et
783 1555 895 1624 viuum
921 1551 1020 1641 istud,
1046 1571 1168 1645 corpus
1195 1561 1229 1622 ct
1254 1553 1450 1643 sauguinem
1471 1549 1593 1624 Christi
1614 1551 1679 1623 Dei

317 1669 432 1740 nostri.

421 1781 582 1876 Populus.
635 1783 753 1856 Amen.

419 1897 603 1970 Sacerdos.
656 1896 813 1970 Feliciter
837 1881 913 1992 per⁸
934 1917 1107 1970 accessum
1139 1895 1291 1969 adhaec
1318 1908 1541 1986 sacramenta,
1568 1903 1679 1996 parti-

318 2017 410 2109 cipes
437 2017 484 2086 tui
511 2013 700 2104 efficiamur,
727 2022 860 2084 etcum
887 2013 1005 2085 iiducia
1033 2037 1052 2086 a
1080 2023 1113 2085 te
1128 2034 1301 2101 concesse,
1329 2011 1460 2109 bpmnis
1478 2015 1679 2111 repleamur,

318 2139 352 2201 et
375 2128 562 2204 referamus
588 2128 647 2202 tibi
673 2129 815 2222 gloriam
841 2138 875 2201 st
900 2129 1040 2202 laudem.

419 2247 581 2340 Populus.
635 2247 753 2320 Amen.

419 2362 594 2434 Sacerdos
618 2361 810 2434 inclinatas.
851 2358 1058 2432 Generaliter
1085 2359 1128 2432 ad
1154 2370 1187 2432 te
1213 2372 1247 2434 et
1271 2383 1333 2457 per
1359 2371 1412 2450 te,
1439 2365 1573 2458 suscipe
1598 2362 1678 2436 Do-

317 2480 404 2550 mino
429 2477 488 2550 has
516 2477 712 2564 oblationes,
740 2498 822 2571 quas
848 2498 936 2548 nuuc
963 2477 1021 2548 tibi
1047 2475 1228 2566 oderimus,
1253 2479 1287 2548 in
1312 2480 1446 2551 nomine
1472 2487 1588 2552 sancto
1608 2489 1679 2568 tue,

317 2615 378 2688 pro
404 2593 560 2667 Ecclesia
585 2604 640 2665 tua
668 2602 784 2666 sancta
811 2604 845 2666 et
869 2591 1064 2668 Pectoribus
1092 2595 1181 2684 ejus,
1207 2614 1271 2688 pro
1298 2593 1467 2667 ordinibus
1495 2598 1550 2690 qui
1575 2597 1608 2665 iu
1635 2615 1678 2666 ea

317 2719 410 2798 sunt,
438 2718 471 2782 et
495 2730 558 2813 pro
584 2731 669 2805 pace
695 2711 780 2779 iuter
806 2729 925 2801 regna,
951 2707 1180 2803 bellorumque
1206 2714 1412 2798 cessaticue;
1445 2732 1507 2806 pro
1533 2708 1679 2784 benedi-

317 2827 425 2898 ctione
451 2849 534 2921 pura
562 2827 648 2912 anni,
675 2847 737 2920 prc
764 2828 854 2896 tenrri
880 2847 955 2896 mea
982 2825 1180 2916 infirmitate,
1206 2835 1240 2897 et
1265 2847 1327 2920 pro
1354 2827 1419 2901 illis
1447 2830 1503 2923 qui
1528 2830 1562 2899 iu
1589 2849 1679 2922 qure-

316 2964 458 3036 cumque
483 2943 687 3014 necessitate
712 2943 812 3037 positi
839 2949 923 3014 suut.
1692 2945 1694 2952 ’

418 3055 594 3130 Sacerdos
626 3057 762 3128 elevans
792 3078 918 3128 accam.
971 3056 1021 3128 'l'e
1049 3057 1192 3129 Domine
1223 3055 1317 3129 Deus
1349 3066 1465 3130 nostor
1498 3056 1678 3147 adorando,

242 3219 252 3244 a
315 3195 485 3266 rogamus,
512 3177 646 3269 suscipe
672 3173 939 3269 deprecationem
966 3181 1126 3263 nostram,
1151 3170 1392 3267 imperfectam,
1417 3194 1479 3266 pro
1498 3177 1587 3245 omni
1607 3198 1678 3271 po-

314 3291 393 3384 pulo
420 3298 454 3362 et
479 3287 684 3363 haereditate
708 3289 766 3362 lilii
792 3292 853 3361 tui:
887 3292 979 3360 mitte
1004 3287 1102 3362 uobis
1129 3299 1162 3362 et
1188 3289 1340 3362 omuibus
1366 3285 1518 3360 fidelibus
1545 3287 1678 3364 divitias

315 3404 392 3478 nulli
427 3410 569 3499 egestati
603 3404 789 3496 obnoxias,
828 3428 998 3478 munerum
1033 3415 1164 3478 monum
1196 3402 1454 3490 laetificentium,
1497 3403 1677 3478 secundun

316 3525 571 3616 promissionem
597 3525 756 3615 unigeniti
782 3523 856 3596 Filii
881 3524 950 3613 tui‚·
975 3544 1049 3595 cum
1077 3544 1141 3616 quo
1168 3520 1361 3594 benedictus
1388 3541 1445 3609 es,
1479 3519 1575 3592 simul
1600 3543 1675 3593 cum

312 3637 441 3734 Spiritu
466 3648 524 3713 tuo
551 3641 768 3713 sanctissimo.

416 3754 575 3847 Populus.
629 3755 747 3826 Amen.

416 3869 591 3942 Sacerdos
624 3870 815 3942 inclinatus.
882 3867 1036 3942 Perfecto
1070 3879 1255 3956 memento,
1296 3867 1456 3956 Domine,
1497 3867 1678 3942 secundum

315 3989 510 4058 memoriam
537 3985 682 4074 dianam
708 3995 816 4075 tuam,
844 4006 959 4058 eorum
986 3987 1040 4080 qui
1065 4007 1151 4057 nmrc
1177 3983 1349 4057 uobiscum
1376 3984 1471 4058 simul
1497 3985 1576 4056 uuiti
1603 3994 1678 4058 sunt

317 4109 351 4171 et
377 4100 436 4173 tibi
462 4103 546 4174 noti:
574 4123 690 4174 eorum
717 4104 771 4196 qui
795 4099 894 4173 iidem
920 4099 1052 4174 babent.

417 4215 592 4288 Sacerdos
624 4217 761 4290 elevares
791 4239 917 4288 oocem.
963 4215 1040 4288 Lux
1066 4215 1304 4290 inaccessibilis
1331 4226 1365 4287 et
1388 4214 1529 4309 largitor
1554 4239 1676 4288 mune-

315 4353 394 4414 rum
413 4330 617 4423 divinorum,
649 4332 790 4428 fonsque
817 4333 1014 4405 auxiliorum
1040 4354 1078 4404 es
1104 4332 1263 4419 Domine,
1297 4353 1379 4425 erga
1413 4353 1529 4404 omues
1557 4336 1612 4428 qui
1644 4343 1678 4404 te

316 4450 481 4520 invocent.
534 4447 665 4522 Diuites
692 4447 768 4520 illos
793 4447 849 4522 fao
875 4448 997 4522 divitiis
1022 4449 1086 4521 illis
1112 4449 1269 4521 laetitiam
1295 4447 1562 4540 conciliantibus,
1597 4473 1677 4523 mu-

315 4585 431 4636 nerum
458 4574 587 4638 tuorum
614 4563 827 4653 coelestium,
863 4567 939 4659 quie
965 4573 1020 4637 tua
1047 4573 1100 4638 est
1129 4568 1238 4656 gretia
1264 4573 1298 4635 ct
1327 4567 1485 4657 unigeniti
1512 4565 1588 4638 Filii
1620 4567 1678 4653 tui,

316 4688 349 4751 et
374 4680 517 4776 Spiritus
544 4685 590 4753 tui
615 4683 824 4756 sanctissimi.
1720 4667 1728 4683 '

420 4797 581 4891 Populus.
632 4799 752 4872 Amen.

419 4914 595 4985 Sacerdos
628 4914 820 4986 inclinatus.
881 4913 988 4986 Visite
1018 4912 1161 4986 Domine
1192 4933 1255 5008 per
1284 4909 1543 4984 misericordiam
1578 4920 1678 5000 mam,

315 5025 476 5102 Pastores
501 5029 564 5104 bos
590 5040 741 5119 nostras,
775 5033 830 5127 qui
861 5029 976 5102 clavos
1007 5031 1165 5104 scientiae
1198 5039 1274 5100 tues
1305 5035 1418 5100 tenent
1441 5025 1608 5123 periecte;
1644 5035 1679 5098 et

317 5143 359 5215 da
384 5143 447 5219 illis
473 5147 649 5220 victoriam
675 5156 812 5243 propter
836 5148 1011 5229 veritatem
1038 5153 1134 5216 tuam.
1203 5220 1209 5237 ¹
