4784 6040
770 613 848 689 434
1337 613 1569 693 NOTAE

770 797 853 862 noris
876 796 1043 863 autoritatis
1065 805 1252 880 argumento.
1297 797 1446 862 Habemus
1476 798 1550 862 illud
1572 816 1613 861 ex
1634 798 1789 884 liturgiae
1815 799 1917 862 Basilii
1939 797 2084 880 Copticae
2104 807 2134 862 et

770 898 920 963 Arabicae
943 897 1108 979 exemplari
1129 905 1252 976 nostro,
1287 898 1367 979 quod
1396 900 1476 961 inter
1498 897 1654 978 diversas,
1686 907 1717 962 et
1747 917 1825 982 qnae
1853 898 1891 961 ab
1919 897 2133 978 antiquioribus

771 997 893 1074 absunt;
916 1004 949 1060 ut
971 997 1060 1060 etiam
1082 1014 1099 1059 a
1121 995 1218 1080 Regio
1239 997 1355 1061 Graeco
1374 997 1506 1061 Arabico
1530 997 1665 1079 eJusdem
1679 996 1833 1082 liturgiae
1856 996 1969 1060 Codice
1992 995 2133 1060 formulas

770 1094 832 1160 τοῦ
853 1085 1034 1174 ἀσπασμοῦ
1055 1114 1111 1159 seu
1134 1095 1237 1158 Osculi
1259 1097 1354 1178 pacis,
1378 1116 1442 1161 eam
1473 1115 1551 1177 quae
1580 1095 1668 1178 hujus
1691 1098 1774 1160 initio
1796 1097 1908 1179 legitur
1933 1097 2007 1178 ipsis
2033 1099 2133 1161 verbis

770 1203 987 1278 repraesentat,
1011 1214 1078 1258 cum
1100 1195 1194 1258 titulo.
1247 1193 1353 1259 Oratio
1379 1195 1489 1258 *Patris
1516 1197 1615 1257 nostri
1640 1195 1770 1258 Jcarmic
1798 1195 1942 1258 Bostreni
1965 1200 2134 1276 prepucia

484 1316 585 1382 οιαυχη
605 1331 649 1378 aas
666 1331 758 1364 aaran
772 1297 875 1358 osculo
902 1297 946 1357 ad
970 1295 1103 1357 Patrem.
1152 1293 1186 1356 ln
1215 1294 1347 1358 Arabico
1385 1312 1556 1377 perperam.
1611 1292 1718 1357 Oratio
1750 1295 1854 1357 Patria
1882 1295 1980 1356 nostru·
2005 1293 2134 1357 domatis

465 1403 572 1466 10ch
588 1404 761 1465 πιβωστραοτ
774 1394 990 1478 chrysostomi,
1007 1415 1067 1474 pro
1086 1413 1166 1474 pace
1186 1395 1291 1456 άαηαα
1312 1396 1355 1456 ad
1374 1394 1506 1456 Patrem.
1547 1393 1640 1458 Forte
1663 1393 1730 1474 quis
1753 1393 1832 1458 foret
1853 1393 1987 1456 Joanucs
2009 1394 2135 1458 Bostre-

466 1492 531 1551 rtsse
565 1505 597 1538 m
625 1504 828 1556 cunemannus
850 1494 1000 1576 ignoravit
1022 1494 1174 1574 interpres
1196 1493 1343 1571 incubita,
1366 1501 1417 1556 aut
1442 1492 1472 1555 id
1495 1493 1642 1556 commisit
1664 1494 1744 1575 qnod
1766 1511 1827 1556 non
1848 1492 1942 1556 semel
1964 1492 2133 1556 Orientales

465 1591 541 1639 φτωτ.

771 1593 830 1673 alii,
854 1599 904 1655 aut
926 1591 1053 1671 inscitia,
1076 1591 1224 1670 lecerunt,
1247 1601 1299 1655 ant
1321 1592 1390 1656 dolo
1412 1592 1501 1667 malo,
1525 1591 1593 1655 dum
1609 1593 1811 1656 exncnrinum
1825 1591 2015 1673 similitudine
2038 1612 2132 1674 qrrae-

772 1693 839 1756 dam
862 1693 989 1772 antiquis
1013 1689 1147 1754 Patribus
1170 1692 1347 1767 tribuerunt,
1370 1710 1448 1773 quac
1469 1691 1658 1754 recentiores
1689 1697 1811 1754 autores
1838 1690 1994 1754 haberent.
2043 1691 2077 1754 ln
2097 1711 2133 1756 ca

769 1811 844 1857 vero
867 1799 953 1875 parte
975 1809 1031 1873 per
1053 1792 1132 1873 piam
1154 1789 1298 1866 fraudent,
1321 1790 1377 1853 sed
1399 1788 1535 1852 fraudent
1563 1797 1672 1870 tamen,
1696 1807 1774 1871 quae
1795 1789 1876 1852 nulla
1905 1791 1970 1872 tegi
2001 1809 2133 1854 excusa-

770 1896 852 1955 tione
873 1898 985 1975 potest,
1008 1898 1210 1973 peccaverunt
1232 1907 1418 1972 magnopere
1439 1889 1605 1953 Maronitae
1627 1892 1657 1952 in
1680 1889 1812 1954 editione
1829 1889 1958 1953 ldissalis
1982 1889 2131 1955 Chaldaici

768 1993 881 2056 Romae
904 1991 990 2054 lacta.
1034 1989 1068 2053 ln
1090 2009 1127 2053 ea
1149 1991 1227 2052 enim
1249 1989 1428 2052 Atheniensi
1449 1989 1596 2071 Dionysio
1620 1989 1701 2052 Pauli
1724 1988 1872 2070 discipulo
1890 1989 2055 2074 Liturgiam
2077 1993 2133 2054 tri-

768 2091 908 2165 buerunt,
931 2109 1008 2171 quac
1030 2090 1061 2151 in
1083 2089 1171 2153 codd.
1193 2088 1276 2153 MSS.
1298 2107 1408 2152 nomen
1435 2089 1526 2152 habet
1548 2088 1685 2170 Dionysii
1706 2088 1851 2152 Barsalibi
1873 2088 2044 2153 Amidensis
2065 2092 2133 2154 Ale-

768 2188 929 2271 tropolitae
951 2187 1116 2254 Jacobitae.
1168 2188 1284 2272 ignatio
1314 2186 1503 2252 Antiocheno
1530 2187 1671 2270 Martyri‚
1700 2206 1779 2269 quae
1806 2186 1929 2250 alterius
1957 2186 2065 2270 Ignatii
2092 2207 2132 2251 ex

769 2288 875 2352 eadem
897 2294 981 2350 secta
1002 2287 1066 2352 luit.
1111 2289 1219 2352 loanni
1243 2287 1477 2369 chrysostomo,
1505 2305 1582 2368 quae
1611 2286 1735 2350 Jcannis
1765 2287 1888 2351 alterius
1919 2295 1950 2350 et
1978 2287 2132 2352 haeretici.

769 2389 810 2451 At
831 2387 879 2450 hic
901 2395 1008 2451 noster
1029 2386 1195 2451 Bostrenus
1218 2387 1345 2462 Graece,
1368 2386 1446 2450 idem
1469 2386 1520 2467 qui
1542 2395 1574 2449 et
1594 2385 1788 2454 Basorencis.
1839 2385 1914 2449 Nam
1944 2387 2001 2450 etsi
2022 2386 2133 2451 Bostra

769 2486 807 2550 de
831 2505 890 2568 qua
913 2486 1092 2568 Stephanus,
1114 2487 1166 2550 uhi
1189 2485 1314 2550 Colonia
1335 2486 1467 2550 Romana
1494 2485 1560 2564 brit,
1582 2487 1667 2567 cujus
1690 2487 1799 2548 nummi
1822 2493 1926 2549 extant
1947 2486 2051 2568 plures
2072 2486 2133 2570 La7

769 2587 824 2649 tini
846 2595 877 2649 et
899 2586 1018 2664 Graeci,
1040 2604 1102 2650 non
1124 2586 1229 2650 eadem
1250 2587 1300 2665 sit,
1324 2605 1401 2667 quae
1424 2604 1504 2648 nunc
1533 2585 1667 2649 Arabum
1688 2583 1827 2665 Bosora,
1857 2585 1978 2648 noviter
2000 2585 2038 2650 ab
2060 2586 2132 2668 ipsis

770 2683 923 2748 aedificata
947 2692 977 2749 et
999 2686 1120 2765 munita,
1151 2685 1258 2749 ecdem
1284 2693 1382 2748 tamen
1408 2685 1477 2768 loco
1507 2695 1558 2749 aut
1584 2684 1683 2748 vicino
1713 2703 1780 2749 cunr
1809 2683 1916 2765 luerit,
1944 2703 2001 2768 pro
2029 2686 2133 2750 eadem

643 2775 648 2790 ’
769 2784 869 2847 habita
891 2791 948 2850 est.

1211 3047 1246 3118 2.
1286 3046 1408 3118 Oratio
1435 3051 1516 3117 nate
1541 3037 1681 3118 Pacem.

860 3253 970 3334 Numa
992 3267 1097 3332 melior
1117 3268 1206 3350 hujus
1228 3266 1288 3330 loci
1310 3266 1470 3347 explicatio
1493 3265 1557 3328 dari
1579 3273 1691 3347 potest,
1714 3283 1802 3347 quam
1823 3267 1889 3349 ipsa
1913 3269 2010 3332 oratio
2032 3274 2065 3329 nt
2085 3266 2134 3329 le·

769 3371 851 3454 gitur
872 3372 953 3454 apud
975 3370 1125 3455 Coptitas:
1148 3389 1226 3453 quae
1248 3369 1329 3434 editu
1350 3370 1448 3432 estin
1469 3371 1611 3434 versione
1632 3370 1788 3454 liturgiae
1811 3368 1956 3452 Copticae
1978 3369 2088 3436 Basilii.

1300 3718 1335 3790 3.
1382 3718 1503 3790 Oratio
1529 3717 1606 3790 oeli.

858 3927 952 4006 Raro
974 3940 1024 4004 hic
1045 3941 1148 4005 titulus
1172 3941 1305 4005 occurrit
1330 3941 1360 4002 in
1384 3939 1517 4022 Syriacis
1539 3939 1699 4021 liturgiis,
1730 3938 1836 4002 eadem
1863 3945 1962 4002 tamen
1985 3947 2032 4002 est
2054 3957 2133 4020 quae

769 4042 799 4105 in
821 4042 945 4108 Graecis
973 4054 1003 4108 et
1025 4043 1156 4128 Copticis
1183 4045 1292 4108 dicitur
1319 4041 1381 4106 τοῦ
1401 4031 1693 4121 καταπετάσματος
1723 4043 1761 4106 de
1791 4060 1850 4124 qua
1880 4042 1991 4106 dictum
2019 4050 2066 4106 est
2094 4041 2134 4104 ad

769 4142 932 4227 liturgiam
953 4143 1064 4211 Basilii.

775 4449 779 4458 ν
857 4417 888 4484 d.
930 4405 1004 4491 Hoc
1026 4420 1095 4484 loco
1117 4426 1204 4482 autor
1225 4418 1292 4482 l'use
1315 4419 1490 4500 mysterium
1504 4417 1717 4483 lncarnationis
1740 4417 1882 4500 explicat,
1905 4424 1990 4479 recte
2013 4416 2136 4498 quidem

772 4530 912 4604 quantum
943 4523 980 4586 ad
1002 4522 1182 4605 rejiciendas
1204 4512 1326 4585 vete'res
1348 4522 1502 4601 haereses,
1525 4523 1703 4604 praesertim
1721 4521 1904 4603 Apollinaris
1928 4528 1958 4582 et
1971 4519 2135 4602 Eutychis:

771 4641 846 4705 quas
867 4622 1022 4688 Jacobitae
1043 4640 1132 4685 unam
1154 4630 1185 4685 et
1207 4622 1340 4686 eamdem
1363 4640 1432 4686 esse
1455 4621 1651 4704 pertendunt:
1673 4639 1779 4685 verum
1802 4639 1841 4684 ex
1856 4619 2136 4702 llonophysitarum

770 4723 930 4799 sententia,
952 4740 1014 4787 non
1035 4740 1123 4785 unam
1144 4722 1233 4785 modo
1262 4738 1438 4803 personam,
1469 4721 1524 4784 sed
1553 4739 1641 4784 unam
1670 4729 1804 4785 naturam
1832 4720 1980 4802 agnoscit.
2031 4719 2139 4801 Atque

769 4821 847 4884 haec
869 4830 944 4901 erat,
969 4831 1075 4904 estque
1099 4823 1258 4885 etiamnum
1279 4820 1480 4884 Jacobitarum
1493 4820 1638 4900 doctrina,
1660 4821 1718 4884 illis
1733 4818 1982 4885 Confessionibus
2004 4819 2139 4882 maxime

770 4921 884 5002 similis,
908 4940 1031 5006 quarum
1054 4923 1168 5004 aliquas
1190 4921 1343 4985 retulimus
1372 4922 1403 4984 in
1432 4921 1563 4987 Historia
1584 4920 1820 4984 PatrIarcharum
1841 4917 2141 4986 Alexandrinorum:

770 5022 922 5102 variisque
944 5021 1122 5085 testimoniis
1144 5039 1222 5103 quae
1244 5021 1356 5103 passim
1378 5028 1541 5086 occurrunt
1561 5021 1592 5083 in
1615 5020 1757 5085 ‘tractatu
1778 5021 1829 5101 qui
1850 5019 2022 5082 inscribitur
2043 5018 2142 5081 Fides

770 5119 906 5184 Patrem.
1566 5143 1569 5148 ·
