4712 6032
759 558 999 639 nuonuetn
1031 561 1384 642 Apostolorum.
1697 567 1765 640 1⁷1

498 746 686 819 Diocooor.
739 745 829 818 Date
853 769 983 842 pacem.
1037 748 1170 821 Stemus
1197 748 1363 822 decenter.

498 860 684 933 Sacerdos.
738 859 871 934 Caritas
896 862 963 934 Dei
988 863 1119 954 Patris,
1146 875 1209 936 etc.

498 975 660 1068 Populus.
712 979 832 1050 Amen.

497 1091 682 1164 Sacerdos.
735 1092 874 1164 Sursum
902 1094 1015 1166 corda.

499 1206 662 1299 Populos.
715 1204 884 1279 Habemus
910 1208 954 1280 ad
978 1209 1167 1282 Dominum.

498 1321 683 1395 Sacerdos.
737 1319 871 1394 Gratias
899 1345 1050 1414 agamus.

497 1437 660 1532 Populos.
712 1436 857 1528 Dignum
886 1447 921 1510 et
941 1442 1065 1532 justum
1093 1450 1156 1513 est.

498 1552 674 1624 Sacerdos
706 1552 899 1625 iocliootur.
959 1554 1054 1626 Vere
1085 1555 1220 1648 dignum
1252 1566 1287 1629 et
1314 1558 1438 1647 justum
1471 1567 1542 1645 est,
1579 1557 1703 1630 decens
1737 1567 1772 1628 et

331 1717 334 1726 ⁷
394 1665 552 1754 debitum,
579 1665 637 1739 tibi
663 1668 805 1758 gloriam
833 1667 926 1756 dare,
954 1673 1030 1763 quia
1058 1682 1192 1744 sanctus
1221 1694 1270 1760 es,
1288 1680 1321 1742 et
1338 1670 1479 1765 largitor
1496 1675 1597 1745 vitae.
1623 1674 1771 1765 Dignum

394 1785 482 1852 enim
509 1792 622 1855 estut
648 1790 682 1854 te
709 1781 951 1874 glorificemus:
979 1783 1106 1880 tibique
1124 1785 1263 1858 debetur
1282 1786 1399 1878 gloria,
1427 1809 1556 1883 nosque
1576 1788 1673 1860 decet
1689 1786 1771 1858 lau-

394 1895 477 1968 dare
503 1905 557 1985 te,
583 1896 707 1994 tibique
735 1900 860 1990 gratias
888 1921 1012 1990 agere,
1041 1905 1116 1994 quia
1143 1900 1339 1974 benedictus
1365 1925 1416 1992 es,
1444 1904 1541 1976 simul
1567 1925 1641 1974 cum
1669 1902 1770 1975 Patre

393 2020 464 2099 tuo,
492 2022 525 2082 et
551 2010 676 2105 Spiritu
703 2023 758 2084 tuo
786 2016 869 2085 vivo
896 2026 930 2086 et
956 2027 1082 2089 sancto.

500 2125 652 2196 Eteonos
677 2148 803 2197 rocem.
841 2127 965 2201 Coram
991 2141 1025 2200 te
1053 2134 1140 2202 enim
1168 2143 1257 2205 stant
1284 2137 1407 2204 circum
1429 2132 1608 2206 Cherubim
1635 2131 1770 2203 baben-

394 2251 447 2314 tes
473 2239 578 2313 lacios
606 2251 763 2337 quatum:
790 2241 966 2338 Seraphim
993 2267 1057 2316 sex
1079 2244 1141 2316 alis
1159 2249 1326 2318 instructi:
1354 2269 1494 2342 qnorum
1511 2245 1640 2319 duabus
1655 2255 1772 2338 tegunt

394 2355 498 2429 iacies
527 2379 621 2430 suas:
649 2355 777 2429 duabus
803 2356 924 2452 pedes:
953 2358 1080 2432 duabus
1107 2359 1262 2433 volantes
1290 2361 1443 2434 altered
1470 2362 1628 2451 alterurn,
1662 2382 1770 2434 voces

394 2493 496 2567 puras
524 2482 558 2544 et
584 2483 768 2543 concentus
795 2471 950 2562 divinos,
977 2474 1141 2562 clamant,
1167 2475 1414 2566 vociferantur,
1443 2485 1476 2548 et
1502 2476 1614 2549 dicunt
1638 2490 1700 2550 ter.

498 2588 661 2681 Populos.
715 2589 871 2678 Sanctus,
898 2589 1052 2679 Sanctus,
1079 2591 1233 2664 Sanctus.

497 2703 673 2774 Sacerdos
699 2704 893 2775 inclinatos.
946 2705 1109 2796 Sanctus,
1143 2707 1305 2796 Sanctus,
1342 2707 1486 2780 Sanctus
1520 2729 1578 2794 es,
1613 2706 1770 2797 Domine,

394 2817 494 2914 plene
519 2817 806 2906 miserationibus,
834 2827 867 2890 et
892 2823 1145 2916 propitiatione,
1181 2833 1216 2894 et
1241 2826 1444 2896 misericors.
1498 2823 1641 2894 Sanctus
1669 2827 1769 2895 etiam
1817 2825 1820 2836 '

394 2936 582 3026 unigenitus
608 2934 712 3006 Filius
747 2944 830 3006 tuus.
884 2936 1027 3009 Sanctus
1055 2959 1187 3032 quoqne
1214 2937 1358 3034 Spiritus
1384 2949 1459 3011 tuns
1486 2949 1621 3012 sanctus
1649 2947 1682 3008 et
1708 2941 1769 3008 vi-

394 3049 543 3122 vificans.
595 3050 739 3121 Sanctus
766 3072 804 3123 es
831 3060 865 3122 tu
895 3061 929 3123 et
960 3052 1101 3143 largitor
1133 3051 1315 3126 bonorum:
1350 3057 1427 3147 quia
1459 3064 1597 3148 propter
1629 3052 1770 3124 salutem

371 3149 543 3239 ‘nostram
570 3167 758 3256 unigenitus
784 3164 888 3237 Filius
922 3175 996 3240 turus
1030 3189 1165 3238 carnem
1198 3172 1378 3264 assmnpsit
1410 3191 1455 3240 ex
1482 3168 1624 3260 Virgine
1650 3166 1771 3256 Maria,

394 3290 428 3351 et
454 3302 516 3375 per
542 3280 824 3377 dispensationem
850 3304 943 3354 suam
972 3281 1117 3353 divinam
1144 3281 1292 3355 salvavit
1325 3293 1359 3354 et
1384 3280 1540 3354 liberavit
1566 3303 1629 3354 nos
1657 3306 1677 3353 a
1704 3306 1769 3354 ca-

393 3400 556 3492 ptivitate.
611 3399 675 3484 Oui
702 3421 774 3469 cum
803 3419 866 3495 pro
893 3396 990 3471 nobis
1017 3395 1117 3470 homo
1144 3397 1252 3471 lactus
1281 3409 1389 3488 esset,
1424 3396 1552 3491 absque
1577 3399 1770 3483 mutatione,

395 3511 438 3583 ad
464 3534 597 3584 crucem
624 3516 735 3585 venit:
763 3523 796 3585 et
824 3524 900 3585 ante
925 3516 1117 3608 passionem
1144 3535 1239 3586 snam
1265 3513 1453 3602 vivificam,
1488 3513 1616 3605 accepit
1649 3531 1771 3604 penem

393 3631 428 3699 in
455 3650 571 3702 manns
599 3650 678 3702 suas
705 3641 860 3716 sanctas,
887 3635 908 3712 τ
935 3627 1124 3718 benedixit,
1150 3637 1172 3711 †
1199 3629 1434 3717 sanctificavit,
1468 3626 1615 3717 †lregit
1642 3635 1676 3695 et
1701 3646 1770 3696 co-

393 3743 507 3834 medit,
535 3743 690 3840 deditque
717 3744 886 3840 discipulis
914 3749 984 3818 suis
1010 3744 1140 3817 dicens:
1171 3746 1324 3841 Accipite
1352 3755 1386 3816 et
1412 3742 1609 3816 manducate
1636 3761 1682 3811 ex
1709 3761 1768 3810 eo:

393 3859 470 3932 Hoc
497 3871 549 3932 est
575 3882 698 3956 corpus
724 3883 845 3949 meum,
873 3860 961 3956 qnod
997 3883 1059 3954 pro
1093 3861 1193 3934 vobis
1229 3873 1263 3934 et
1298 3883 1361 3956 pro
1396 3859 1504 3931 multis
1537 3855 1701 3947 frangitur
1736 3864 1771 3926 et

395 3974 490 4047 datur
516 3979 549 4046 in
576 3979 806 4048 remissionem
833 3985 1058 4072 peccatorum,
1084 3986 1119 4048 et
1144 3979 1248 4048 vitam
1274 3985 1470 4048 aeternam,

499 4091 662 4184 Populus.
715 4091 835 4163 Amen.

499 4205 683 4277 Sacerdos.
737 4205 895 4278 Similiter
922 4217 955 4278 et
982 4204 1134 4295 calicem,
1160 4215 1334 4302 postquam
1364 4216 1610 4293 coenaverrmt,
1639 4203 1771 4273 miscuit

396 4343 442 4392 ex
467 4324 549 4393 vino
578 4329 611 4392 et
637 4344 744 4416 aqua,
771 4320 796 4414 †
822 4322 1014 4418 benedixit,
1042 4319 1068 4411 †
1096 4320 1334 4408 sanctificavit,
1367 4322 1396 4408 †
1428 4330 1461 4392 et
1488 4342 1562 4392 cnm
1588 4327 1771 4410 gustasset,

395 4435 484 4507 dedit
510 4437 599 4508 illum
626 4436 795 4532 discipulis
824 4441 892 4510 suis
920 4437 1045 4509 dicens.
1071 4437 1245 4531 Accipite,
1276 4436 1380 4509 bibite
1407 4459 1453 4507 ex
1480 4459 1522 4508 eo
1549 4455 1614 4507 vos
1642 4454 1771 4505 omnes.

393 4550 470 4623 Hoc
497 4563 550 4624 est
577 4551 825 4624 Testamentum
853 4552 988 4625 Novum
1014 4555 1048 4622 in
1075 4574 1151 4624 meo
1184 4555 1365 4644 sanguine,
1399 4554 1455 4646 qui
1486 4572 1549 4646 pro
1581 4545 1703 4633 vobis,
1738 4555 1773 4617 et

394 4688 460 4762 pro
487 4666 596 4740 miultis
625 4667 797 4740 effunditur
823 4667 866 4740 ad
893 4669 1119 4764 expiationem
1147 4667 1341 4740 delictorum
1370 4675 1405 4738 et
1429 4669 1532 4739 vitam
1559 4673 1739 4735 aeternam.

499 4782 662 4874 Populos.
718 4783 835 4856 Amen.

500 4897 685 4972 Sacerdos.
739 4898 1021 4994 Quotiescumque
1047 4896 1286 4971 manducabitis
1313 4918 1434 4992 panem
1460 4895 1547 4967 hunc
1574 4903 1607 4966 et
1633 4893 1772 4964 calicem

395 5012 481 5084 bunc
507 5011 649 5106 bibetis,
676 5020 872 5088 memoriam
897 5019 964 5088 mei
988 5014 1121 5087 facietis
1148 5012 1427 5116 deceonveniam.

450 5153 536 5196 temus
548 5150 573 5194 u
1531 5125 1585 5198 25
