4730 6038
677 689 754 764 340
1018 687 1233 798 ultonem
1265 686 1434 765 Jnconl
1459 686 1703 766 nlnlnlnt

677 880 753 972 quia
778 888 813 948 tn
840 877 951 949 omnia
977 883 1091 972 potes,
1118 883 1218 970 tepus
1244 875 1342 948 decet
1368 877 1475 950 omnis
1501 874 1615 969 gloria
1637 884 1672 948 ct
1697 873 1823 967 honor,
1849 876 1947 950 simul
1972 899 2048 950 cum

675 997 845 1086 unigenito
872 991 957 1065 Filio
983 999 1053 1082 tuo,
1080 1001 1114 1064 et
1139 991 1264 1088 Spiritu
1289 1001 1417 1065 sancto.

779 1107 942 1202 Populos.
995 1109 1116 1182 Amen.

780 1225 966 1297 Sacerdos.
1018 1226 1102 1297 Pax.

778 1340 940 1436 Populus.
993 1341 1038 1414 Et
1063 1364 1136 1413 cum
1164 1342 1279 1436 spiritu
1305 1349 1372 1412 tuo.

778 1457 964 1531 Sacerdos.
1017 1457 1252 1530 Miseraticnes
1278 1455 1343 1526 Dei
1369 1458 1446 1546 siut,
1472 1467 1535 1528 etc.

778 1574 940 1668 Populus.
992 1574 1037 1647 Et
1063 1596 1136 1645 cum
1164 1576 1280 1669 spiritu
1306 1582 1374 1644 tuo.

778 1691 967 1762 Diaconns.
1021 1689 1105 1762 Cum
1131 1691 1259 1762 timore.

779 1807 964 1880 Sacerdos.
1017 1807 1141 1879 Sancta
1168 1805 1311 1878 Sanctis.

777 1923 939 2018 Populus.
991 1920 1085 1996 Unus
1111 1922 1213 1994 Pater
1239 1929 1385 2010 sanctus,
1413 1927 1475 1991 etc.

779 2041 964 2114 Sacerdos.
1016 2037 1124 2131 Unus,
1153 2048 1217 2110 etc.

899 2331 1076 2403 Sacerdos
1102 2333 1187 2403 dicit
1214 2330 1412 2400 Orationem
1439 2329 1638 2400 Gratiarum
1663 2333 1820 2404 actionis.

781 2521 969 2594 Gratiarum
995 2523 1160 2592 actionem
1187 2518 1331 2592 debitam
1359 2519 1526 2591 ollerimus
1552 2522 1719 2612 majestati
1744 2529 1823 2592 tuae
1848 2525 2046 2621 incompre-

674 2635 847 2728 bensibili,
880 2637 1040 2725 Domine,
1073 2646 1211 2732 propter
1237 2635 1377 2710 salntem
1403 2633 1488 2708 hanc
1515 2659 1614 2730 quam
1640 2638 1834 2731 praestitisti
1859 2637 1957 2728 nobis
1984 2665 2047 2738 per

674 2755 879 2844 unigenitum
910 2752 1029 2826 Filium
1072 2763 1179 2844 tuum,
1218 2756 1272 2849 qni
1308 2753 1350 2826 ab
1384 2754 1476 2824 initio
1510 2761 1587 2824 ante
1625 2757 1892 2828 constitutionem
1934 2755 2047 2828 mundi

675 2868 897 2966 praeparabat
922 2872 1114 2964 mysterium
1142 2867 1206 2942 hoc
1232 2868 1461 2943 absconditum
1487 2891 1508 2939 a
1534 2868 1806 2960 generationibus
1839 2880 1873 2943 et
1907 2895 1928 2944 a
1959 2895 2045 2946 sae-

675 2983 778 3073 culis,
815 2985 903 3081 quod
936 2983 1071 3059 infirmis
1105 2995 1139 3058 et
1173 2983 1392 3057 imbecillibus
1424 2983 1522 3057 nobis
1555 2982 1741 3058 revelatum
1768 2995 1837 3074 est,
1863 2996 1898 3059 et
1923 2988 2045 3062 datum.

676 3099 850 3174 Olierimns
881 3105 989 3197 ipsum
1020 3107 1035 3148 ³
1066 3101 1125 3174 tibi
1152 3101 1404 3196 deprecatorem
1438 3121 1500 3198 pro
1533 3100 1653 3190 nobis,
1689 3110 1725 3172 nt
1756 3104 1789 3174 in
1825 3125 1883 3190 eo,
1917 3114 1951 3177 et
1982 3127 2046 3200 per

680 3238 755 3288 cnm
781 3215 961 3317 liberemur
987 3241 1007 3290 a
1029 3217 1146 3310 judicii
1171 3219 1304 3289 venturi
1330 3218 1551 3304 damnatione,
1578 3227 1612 3288 et
1631 3216 1723 3310 digni
1740 3219 1919 3292 efficiamur
1935 3242 2045 3293 coro-

672 3335 724 3405 nis
757 3332 866 3425 glcria
906 3332 1086 3430 splendidis
1119 3333 1285 3407 hominnm
1320 3332 1513 3424 beatorum,
1552 3342 1587 3403 et
1624 3354 1698 3404 cum
1735 3336 1818 3429 ipsis
1856 3333 2044 3412 referamus

674 3446 816 3540 gloriam
844 3459 878 3520 et
902 3448 1034 3522 landem
1059 3452 1230 3544 unigenito
1257 3449 1342 3523 Filio
1369 3459 1437 3542 tuo,
1464 3457 1498 3521 et
1523 3447 1659 3544 Spiritui
1685 3459 1741 3522 tuo
1768 3461 1897 3524 sancto.

776 3562 940 3657 Popnlns.
990 3566 1111 3638 Amen.

778 3679 963 3752 Sacerdos.
1016 3682 1100 3754 Pax.

779 3795 943 3889 Popnlns.
994 3796 1139 3870 Etcum
1166 3799 1282 3894 spiritu
1307 3805 1374 3868 tuo.

778 3911 967 3984 Diaconos.
1020 3913 1212 4009 Postquam,
1240 3921 1303 3985 etc.

776 4028 939 4122 Popnlas.
994 4027 1116 4103 Coram
1143 4040 1178 4103 te
1202 4030 1355 4102 Domine.

778 4144 964 4219 Sacerdos.
1005 4133 1091 4220 Tibi
1125 4145 1171 4218 fili
1202 4148 1372 4239 unigenite
1403 4145 1512 4217 Patris
1542 4143 1629 4216 unici
1668 4142 1750 4217 lesu
1786 4143 1919 4220 Christe
1949 4145 2044 4220 Deus

675 4283 776 4357 super
803 4265 925 4352 omnia,
952 4266 1078 4355 gratias
1106 4266 1256 4356 agimus.
1290 4259 1528 4355 laudamusque
1561 4282 1722 4333 summam
1754 4270 1843 4334 tuam
1870 4284 1953 4356 erga
1980 4285 2044 4335 nos

675 4376 912 4470 benignitatem
939 4402 1001 4476 pro
1028 4378 1377 4453 omnibnsbeneliciis
1403 4379 1485 4466 tuis,
1520 4379 1663 4474 quinos
1690 4369 1951 4466 contemtibiles,
1985 4381 2044 4448 in-

676 4493 804 4585 firmos,
829 4493 992 4590 perditos,
1020 4505 1182 4590 errantes,
1209 4518 1356 4589 egenos,
1383 4515 1527 4587 aegros,
1553 4495 1731 4582 contritos,
1759 4498 1932 4591 captivos,
1959 4496 2044 4564 virr-

677 4620 769 4701 ctcs‚
801 4616 996 4707 passionum
1033 4616 1184 4685 servituti
1219 4610 1410 4706 subjectos,
1450 4610 1628 4682 adorantes
1664 4608 1855 4698 daemonia,
1897 4608 2045 4682 tenebris

677 4726 806 4801 obsitos
834 4738 868 4800 et
894 4728 1022 4824 absque
1047 4729 1135 4816 Deo,
1161 4750 1224 4824 per
1249 4729 1508 4801 incarnationem
1535 4725 1818 4823 supernaturalem
1844 4736 1933 4798 tuam
1967 4723 2044 4796 ira-

677 4852 749 4915 tres
775 4852 851 4917 tuos
878 4851 911 4916 et
936 4843 1022 4917 filios
1046 4845 1156 4918 Patris
1184 4847 1246 4933 tui,
1280 4847 1525 4941 participesque
1558 4842 1700 4940 Spiritus
1733 4843 1839 4917 sancti
1873 4840 2046 4936 perfecisti

676 4980 740 5031 nos
766 4981 830 5054 per
855 4957 1051 5056 baptismum
1079 4959 1242 5052 divinum,
1276 4969 1311 5032 et
1335 4963 1470 5058 corpori
1497 4955 1531 5032 et
1557 4961 1708 5052 sanguini
1735 4969 1791 5031 tuo
1820 4967 1935 5032 sancto
1962 4959 2043 5028 uni-

677 5077 757 5147 visti
783 5098 856 5150 nos.
910 5074 1037 5151 Idcirco
1064 5080 1206 5173 petimus
1233 5100 1253 5148 a
1279 5088 1313 5151 te
1338 5079 1481 5150 Domine
1506 5087 1540 5149 et
1565 5077 1658 5149 Dens
1684 5085 1818 5164 noster,
1844 5073 1946 5162 bone,
1973 5070 2043 5144 be-

678 5193 800 5283 nigne,
837 5201 871 5262 et
904 5194 1026 5264 veniae
1056 5194 1215 5286 largitor,
1247 5204 1283 5266 nt
1315 5215 1382 5264 non
1414 5196 1449 5264 in
1479 5203 1606 5266 reatum
1639 5201 1673 5264 et
1705 5194 1951 5265 accusationem
1978 5190 2044 5262 sint
