4730 6038
646 571 724 647 290
1151 568 1508 647 Lluunurr

647 760 846 854 gubernent.
898 757 1038 848 lterum,
1071 768 1106 830 et
1137 780 1199 856 pro
1227 779 1280 830 mc
1306 779 1366 829 rec
1395 754 1538 830 obsecro
1565 765 1619 844 to,
1650 764 1814 827 scrutator
1846 757 2014 846 mentium,

648 887 683 948 ut
709 876 886 968 abstergas
914 897 933 946 a
960 896 1014 945 me
1041 883 1171 946 omnem
1198 875 1329 969 peccati
1354 871 1530 962 maculam,
1556 882 1591 943 et
1615 870 1766 965 perfecte
1791 870 1929 943 mundes
1948 893 2013 958 mc,

646 1002 684 1065 ut
710 997 867 1066 sanctitas
895 1013 981 1086 quae
1009 1013 1029 1061 a
1057 999 1089 1062 te
1117 999 1188 1078 est,
1217 991 1252 1061 iu
1282 1012 1336 1061 me
1371 986 1504 1061 habitat
1570 989 1691 1060 lterum
1725 995 1758 1058 ct
1790 1009 1852 1083 pro
1887 1008 2013 1059 corona

648 1112 735 1195 anni,
762 1120 797 1180 ut
822 1106 1038 1180 benedicatur
1064 1130 1125 1204 per
1150 1107 1291 1199 gratiam
1319 1115 1419 1192 tunm,
1447 1118 1480 1177 et
1506 1113 1604 1177 aeres
1632 1103 1781 1176 concede
1799 1113 2014 1197 temperatos,

648 1224 766 1320 quibus
800 1222 927 1296 fructus
961 1222 1230 1318 multiplicentur,
1270 1233 1305 1294 ut
1337 1221 1437 1293 edant
1470 1241 1637 1316 pauperes
1672 1228 1705 1291 et
1739 1227 1945 1309 saturentur,
1979 1229 2014 1290 et

647 1363 735 1414 voce
761 1343 943 1432 gratiarum
970 1341 1109 1412 actionis
1134 1348 1170 1410 te
1195 1336 1392 1431 glorificent.

751 1455 913 1548 Populos.
961 1455 1080 1526 Amen.

751 1572 927 1643 Sacerdos
953 1572 1091 1642 elecem
1120 1593 1247 1642 vocem.
1301 1570 1352 1641 l'u
1392 1591 1430 1642 es
1463 1571 1548 1640 enim
1584 1570 1640 1662 qui
1672 1571 1816 1641 omnium
1846 1566 2015 1640 hominum

648 1710 760 1760 curam
786 1691 888 1780 geris,
916 1696 950 1758 et
975 1708 1239 1781 unumquemque
1264 1688 1402 1758 inomni
1428 1683 1504 1756 loco
1527 1687 1640 1776 juvas,
1668 1694 1701 1755 et
1727 1681 1905 1775 gubernas.
1932 1683 2012 1757 Ad-

643 1806 727 1897 juva
752 1825 816 1876 nos
842 1804 996 1890 Domine,
1025 1811 1059 1874 et
1086 1803 1209 1874 exaudi
1236 1825 1299 1874 nos
1326 1803 1598 1895 quotiescumque
1624 1799 1803 1872 clamamus
1831 1801 1873 1871 ad
1900 1811 1952 1889 te,
1979 1811 2014 1874 et

647 1919 795 1993 liberans
821 1941 885 1992 nos
912 1917 953 1990 ab
982 1921 1072 1992 omni
1097 1940 1224 2006 errore,
1250 1921 1459 2010 ignorantia,
1494 1927 1527 1988 et
1552 1916 1698 1989 tenebris
1724 1917 1871 2010 peccati,
1897 1913 1952 1986 lac
1979 1923 2015 1988 ut

646 2041 679 2108 in
705 2036 780 2108 luco
806 2035 1033 2108 mandatorum
1060 2044 1190 2107 tuomm
1217 2032 1419 2106 ambulemus
1436 2032 1588 2105 omnibus
1605 2031 1720 2105 diebus
1746 2033 1838 2102 vitae
1862 2040 2014 2104 nostrae:

648 2155 723 2248 quie
750 2163 783 2223 ιιι
810 2175 848 2225 es
876 2155 909 2223 in
937 2173 1002 2247 quo
1030 2153 1132 2247 spirat
1159 2173 1258 2222 omne
1285 2148 1373 2244 quod
1399 2151 1496 2237 vivit,
1523 2157 1556 2220 et
1582 2148 1640 2221 tibi
1673 2145 1812 2218 debetur
1844 2144 1953 2238 gloria
1981 2158 2016 2220 et

646 2265 755 2340 bonor
788 2267 829 2340 ab
867 2266 1018 2339 omnibus
1055 2287 1141 2360 quac
1173 2267 1293 2337 creasti
1326 2266 1358 2334 in
1394 2264 1491 2336 coelo
1519 2272 1552 2333 et
1584 2267 1618 2334 in
1644 2272 1749 2350 terra,
1785 2274 1818 2334 et
1844 2267 2015 2357 unigenito

647 2384 732 2456 Filio
758 2395 826 2469 tuo,
854 2392 889 2454 et
913 2380 1051 2478 Spiritui
1077 2392 1133 2453 tuo
1160 2382 1369 2454 sanctissimo
1396 2391 1430 2451 et
1455 2378 1557 2452 bono.

753 2497 914 2590 Populos.
941 2500 1060 2571 Amen.

751 2614 927 2685 Sacerdos
953 2613 1145 2686 inclinatos.
1197 2613 1319 2686 lterum
1346 2635 1421 2684 cmn
1447 2611 1684 2708 deprecatione
1716 2624 1750 2686 te
1787 2615 2016 2702 obsecramus,

646 2754 709 2830 pro
735 2730 799 2804 illis
827 2733 883 2825 qui
907 2751 994 2802 nunc
1018 2729 1191 2803 nobiscum
1218 2733 1415 2823 congregati
1443 2739 1558 2802 orant:
1593 2738 1627 2800 et
1658 2753 1720 2827 pro
1755 2729 1819 2804 illis
1853 2734 1906 2826 qui
1934 2731 2017 2803 dili-

530 2870 534 2876 ·
647 2857 767 2942 genter
792 2846 888 2920 nobis
914 2857 1169 2943 praeceperunt,
1196 2856 1230 2917 ιιι
1255 2849 1449 2919 memoriam
1476 2869 1591 2919 eorum
1618 2868 1732 2918 coram
1748 2857 1783 2918 te
1808 2845 2017 2919 luceremus:

648 2973 683 3036 ct
711 2985 773 3060 pro
800 2963 863 3034 illis
897 2966 952 3057 qui
978 2973 1059 3035 vota
1086 2973 1120 3034 et
1152 2963 1310 3057 primitias
1344 2966 1376 3033 in
1411 2962 1564 3035 Ecclesia
1598 2973 1653 3034 tua
1687 2971 1801 3034 sancta
1836 2961 2017 3058 adimplent

648 3088 682 3152 et
709 3079 869 3153 offerunt:
898 3081 952 3173 qui
978 3081 1101 3151 sanctis
1129 3081 1325 3167 ministrant,
1353 3090 1385 3150 et
1410 3079 1611 3175 pauperibus
1645 3079 1758 3175 populi
1788 3083 1834 3149 tui
1861 3079 2017 3152 alimenta

648 3195 820 3294 praebent,
848 3204 1024 3268 eteorum
1052 3199 1107 3290 qni
1131 3191 1230 3266 bodie
1258 3193 1417 3289 quaedam
1446 3205 1688 3289 separaverunt
1714 3205 1748 3266 et
1774 3195 1970 3267 obtulerunt.

751 3313 900 3384 Eleoooo
925 3335 1050 3384 vocem
1102 3311 1146 3382 Et
1174 3310 1371 3385 sacrificium
1404 3311 1468 3385 boc
1499 3312 1644 3404 benigne
1678 3314 1865 3409 accipiens,
1901 3316 1944 3384 ita
1981 3322 2019 3384 ut

647 3427 803 3501 voluntas
828 3437 884 3500 tua
909 3430 943 3500 in
970 3450 1012 3500 eo
1040 3430 1241 3523 acquiescat,
1267 3438 1301 3499 et
1326 3449 1388 3523 per
1404 3427 1640 3519 benignitatem
1654 3431 1903 3501 miserationum
1930 3437 2011 3500 tua-

646 3568 719 3618 rum
746 3546 955 3638 suscipiatur,
982 3529 1104 3637 adjuva
1131 3553 1164 3614 et
1190 3543 1286 3616 salva
1313 3565 1374 3616 eos
1402 3565 1529 3632 omncs,
1558 3550 1612 3638 qui
1639 3553 1672 3616 te
1684 3539 1841 3618 invocant
1867 3567 1912 3616 ex
1938 3556 2010 3618 toto

646 3660 750 3734 eorde
775 3681 856 3750 suo,
883 3671 917 3732 et
943 3663 1075 3755 suscipe
1101 3663 1135 3730 in
1171 3681 1322 3756 expanso
1356 3659 1452 3732 coelo
1485 3670 1541 3731 tuo
1576 3660 1736 3752 Domine,
1772 3665 1942 3735 orationes
1977 3671 2012 3734 et

645 3774 834 3850 oblationes
860 3797 946 3870 quae
972 3775 1014 3848 ab
1043 3778 1131 3849 omni
1157 3774 1311 3848 Ecclesia
1337 3785 1393 3848 tua
1419 3788 1534 3849 sancta
1567 3774 1625 3846 tibi
1653 3776 1851 3867 offeruntur,
1877 3788 1910 3849 et
1936 3776 2011 3850 illas

647 3915 732 3987 quas
758 3914 845 3963 nnnc
871 3890 930 3962 tibi
957 3890 1152 3965 obtulenmt.
1205 3893 1312 3964 Parce
1340 3914 1471 3988 quoque
1503 3915 1564 3988 per
1591 3897 1733 3984 gratiam
1759 3905 1869 3982 tuam,
1897 3898 2012 3965 omni-

646 4007 710 4081 bus
737 4005 957 4103 iniquitatibus
984 4031 1070 4102 quae
1097 4031 1117 4079 a
1144 4008 1242 4080 nobis
1268 4019 1479 4104 perpetratae
1506 4017 1591 4096 suut,
1619 4012 1693 4104 qnia
1715 4021 1749 4082 tu
1775 4032 1813 4084 es
1829 4013 1920 4085 Dens
1938 4033 2012 4082 vc-

568 4145 574 4166 *
644 4124 717 4197 lens
744 4126 986 4211 miserationes
1014 4135 1048 4196 et
1074 4146 1221 4196 amorem
1255 4147 1336 4217 erga
1364 4123 1532 4215 homines,
1564 4135 1598 4197 ct
1630 4125 1688 4198 tibi
1714 4126 1856 4219 gloriam
1883 4125 2009 4198 referi-

646 4260 729 4328 mus,
757 4250 790 4311 et
815 4243 985 4333 unigenito
1012 4239 1096 4312 Filio
1123 4251 1192 4332 tuo,
1220 4252 1253 4313 et
1279 4241 1414 4337 Spiritui
1441 4253 1495 4314 tuo
1523 4245 1730 4316 sanctissimo
1758 4252 1791 4314 et
1816 4245 1917 4318 bono.

749 4355 911 4449 Populos.
961 4359 1080 4430 Arnen.

750 4471 924 4544 Sacerdos
955 4473 1146 4546 inclinatos.
1198 4474 1327 4547 Rursus
1353 4474 1571 4570 deprecamur
1596 4484 1629 4547 te
1655 4474 1810 4561 Domine,
1836 4497 1898 4571 pro
1923 4498 2012 4571 pace

646 4610 839 4681 regnorum,
866 4593 1055 4662 cessatione
1081 4588 1262 4681 bellorum,
1289 4599 1322 4662 et
1347 4613 1409 4686 pro
1435 4590 1609 4686 praeclaro
1645 4595 1744 4664 totius
1770 4591 1882 4664 mundi
1908 4601 2012 4664 statu:

646 4715 681 4776 ut
708 4704 904 4777 adoratores
930 4709 988 4794 tui,
1014 4728 1075 4800 per
1100 4709 1330 4781 miserationes
1358 4730 1443 4802 qnae
1469 4731 1489 4778 a
1516 4716 1550 4780 te
1576 4717 1666 4796 sunt,
1693 4719 1949 4798 conserventur,
1976 4719 2012 4780 et

647 4842 722 4892 cum
749 4819 916 4913 diligentia
942 4821 1115 4915 tranquilla
1142 4827 1366 4919 unusquisque
1392 4827 1424 4894 in
1451 4827 1591 4916 regione
1620 4846 1680 4898 sua
1714 4824 1772 4897 tibi
1805 4824 2012 4898 confiteatur.

750 4935 901 5008 Elecoos
933 4959 1059 5009 vocem.
1113 4935 1223 5011 Corda
1250 4951 1284 5011 et
1310 4942 1439 5014 animos
1464 4939 1596 5033 Regum
1633 4951 1667 5011 et
1697 4942 1881 5036 principum
1905 4940 1948 5012 ad
1975 4951 2011 5012 tc

647 5063 808 5126 converte
833 5055 991 5128 Domine:
1017 5057 1159 5151 impetus
1186 5055 1365 5148 violentos,
1392 5077 1565 5152 vanasque
1590 5056 1758 5131 doctrinas
1786 5055 1827 5128 ab
1854 5053 2011 5130 Ecclesia
