4804 6026
724 591 773 665 32
1227 587 1584 670 LITURGIA

724 777 837 868 vobis,
865 788 900 851 et
923 801 985 875 pro
1012 779 1121 852 multis
1148 775 1298 852 fidelibus
1326 777 1509 868 ellimditur,
1537 787 1571 850 et
1588 777 1731 850 daturin
1748 776 1980 850 remissionem
2006 795 2094 870 pec-

724 904 886 985 catorum,
913 904 947 966 et
973 898 1075 967 vitam
1103 903 1284 966 aeternam.

828 1009 989 1104 Populos.
1015 1009 1135 1083 Amen.

757 1217 762 1230 Ι
826 1125 1012 1198 Sacerdos.
1047 1125 1122 1198 Hoc
1153 1124 1255 1198 facite
1286 1128 1321 1197 in
1356 1128 1550 1200 memoriam
1581 1128 1665 1199 mei:
1703 1127 1975 1217 quotiescumque
2008 1124 2097 1195 enim

723 1241 961 1314 manducabitis
997 1264 1116 1337 panem
1148 1239 1234 1313 hunc
1267 1251 1300 1312 et
1332 1241 1469 1314 calicem
1502 1245 1601 1315 istum
1637 1238 1779 1330 bibetis,
1814 1247 1952 1310 mortem
1985 1259 2094 1309 meam

724 1355 953 1430 annuntiabitis
981 1367 1014 1429 et
1039 1360 1318 1431 resurrectionem
1344 1380 1453 1430 meam
1479 1356 1723 1444 confitebimini,
1751 1355 1858 1428 donec
1884 1357 2025 1428 veniam.

799 1565 801 1568 Ι
828 1472 990 1566 Populos.
1016 1473 1135 1548 Mortis
1161 1485 1249 1562 tuae,
1265 1473 1419 1563 Domine,
1445 1477 1639 1547 memoriam
1652 1476 1792 1564 agimus,
1817 1473 2095 1544 resurrectionem
2172 1522 2175 1539 .

725 1600 813 1661 tuam
841 1589 1046 1679 eonfitemur,
1081 1599 1116 1662 et
1148 1590 1327 1662 adventum
1358 1601 1448 1664 tuum
1482 1590 1664 1664 secundum
1696 1597 1931 1684 expectamus3
1957 1589 2095 1658 miseri-

723 1704 871 1779 cordiam
897 1716 930 1778 et
964 1708 1106 1798 gratiam
1133 1729 1153 1777 a
1179 1715 1213 1777 te
1238 1706 1462 1802 postulamus:
1495 1707 1725 1801 remissionem
1759 1713 1973 1800 peecatorum
2006 1709 2091 1798 pre-

723 1844 854 1894 camur:
883 1821 1131 1895 misericordiao
1156 1830 1234 1893 tuae
1262 1824 1327 1894 sint
1353 1844 1461 1918 super
1480 1843 1542 1895 nos
1570 1843 1698 1894 omnes.

826 1937 1010 2010 Sacerdos.
1037 1937 1233 2010 Memoriam
1259 1941 1359 2030 igitur
1387 1940 1536 2030 agimus,
1561 1937 1724 2026 Domine,
1756 1938 1872 2009 mortis
1906 1929 1940 2007 et
1973 1955 2095 2006 resur-

722 2055 881 2127 rectionis
909 2063 985 2128 tuae
1012 2075 1032 2124 e
1059 2052 1236 2148 sepulchro
1264 2063 1342 2149 post
1368 2054 1522 2142 triduum,
1549 2063 1584 2125 et
1610 2055 1816 2126 ascensionis
1843 2060 1920 2122 tuae
1946 2054 1979 2122 in
2007 2074 2094 2123 coc-

723 2169 801 2258 lum,
830 2178 864 2240 et
890 2172 1051 2243 sessionis
1078 2179 1156 2242 tuae
1182 2168 1225 2240 ad
1251 2168 1424 2242 dexteram
1456 2168 1522 2240 Dei
1548 2169 1670 2240 Patris:
1704 2189 1900 2263 rursumque
1931 2167 2094 2238 adventus

724 2289 771 2356 tui
797 2284 944 2390 secundi,
971 2282 1126 2357 terribilis
1154 2295 1188 2356 et
1213 2285 1363 2378 gloriosi,
1391 2309 1456 2380 quo
1471 2284 1676 2378 judicaturus
1704 2306 1741 2356 es
1759 2282 1874 2357 orbem
1901 2285 2094 2374 injustitia,

723 2423 799 2473 cum
825 2422 1091 2496 unumquemque
1117 2411 1386 2472 remuneraturus
1413 2423 1451 2472 es
1478 2401 1659 2474 secundum
1686 2423 1789 2496 opera
1816 2423 1884 2472 sua.
1921 2401 2095 2473 Ollen‘mus

724 2517 784 2590 tibi
809 2515 874 2590 hoc
901 2515 1096 2588 sacrificium
1123 2509 1271 2589 terribile
1298 2527 1333 2589 et
1357 2520 1571 2606 incruentum,
1602 2525 1637 2589 ut
1662 2539 1729 2590 non
1751 2517 1930 2590 secundum
1957 2525 2097 2612 peccata

722 2641 839 2704 nostra
867 2651 950 2724 agas
977 2631 1149 2704 nobiscum
1185 2631 1346 2722 Domine,
1380 2655 1489 2728 neque
1528 2632 1707 2706 seeundum
1741 2634 1928 2728 iniquitates
1962 2637 2096 2702 nostras

722 2747 888 2820 retribuas
915 2743 1028 2819 nobis:
1057 2747 1118 2820 sed
1145 2749 1324 2822 secundum
1352 2747 1634 2820 mansuetudinem
1659 2756 1750 2819 tuam
1773 2758 1806 2818 et
1832 2768 1979 2819 amorem
2007 2755 2097 2816 tuum

725 2884 809 2956 erga
835 2862 986 2936 homines
1013 2885 1170 2956 magnum
1197 2874 1229 2936 et
1255 2864 1470 2952 ineffabilem,
1499 2863 1573 2935 dele
1599 2872 1740 2960 peecata
1766 2872 1893 2953 nostra,
1920 2884 2096 2935 servorum

722 3000 846 3074 nempe
877 2989 1007 3052 tuorum
1034 2979 1092 3051 tibi
1128 2981 1387 3079 supplicantium.
1441 2980 1587 3076 Populus
1615 2984 1704 3052 enim
1737 2989 1812 3052 tuus
1845 2988 1880 3051 et
1910 2977 2097 3051 haereditas

724 3104 781 3165 tua
809 3093 1009 3190 deprecatur
1034 3105 1069 3168 te
1096 3107 1129 3169 et
1155 3120 1217 3192 per
1243 3108 1276 3170 te
1303 3107 1338 3170 et
1362 3106 1472 3170 tecum
1498 3100 1632 3171 Patrem
1660 3106 1760 3183 tuum,
1788 3095 1912 3168 dicens.

829 3211 990 3304 Populus.
1016 3210 1181 3286 Miserere
1206 3214 1300 3286 Deus
1326 3214 1426 3286 Pater
1454 3215 1673 3311 omnipotens,
1700 3215 1861 3284 miserere
1887 3211 1995 3283 nobis.

829 3327 1015 3399 sacerdos.
1068 3327 1140 3402 Nos
1168 3333 1267 3401 etiam
1293 3329 1411 3401 inlirmi
1438 3340 1471 3421 et
1496 3339 1694 3426 peccatores
1726 3329 1909 3416 servitui,
1942 3326 2097 3417 Domine,

722 3445 850 3535 gratiam
877 3448 1006 3538 agimus
1034 3443 1104 3536 tibi,
1130 3444 1301 3519 laudamus
1328 3456 1374 3537 te,
1399 3469 1461 3543 pro
1489 3446 1641 3520 omnibus
1668 3454 1702 3517 et
1728 3455 1865 3540 propter
1893 3446 2010 3516 omnia.

638 3557 639 3560 ’
828 3559 990 3654 Bupalus.
1016 3559 1206 3635 Laudamus
1233 3573 1284 3651 te,
1310 3563 1535 3636 benedicimus
1561 3573 1612 3651 te,
1650 3572 1683 3633 et
1710 3560 1886 3632 adoramus
1921 3568 1974 3646 te,
2008 3579 2097 3650 gra-

722 3678 789 3750 tias
816 3678 946 3769 agimus
973 3676 1030 3748 tibi
1057 3686 1091 3748 et
1117 3700 1293 3773 precamur
1320 3701 1340 3749 a
1366 3689 1399 3750 te
1433 3683 1584 3768 veniam,
1619 3678 1764 3752 Domine
1789 3674 1901 3763 Deus,
1936 3679 2098 3747 miserere

713 3791 820 3865 uobis
848 3799 882 3862 et
908 3791 1030 3864 exaudi
1056 3814 1150 3864 nos.r

827 3906 1013 3978 Sacerdos.
1039 3907 1226 4004 Praecipue
1251 3930 1337 3982 vero
1364 3917 1502 3981 sanctae
1528 3917 1562 3979 et
1586 3906 1759 4001 gloriosae
1786 3928 1920 4002 semper
1945 3906 2096 3999 Virginis

723 4019 845 4096 beatae
871 4026 1041 4116 genitricis
1067 4023 1132 4095 Dei
1159 4024 1289 4096 Mariae
1314 4025 1509 4097 memoriam
1536 4028 1674 4116 agimus.

826 4139 1014 4212 Diaconos.
1047 4139 1217 4212 Memento
1243 4139 1349 4229 illius,
1375 4141 1518 4212 Domine
1544 4139 1650 4231 Deus,
1678 4151 1712 4212 et
1737 4161 1798 4236 per
1826 4141 1898 4230 ejus
1926 4143 2095 4212 orationes

723 4277 825 4352 puras
853 4267 887 4327 et
913 4266 1060 4347 sanctas,
1087 4279 1191 4353 parce
1218 4265 1251 4328 et
1276 4259 1438 4329 miserere
1463 4255 1561 4328 nobis
1589 4268 1623 4328 et
1649 4257 1773 4329 exaudi
1799 4277 1872 4328 nos.

827 4371 1014 4447 Diaconos.
1043 4373 1151 4460 Quam
1177 4369 1332 4446 terribilis
1360 4383 1411 4446 est
1435 4371 1519 4443 baec
1546 4373 1648 4445 bora:
1676 4395 1774 4468 quam
1800 4370 1978 4444 timendum
2004 4379 2095 4440 tem-

604 4575 610 4594 ,
723 4510 787 4585 pus
820 4489 925 4580 istud,
962 4490 1072 4563 dilecti
1107 4492 1193 4579 mei,
1228 4512 1293 4584 quo
1327 4489 1468 4584 Spiritus
1502 4493 1601 4562 vivus
1629 4499 1663 4560 et
1696 4497 1830 4564 sanctus
1867 4509 1913 4557 ex
1948 4483 2096 4559 excelsis

727 4604 921 4679 sublimibus
954 4607 1041 4679 coeli
1073 4606 1228 4693 advenit,
1264 4605 1436 4678 descendit
1469 4615 1504 4676 et
1538 4604 1682 4676 illabitur
1717 4629 1818 4702 super
1852 4601 2095 4676 Eucharistiam

724 4720 810 4792 banc
835 4724 869 4793 in
897 4727 1085 4795 sanctuario
1112 4726 1266 4817 positam,
1293 4743 1432 4815 eamque
1459 4722 1659 4794 sanctificat:
1699 4744 1773 4794 cum
1808 4724 1927 4792 timore
1961 4726 1995 4790 et
2020 4724 2095 4786 tre-

698 4846 823 4909 'more
849 4847 970 4927 estote,
998 4848 1122 4912 stantes
1150 4846 1185 4909 et
1210 4847 1354 4909 orantes.
1380 4836 1455 4908 Pax
1481 4835 1654 4908 nobiscum
1681 4841 1739 4929 sit,
1775 4846 1809 4908 et
1843 4839 2005 4909 securitas
2031 4832 2098 4904 Dei

725 4954 834 5030 Patris
860 4959 1004 5026 omnium
1030 4963 1191 5046 nostrum,
1217 4945 1396 5026 clamemus
1425 4963 1459 5024 et
1486 4953 1632 5024 dicamus
1659 4965 1719 5026 ter.
1771 4953 1879 5051 Kprie
1906 4951 2044 5025 eleison.

830 5069 1006 5142 Sacerdos
1030 5071 1212 5142 inclinatas
1239 5071 1323 5141 dicit
1348 5070 1602 5140 lnoocottoncm
1627 5069 1779 5164 Spiritus
1804 5073 1924 5144 tancti.
