4782 6068
600 575 660 652 Dll
693 571 1088 652 uusuoalluotou
1118 569 1366 650 LITURGllS.
1585 564 1661 644 575

292 759 378 833 idem
407 762 605 855 significant.
658 759 725 833 Ubi
752 765 991 834 miserationes
1016 761 1200 856 posuimus,
1227 761 1283 855 qui
1308 757 1448 831 Missam
1472 755 1661 830 Malabaui-

290 901 365 950 cam
391 881 595 975 interpretati
623 886 716 967 sunt,
743 901 878 950 amores
908 885 1095 966 verterunt,
1130 874 1268 946 ridicule
1295 896 1453 972 prorsus,
1479 896 1589 970 neque
1617 897 1664 946 ex
1784 913 1785 918 =

291 994 366 1067 stilo
394 992 655 1084 Ecclesiastico,
683 1016 703 1064 a
730 1017 796 1089 quo
825 1015 929 1090 saepe
954 999 1188 1081 recesserunt,
1215 994 1277 1063 etsi
1304 1013 1511 1087 magnopere
1537 988 1664 1062 videu-

291 1120 343 1182 tur
370 1113 403 1181 in
430 1113 542 1183 animo
569 1108 747 1199 babuisse,
779 1120 815 1183 ut
841 1107 981 1182 verbum
1009 1106 1116 1181 verbo
1142 1107 1331 1179 redderent.
1384 1106 1452 1180 Sed
1479 1107 1555 1180 illos
1583 1112 1664 1203 qui-

292 1248 433 1321 cumque
459 1225 593 1314 tuerint,
621 1224 785 1322 Syriacae
810 1223 945 1318 linguae
971 1247 1087 1322 parum
1113 1225 1239 1320 peritos
1256 1223 1373 1313 luisse,
1399 1223 1508 1298 multis
1535 1225 1664 1297 iudiciis

293 1345 502 1434 agnoscitur:
534 1341 622 1416 unde
656 1340 698 1414 ab
731 1340 862 1414 illorum
888 1344 1052 1416 sententia
1078 1339 1239 1412 recedere
1266 1343 1400 1437 saepius
1426 1362 1570 1414 necesse
1595 1339 1664 1413 tuit.

292 1455 416 1531 Versio
442 1480 527 1530 vero
555 1481 653 1554 quam
673 1459 801 1550 damus,
829 1455 905 1531 talis
924 1466 989 1547 est,
1014 1465 1051 1530 ut
1072 1457 1312 1553 simplicissima
1331 1459 1374 1530 sit
1388 1465 1422 1528 et
1438 1457 1638 1532 fidelissima.

395 1573 535 1648 XXVII.
588 1573 763 1670 Reliquum
801 1584 854 1647 est
895 1584 931 1646 ut
975 1574 1016 1647 de
1046 1571 1322 1646 Nestorianorum
1362 1574 1534 1669 disciplina
1574 1576 1664 1644 circa
1729 1566 1877 1668 ll0³⁸⁰¹i⁸¹¹i
1894 1565 1989 1639 miquo

294 1714 390 1764 usum
416 1693 553 1763 istarum
579 1689 803 1783 Liturgiarum
831 1690 958 1763 dicatur
984 1688 1123 1786 aliquid:
1150 1712 1225 1761 nam
1252 1691 1426 1762 intereos
1452 1699 1665 1762 numerantur
1695 1655 1901 1794 {fflnzm
1917 1653 1989 1708 ⁰⁰¹*

294 1833 313 1880 a
340 1807 622 1898 Protestantibus,
650 1809 804 1902 quicum
832 1806 913 1903 Syri
943 1807 1022 1895 sint,
1057 1814 1091 1877 et
1126 1805 1270 1902 Syriace
1301 1806 1566 1894 accrescebat,
1603 1829 1664 1879 suo

294 1925 450 2020 exemplo
484 1923 638 1997 damnant
669 1921 858 1996 Ecclesiam
893 1921 1118 2014 catholicam,
1151 1921 1241 2018 quod
1272 1921 1453 1994 vernacula
1487 1923 1600 2016 lingua
1631 1926 1664 1994 in

292 2042 361 2115 suis
390 2041 503 2114 officiis
531 2063 597 2114 nou
623 2048 741 2112 utatur.
794 2037 925 2111 Nullum
952 2048 1064 2110 tamen
1091 2048 1163 2111 erat
1189 2060 1255 2136 quo
1278 2039 1392 2130 juvari
1418 2041 1523 2112 miuus
1549 2049 1667 2135 posset

294 2178 395 2228 causa
422 2155 695 2244 Protestautium,
723 2179 819 2250 quam
847 2177 987 2251 prorsus
1014 2151 1211 2248 labefactat,
1239 2152 1511 2251 disciplinamque
1537 2153 1665 2227 Eccle-

295 2273 368 2345 siae
392 2271 568 2344 Romanae
594 2269 729 2343 mirifice
756 2271 937 2344 coufirmat
989 2269 1075 2343 Nam
1108 2293 1154 2342 ex
1185 2293 1250 2366 quo
1277 2268 1470 2344 Nestoriaui
1496 2269 1666 2367 Mesopo-

294 2391 416 2460 tamiae
442 2386 614 2460 Ecclesias
635 2409 742 2484 prope
769 2409 885 2460 omnes
913 2395 1175 2483 occupaverunt,
1203 2389 1328 2459 amisso
1355 2385 1508 2458 Graecae
1533 2386 1667 2480 linguae

295 2528 370 2595 usu,
396 2502 485 2576 illam
514 2525 647 2599 quoque
673 2507 706 2575 iu
733 2507 840 2576 sacris
862 2503 984 2576 Officiis
1013 2501 1223 2575 celebrandis
1238 2505 1431 2592 omiserunt,
1459 2503 1668 2599 Syriacaque

296 2619 371 2694 sola
404 2622 450 2692 uti
483 2629 675 2715 coeperunt.
728 2618 813 2692 Cum
844 2642 929 2694 vero
961 2617 1108 2693 Arabica
1144 2618 1265 2715 ubique
1296 2620 1421 2715 passim
1461 2619 1668 2708 obtinuisset,

294 2739 341 2810 ita
368 2745 404 2809 ut
430 2735 494 2809 soli
521 2735 638 2810 eruditi
665 2736 807 2834 syriace
840 2738 981 2824 scirent,
1016 2733 1113 2832 plebs
1144 2735 1315 2824 illiterata,
1330 2719 1412 2811 'imo
1439 2733 1669 2809 Ecclesiastici

296 2856 379 2949 ipsi,
411 2875 479 2924 nou
514 2855 577 2925 uisi
609 2852 717 2924 studio
760 2851 923 2941 adhibito,
961 2851 1137 2948 Syriacam
1168 2851 1315 2944 linguam
1348 2850 1586 2944 intelligerent,
1628 2874 1669 2923 ea

296 2977 406 3041 tamen
433 2971 518 3042 ratio
545 2971 626 3040 tanti
652 2971 726 3040 visa
753 2991 821 3040 nou
849 2966 920 3059 suit,
947 2975 983 3038 nt
1008 2971 1141 3063 antiqua
1167 2964 1373 3040 consuetudo
1401 2966 1609 3053 aboleretur,
1637 2977 1671 3038 et

296 3085 478 3159 veruacude
505 3108 602 3158 sacra
629 3083 757 3156 fierent.
783 3082 881 3156 Unde
906 3082 972 3156 buc
999 3105 1104 3178 usque
1130 3082 1216 3180 apud
1242 3081 1415 3155 Ecclesias
1449 3105 1565 3155 omnes
1592 3082 1669 3155 Ne·
1749 3063 1752 3072 ¹

297 3203 483 3291 storiauas,
516 3224 584 3274 uon
620 3201 715 3274 aliter
749 3224 846 3298 quam
881 3201 1025 3297 Syrisce
1058 3201 1167 3273 solent
1193 3197 1374 3289 celebrari,
1408 3199 1488 3271 licet
1518 3199 1669 3295 plerique

299 3317 503 3391 Sacerdotes
535 3341 610 3390 eam
645 3316 792 3412 linguam
825 3339 894 3390 non
925 3315 1117 3410 intelligant.
1169 3314 1288 3410 Neque
1319 3317 1353 3386 iu
1384 3337 1426 3388 eo
1453 3318 1671 3388 constiterunt

297 3431 506 3506 Nestoriani:
539 3457 615 3506 uam
647 3457 720 3506 cum
757 3434 876 3507 mudtos
914 3435 948 3505 in
982 3433 1121 3505 Perside
1156 3431 1330 3505 Ecclesiae
1365 3429 1575 3520 fundassent,
1615 3430 1671 3505 ubi

300 3549 467 3647 Syriacae
492 3549 627 3643 linguae
654 3571 734 3623 usus
766 3550 874 3623 nullus
909 3559 995 3639 erat,
1029 3573 1103 3621 eam
1134 3559 1245 3621 tamen
1271 3548 1337 3620 illic
1363 3549 1397 3618 iu
1430 3550 1536 3622 sacris
1571 3547 1670 3620 cele-

299 3664 435 3738 brandis
469 3670 685 3738 retinuerunt.
737 3665 831 3739 Plebi
865 3669 909 3739 ita
952 3667 1206 3754 cousuluerunt,
1242 3677 1277 3737 ut
1306 3664 1518 3738 Lectiouaria
1551 3664 1669 3760 quibus

299 3779 472 3878 Epistolae
506 3793 539 3854 et
571 3781 759 3875 Evangelia
792 3782 834 3854 de
868 3779 993 3855 circulo
1029 3783 1105 3853 anni
1138 3781 1408 3871 continebantur,
1448 3785 1585 3856 Persice
1611 3783 1669 3852 in-

172 3933 180 3946 ·
300 3907 480 3995 teu-pretate
515 3907 646 3988 esseut3
673 3909 707 3970 et
733 3897 800 3970 tale
827 3893 1000 3991 eleganter
1026 3907 1060 3970 et
1086 3908 1242 3970 accurate
1269 3901 1425 3995 scriptum
1451 3891 1562 3970 nobis
1582 3919 1670 3995 sup.

298 4014 460 4110 peditauit
478 4011 681 4086 Bibliotheca
708 4011 912 4088 Golbertina.
943 4016 999 4089 An
1025 4037 1141 4111 porro,
1167 4024 1203 4086 ut
1229 4014 1315 4112 apud
1332 4014 1482 4110 Coptitas
1509 4014 1669 4098 Arabica,

298 4132 344 4202 ita
367 4131 505 4203 Persica
533 4135 767 4228 scripturarum
800 4133 915 4204 versio
948 4133 1035 4203 iuter
1068 4129 1247 4204 Missurum
1286 4130 1448 4205 solemnia
1486 4132 1670 4228 legeretur:

300 4270 343 4318 au
379 4246 421 4318 ad
461 4248 611 4343 privatos
645 4269 725 4320 usus
762 4257 886 4319 tautum
917 4249 1061 4320 instituta
1099 4247 1213 4344 buerit3
1256 4252 1319 4321 etsi
1355 4247 1454 4321 valde
1489 4248 1672 4322 verisimile
1772 4333 1774 4341 ¹

300 4360 453 4450 videtur,
491 4364 682 4460 exemplum
732 4364 933 4460 reliquorum
973 4363 1186 4438 Orientalium
1235 4362 1496 4438 Christianorum
1537 4377 1672 4439 secutos

296 4500 380 4549 *esse
415 4478 656 4554 Nestoriauos:
697 4490 823 4569 omen,
862 4478 951 4552 uude
989 4489 1083 4552 certo
1122 4481 1303 4576 probetur,
1347 4481 1410 4553 buc
1453 4505 1559 4579 usque
1593 4482 1673 4556 nibil

302 4592 399 4665 nobis
432 4599 585 4668 occurrit.
638 4597 674 4669 ln
703 4608 854 4670 extrema
890 4595 1044 4669 Tartaria
1085 4605 1118 4669 et
1149 4595 1392 4692 Torquestauia
1426 4599 1544 4672 multas
1580 4622 1672 4696 quo-

302 4733 368 4805 que
400 4708 574 4784 Ecclesias
607 4710 808 4804 babucumt,
844 4722 945 4810 atque
978 4711 1045 4785 illic
1076 4711 1297 4810 Episcopales
1330 4725 1364 4788 et
1395 4714 1672 4811 Metropolitanus

221 4855 224 4864 ·
303 4826 402 4899 sedes
431 4848 540 4900 novas
568 4840 768 4918 erexerunt,
800 4828 855 4902 ubi
886 4851 953 4903 nou
988 4828 1083 4902 aliter
1114 4852 1246 4925 quoque
1279 4854 1376 4928 quam
1404 4832 1547 4930 Syriaco
1574 4853 1672 4904 sacra

302 4942 408 5015 officia
449 4941 731 5035 celebrabantur;
780 4945 868 5042 quod
910 4944 951 5018 de
991 4946 1125 5018 Siuensi
1167 4945 1297 5020 illorum
1335 4946 1490 5021 Ecclesia
1530 4947 1673 5041 judicari

300 5081 368 5132 nou
396 5061 468 5133 sine
500 5063 631 5135 ratione
663 5072 785 5159 potest.
830 5063 917 5138 Nam
943 5061 1029 5160 lapis
1056 5061 1198 5139 ellossus
1229 5086 1317 5138 anuo
1349 5061 1558 5138 MDCXXV.
1608 5063 1671 5138 Si-
