4814 6060
665 591 697 669 s.
718 591 940 712 moseum
972 591 1202 690 00000000,
1229 605 1281 672 a.
1594 595 1669 670 000

402 779 564 874 Populos.
614 777 759 853 Etcum
788 783 996 877 spiritutuo.

401 898 592 969 Diaconos.
646 895 729 969 (lum
756 900 885 970 timore.

298 1075 301 1082 .
402 1013 587 1086 Sacerdos.
640 1011 765 1086 Sancta
792 1016 927 1086 sanctis.

402 1129 564 1223 Populum.
616 1128 711 1202 Unus
737 1130 838 1202 Pater
865 1141 1012 1204 sanctus.

402 1245 587 1317 Sacerdos.
641 1245 775 1318 Gratias
802 1249 944 1339 agimus,
980 1247 1171 1336 adoramus,
1196 1246 1388 1337 laudamus,
1423 1258 1457 1320 et
1483 1247 1670 1324 exaltamus

298 1374 345 1454 te,
372 1363 427 1458 qui
454 1383 492 1434 es
520 1370 689 1450 aeternus,
716 1370 750 1434 00
776 1362 1003 1454 absconditus,
1030 1365 1086 1460 qui
1122 1363 1242 1456 dignos
1270 1363 1358 1437 dono
1385 1362 1449 1437 boo
1476 1363 1670 1454 admirabili,

299 1487 333 1551 et
363 1476 689 1574 incomprehensibili
721 1499 785 1550 nos
815 1477 945 1571 iecisti,
978 1502 1044 1577 quo
1077 1482 1219 1572 unxisti,
1253 1489 1287 1552 et
1319 1477 1508 1553 abstersisti
1542 1484 1670 1555 auinms

297 1595 503 1667 adorantium
531 1603 576 1684 te,
603 1603 637 1666 et
663 1617 683 1666 0
710 1598 934 1692 corruptione,
961 1608 995 1669 et
1020 1597 1217 1692 perditione,
1245 1617 1329 1690 quae
1342 1618 1405 1691 per
1422 1599 1670 1691 separationem

298 1733 319 1782 a
345 1719 380 1782 te
406 1709 586 1803 acciderat,
612 1733 675 1784 nos
701 1711 862 1802 liberasti,
889 1700 1084 1809 vocastique
1106 1733 1189 1786 uos:
1217 1711 1395 1804 adjunxisti
1422 1711 1465 1786 00
1491 1722 1525 1785 00
1551 1723 1586 1785 00
1610 1712 1669 1787 lu-

296 1829 386 1899 miue
413 1829 613 1920 cognitionis
639 1831 687 1899 tui
712 1829 893 1924 implevisti
920 1829 1022 1902 eorda
1048 1838 1174 1905 nostra.
1205 1827 1346 1902 Praesta
1371 1827 1484 1920 nobis,
1511 1838 1547 1901 ut
1572 1841 1670 1902 extra

299 1945 406 2016 omnis
433 1946 549 2016 ruinae
575 1943 756 2038 perieulum
784 1955 945 2040 00000000
980 1946 1134 2018 vivamus
1160 1947 1193 2017 in
1220 1955 1264 2033 te,
1293 1954 1327 2017 et
1352 1967 1559 2040 quacumque
1586 1945 1670 2020 bora

298 2061 520 2154 appareamus
547 2082 668 2137 coram
688 2071 722 2134 00
748 2063 822 2157 puri
848 2069 883 2133 et
909 2058 1036 2155 absque
1070 2060 1210 2134 macula.
1271 2059 1325 2132 Da
1351 2058 1449 2135 uobis
1477 2083 1609 2157 quoque
1634 2072 1671 2135 ut

297 2177 508 2271 participatio
535 2175 619 2248 haee
646 2179 799 2272 eorporis
826 2186 861 2249 et
891 2179 1060 2269 sanguinis
1087 2175 1210 2251 Christi
1235 2178 1396 2268 unigeniti
1428 2175 1505 2250 Filii
1540 2180 1587 2250 tui
1612 2178 1670 2251 liat

297 2289 395 2364 uobis
422 2291 464 2364 ad
491 2291 769 2381 emundationem,
796 2301 831 2364 et
861 2292 1140 2388 pmilicatiouom,
1174 2313 1241 2364 000
1267 2292 1311 2364 00
1337 2295 1585 2366 accusationem
1612 2305 1669 2368 aut

298 2407 529 2481 confusionem
555 2417 713 2481 nostram.
765 2408 819 2480 Da
847 2413 946 2482 etiam
967 2408 1065 2483 nobis
1083 2419 1119 2481 ut
1132 2411 1222 2483 omni
1239 2420 1391 2504 tempore
1409 2411 1501 2482 vitae
1517 2419 1668 2501 nostrae,

296 2535 461 2621 perpetuo
490 2525 653 2598 sacrificia
679 2529 861 2618 gratiarum
887 2529 1027 2598 aetionis
1056 2524 1235 2599 offeramus
1261 2545 1376 2596 coram
1402 2534 1447 2614 te,
1474 2535 1509 2596 et
1534 2548 1669 2623 semper

298 2643 333 2712 iu
360 2640 541 2713 domestica
568 2640 790 2714 familiaritate
816 2651 872 2712 tua
900 2652 933 2713 et
963 2645 1178 2714 consistentia
1204 2640 1291 2736 0000
1318 2649 1363 2729 00,
1389 2643 1579 2716 contineant
1604 2663 1668 2716 nos

297 2757 543 2851 quodammodo
569 2760 730 2854 mysteria
756 2756 1003 2831 baecvivilica:
1029 2767 1066 2829 ut
1092 2757 1134 2830 00
1159 2768 1287 2854 partem
1313 2755 1402 2829 illam
1429 2756 1517 2853 apud
1543 2767 1576 2830 00
1603 2780 1668 2832 00-

297 2882 459 2967 paratam,
487 2873 529 2946 ad
554 2896 651 2946 unam
678 2873 918 2969 aequalemque
943 2873 1156 2946 concordiam
1187 2895 1252 2947 nos
1287 2871 1455 2963 adducas,
1490 2884 1525 2946 et
1557 2859 1682 2948 teoum'

295 2993 396 3080 regni
421 2993 467 3061 tui
493 2993 672 3086 participes
699 2989 823 3080 facias,
849 2989 1100 3084 releramusque
1134 2989 1193 3061 tibi
1218 2989 1373 3082 gloriam,
1400 3000 1434 3062 et
1458 2988 1606 3081 laudem,
1634 3001 1668 3064 et

296 3107 469 3196 unigenito
495 3105 581 3178 Filio
608 3117 664 3178 000
692 3116 726 3179 00
751 3106 885 3201 Spiritui
910 3113 1027 3178 sancto
1054 3114 1122 3178 tuo.
1198 3179 1201 3186 ,

400 3222 562 3315 Populos.
614 3226 733 3296 Amen.

403 3337 588 3411 Sacerdos.
641 3338 725 3411 Pax.

294 3513 296 3518 .
401 3452 563 3548 Populos.
614 3455 759 3528 Etcum
786 3457 902 3550 spiritu
926 3465 1018 3528 tuo..

400 3569 589 3643 Diaconos.
641 3572 734 3662 Post,
760 3582 824 3644 etc.

294 3715 297 3720 Α
401 3684 561 3780 Ρο00000.
615 3687 741 3762 Coram
766 3697 800 3760 00
833 3687 984 3760 Domine.
1669 3755 1673 3769 ,

402 3802 586 3875 Sacerdos.
640 3802 717 3875 'libi
742 3804 885 3875 Domine
912 3811 947 3874 et
971 3804 1064 3875 Deus
1090 3810 1206 3876 noster
1220 3799 1405 3890 adorande,
1432 3803 1557 3892 gratias
1584 3803 1665 3892 agi-

296 3939 382 4006 mus,
408 3940 597 4015 nomenque
622 3930 712 3992 tuum
740 3919 913 3991 excelsum
947 3941 1030 4014 prae
1056 3917 1226 4005 omuibus,
1259 3916 1439 3990 adoramus
1472 3927 1507 3989 et
1532 3917 1666 4010 glorifi-

294 4055 426 4124 camus,
452 4039 701 4131 gratiarumque
728 4038 878 4109 actiones
905 4034 1020 4129 quales
1048 4043 1191 4130 oportet,
1217 4033 1277 4107 tibi
1302 4034 1480 4122 reddimus,
1507 4056 1575 4106 nou
1603 4055 1666 4108 se-
1767 4109 1770 4116 ,

298 4149 439 4222 cundum
465 4173 601 4224 munera
630 4162 685 4224 tua
713 4173 795 4244 erga
822 4172 898 4241 uos,
925 4149 985 4224 sed
1000 4150 1180 4225 secumdum
1194 4152 1348 4224 virttem
1375 4160 1533 4223 nostram.
1568 4148 1666 4222 Con·-

293 4263 428 4338 fitemur
455 4275 563 4340 autem
591 4267 681 4363 quod
714 4271 824 4340 omnia
857 4289 943 4363 quae
976 4265 1136 4340 habemus
1171 4276 1228 4339 aut
1260 4266 1489 4362 possidemus,
1524 4287 1570 4338 ex
1602 4269 1666 4336 tuis

297 4390 387 4470 sunt,
414 4393 448 4454 et
472 4387 506 4456 in
533 4392 566 4456 00
592 4405 767 4456 movemur
793 4393 827 4456 et
853 4405 975 4456 sumus·
1027 4384 1062 4457 Α
1092 4391 1126 4454 00
1160 4383 1308 4455 firmatur
1343 4380 1543 4455 abundantia
1575 4383 1667 4454 iritae

297 4507 453 4572 nostrae:
481 4523 501 4572 a
527 4510 562 4572 te
588 4503 719 4572 animae
745 4508 779 4572 00
804 4521 949 4594 0000000
975 4507 1091 4572 nostra
1117 4507 1207 4587 snt,
1235 4499 1367 4594 000000
1395 4498 1524 4594 quidem
1552 4505 1666 4570 creata

298 4624 390 4690 sunt:
418 4637 459 4686 00
485 4637 547 4711 000
573 4624 606 4688 00
632 4619 827 4708 constituta,
861 4627 895 4690 et
920 4614 1127 4689 conformata
1154 4623 1206 4688 est
1232 4617 1339 4688 omnis
1365 4624 1504 4688 naturae
1529 4623 1666 4688 nostrae

298 4752 493 4826 compages.
546 4732 640 4804 Haec
666 4755 729 4828 per
754 4731 957 4807 voluntatem
984 4742 1085 4820 00000,
1110 4730 1274 4804 volumtati
1296 4738 1433 4804 nostrae
1459 4751 1557 4827 quam
1583 4752 1666 4804 ore-

298 4851 376 4936 asti,
403 4856 557 4944 tanquam
583 4848 714 4922 custodi
740 4848 923 4922 domestico
949 4847 1123 4936 tradidisti,
1150 4858 1187 4921 ut
1212 4869 1420 4944 quocumque
1446 4846 1550 4920 vellet
1575 4869 1666 4921 000-

295 4985 419 5052 versa,
453 4945 588 5054 arbitrio
621 4986 682 5039 suo
718 4963 825 5036 libere
855 4975 1057 5040 moveretur.
1109 4963 1205 5035 Hanc
1238 4966 1338 5057 igitur
1365 4962 1570 5038 voluntatem
1595 4986 1666 5036 uo-

296 5088 401 5154 stram
427 5089 619 5177 motumque
644 5091 805 5174 nostrum,
833 5089 867 5154 et
892 5081 1111 5173 cogitationes
1136 5090 1270 5156 nostras
1297 5077 1339 5152 ad
1366 5089 1417 5173 te,
1450 5083 1506 5178 qui
1534 5079 1666 5156 habitas
