4814 6060
706 608 783 682 538
1277 606 1509 684 NOTAE

705 798 751 868 ita
779 799 878 870 etiam
904 818 965 870 eos
992 794 1155 887 adjungas
1182 796 1215 866 iu
1241 793 1398 870 familiam
1425 804 1530 866 tuam:
1558 792 1665 866 adduc
1692 815 1754 866 eos
1782 794 1825 866 ad
1851 792 1942 872 ovile
1970 802 2080 886 ¹tuum,

704 911 803 984 induc
829 911 905 985 illos
931 915 964 984 in
991 932 1133 1004 gregem
1159 919 1265 984 tuum:
1292 908 1443 1004 guberna
1471 931 1533 983 cos
1559 931 1621 1006 per
1646 912 1817 987 caritatem
1837 918 1945 984 tuom:
1973 909 2079 1002 dirige

707 1049 769 1101 eos
795 1030 828 1098 iu
855 1030 945 1100 viam
972 1037 1075 1100 tuam:
1102 1023 1159 1099 lac
1185 1049 1247 1100 eos
1275 1026 1317 1098 ad
1343 1037 1475 1122 portum
1501 1035 1591 1114 tuum
1618 1030 1815 1122 pervenire:
1841 1051 1930 1102 voca
1949 1049 2010 1100 eos
2038 1024 2080 1098 ad

706 1142 947 1216 haereditatem
972 1153 1078 1215 tuam:
1107 1165 1240 1216 assume
1267 1165 1329 1216 eos
1355 1146 1388 1214 in
1416 1142 1549 1214 domum
1576 1153 1677 1232 tuam,
1704 1143 1835 1218 colloca
1858 1167 1920 1220 eos
1946 1144 1980 1212 in
2006 1138 2082 1212 dis-

707 1260 818 1334 cubitu
846 1268 921 1346 tuo,
949 1259 1081 1332 advoca
1117 1279 1179 1332 ecs
1215 1258 1257 1330 ad
1283 1257 1460 1332 thalamum
1487 1269 1594 1330 tuum:
1622 1281 1798 1352 congrega
1824 1283 1885 1334 eos
1913 1258 1956 1332 ad
1990 1277 2081 1328 con-

706 1379 834 1448 vivium
867 1387 975 1449 tuum:
1012 1373 1165 1450 conforta
1199 1398 1259 1450 eos
1291 1397 1353 1471 per
1387 1395 1481 1471 spem
1514 1384 1619 1448 tuam:
1650 1376 1733 1468 jube
1767 1400 1829 1452 eos
1862 1376 1905 1450 ad
1941 1393 2080 1466 regnum

707 1499 797 1562 tuum
829 1495 964 1564 venire:
998 1513 1166 1565 conserva
1209 1512 1270 1564 eos
1310 1512 1372 1587 per
1407 1511 1540 1562 erucem
1574 1501 1681 1580 tuam,
1722 1491 1886 1566 auxiliare
1920 1489 1985 1562 illis
2020 1509 2082 1584 per

652 1613 657 1619 ’
708 1606 882 1679 dexteram
916 1617 1021 1680 mam:
1058 1607 1181 1699 adJuva
1215 1627 1277 1680 eos
1309 1628 1371 1703 per
1404 1605 1611 1680 clementiam
1648 1617 1755 1680 tuam:
1792 1609 1889 1682 selva
1927 1627 1988 1678 eos
2019 1625 2082 1699 per

706 1719 877 1795 brachium
904 1733 1168 1796 tuumz‘exorna
1196 1745 1257 1796 cos
1285 1722 1464 1818 splendore
1490 1731 1566 1795 tuo:
1594 1723 1763 1796 sanctifica
1795 1745 1856 1798 ecs
1888 1745 1952 1820 per
1983 1723 2082 1793 vori-

707 1847 810 1911 tatem
836 1848 941 1912 tuam:
968 1843 1130 1912 miserere
1155 1837 1252 1914 nohis
1280 1838 1431 1912 omnibus
1463 1838 1643 1932 secundum
1678 1843 1820 1932 gratiam
1851 1848 1955 1912 tuam:
1991 1859 2081 1909 cou-

709 1955 794 2026 cedc
820 1954 917 2028 nobis
945 1953 1179 2028 abundantiam
1204 1952 1443 2027 beneficiorum
1463 1964 1610 2043 tuorum,
1637 1965 1671 2027 et
1685 1955 1836 2046 laudem,
1863 1965 1963 2051 atqua
1991 1952 2082 2034 ado-

708 2073 872 2144 rationem
899 2069 1083 2144 referemus
1110 2070 1170 2146 tibi
1196 2081 1231 2143 et
1256 2071 1347 2142 Patri
1374 2081 1450 2161 tuo,
1477 2081 1511 2142 et
1536 2069 1674 2167 Spiritui
1698 2081 1756 2144 tuo
1785 2083 1922 2160 saneto,
1950 2081 2014 2143 etc.

1122 2407 1672 2456 -—---=›=eue--—

709 2812 775 2906 ro
826 2813 1210 2908 urruacrru
1266 2779 1540 2908 rourum
1592 2749 2082 2907 rnrarraeanu

1011 3032 1257 3128 aureorum,
1285 3030 1505 3111 ooorounu
1531 3033 1617 3110 rnu
1643 3034 1792 3138 reiltun¹

1310 3231 1485 3314 norun.

798 3529 826 3592 1.
871 3517 949 3610 Quis
979 3526 1070 3590 luerit
1097 3527 1231 3609 lgnatius
1260 3525 1311 3589 ille
1333 3524 1504 3589 Patriarcha
1527 3525 1754 3605 Antiocheam,
1785 3526 1866 3590 scire
1895 3523 1955 3588 huc
1984 3543 2083 3607 usque

711 3649 772 3695 non
794 3635 960 3714 potuimusz
990 3629 1111 3693 luerunt
1133 3631 1213 3693 enim
1240 3629 1344 3711 plures
1367 3630 1426 3693 hoo
1448 3631 1568 3694 nomine
1590 3630 1769 3694 Antiocheni
1791 3627 1995 3692 Jacobitarum
2022 3631 2083 3692 Pa-

710 3729 871 3810 triarchae,
895 3729 934 3795 ob
958 3730 1058 3814 magni
1087 3729 1167 3792 illius
1190 3731 1332 3811 martyris
1354 3731 1576 3793 reverentiam:
1607 3729 1662 3792 sed
1685 3729 1766 3811 quod
1789 3745 1806 3789 a
1829 3727 1982 3792 nonnullis
2004 3747 2083 3810 pro-

711 3831 803 3894 ditum
826 3839 884 3905 est,
907 3847 1012 3892 omnes
1034 3829 1127 3912 vulgo
1148 3831 1189 3892 ita
1212 3829 1370 3912 appellari,
1398 3848 1504 3893 verum
1527 3848 1588 3894 non
1611 3837 1674 3910 est,
1705 3847 1772 3892 cum
1794 3829 1898 3910 plures
1919 3827 2083 3892 habeamus

712 3931 799 3994 aliter
821 3928 1002 4012 appellatos,
1025 3936 1057 3991 ut
1079 3948 1119 3992 ex
1141 3930 1233 3992 variis
1257 3929 1406 3992 Historiae
1428 3929 1652 3993 Alexandrinae
1674 3929 1761 4010 locis,
1784 3929 1815 3990 in
1837 3929 1946 4010 quibus
1968 3927 2083 3990 Antio-

712 4029 825 4092 chenas
848 4047 898 4092 res
922 4029 1126 4108 tractavimus,
1149 4029 1382 4092 demonstratur.
1403 4028 1511 4109 Neque
1523 4031 1618 4112 magis
1641 4037 1732 4092 notus
1756 4036 1802 4092 est
1823 4029 1941 4110 privato
1963 4029 2084 4090 nomine

710 4127 838 4210 losephi
860 4127 912 4190 Alii
933 4127 1059 4190 Wahih:
1082 4147 1150 4192 narn
1173 4128 1386 4192 obscurissima
1410 4135 1458 4190 est
1479 4127 1688 4191 Antiochenae
1710 4127 1898 4192 lacebiticae
1921 4127 2081 4192 Ecclesiae

711 4229 847 4292 historio.
893 4227 997 4308 ltaque
1020 4245 1079 4309 qua
1102 4234 1202 4291 aetate
1224 4229 1334 4291 vixerit
1366 4228 1526 4309 designare
1550 4247 1610 4291 non
1632 4245 1809 4309 possumus:
1837 4229 1953 4291 mediae
1984 4235 2084 4290 autem

713 4327 896 4408 antiquitatis
919 4346 989 4389 esse
1011 4327 1088 4388 hanc
1110 4325 1275 4411 Liturgiam
1298 4327 1389 4390 multa
1412 4327 1547 4390 suadent.
1593 4327 1667 4392 Nam
1691 4345 1768 4410 quae
1791 4329 1904 4391 sanctis
1926 4329 2010 4406 viris,
2033 4335 2085 4389 aut

711 4423 770 4486 illis
793 4442 869 4506 quos
892 4426 1030 4489 Ecclesia
1057 4426 1222 4490 lacebitica
1251 4426 1328 4489 tales
1346 4427 1480 4509 judicat,
1509 4427 1698 4506 tribuuntur,
1729 4429 1865 4508 quamvis
1892 4427 2085 4490 schismatum

712 4523 803 4586 initiis
833 4527 1023 4606 posteriores
1052 4527 1130 4604 sint,
1158 4534 1257 4591 tamen
1280 4526 1499 4609 simplicitatem
1527 4527 1683 4607 quamdam
1712 4543 1785 4607 prae
1813 4545 1848 4590 se
1877 4525 1978 4590 lerunt
2005 4545 2086 4608 quae

628 4653 630 4660 >
690 4625 873 4688 ‘vetustatis
900 4643 960 4688 non
990 4626 1059 4690 leve
1089 4627 1229 4689 indicium
1259 4633 1317 4691 est.
1367 4626 1455 4690 Aliae
1484 4625 1640 4710 Liturgiae
1668 4634 1700 4689 ut
1729 4628 1804 4704 ista,
1833 4625 1987 4690 lloridiore
2015 4625 2086 4688 stilo

714 4721 845 4802 scriptae
867 4733 947 4802 sunt,
970 4727 1020 4806 qui
1043 4742 1102 4788 non
1121 4727 1210 4790 modo
1225 4726 1405 4790 recentioris
1425 4731 1503 4806 aevi,
1526 4727 1581 4790 sed
1597 4726 1796 4790 allactationis
1808 4745 1877 4790 cum
1889 4713 2086 4811 ὀψιμαθεία
2148 4773 2154 4785 ,

714 4820 893 4902 conjunctae
915 4832 1002 4887 notas
1025 4825 1160 4906 praefert
1182 4845 1280 4908 prope
1302 4835 1413 4892 certas.
1447 4825 1619 4908 Ephraemo
1643 4827 1881 4908 eloquentiorem
1903 4825 2005 4908 lingua
2028 4843 2085 4888 sua

713 4921 861 4984 neminem
884 4921 953 5004 Syri
976 4933 1160 5006 agnoscunt,
1191 4925 1239 4988 cui
1261 4925 1354 5010 longo
1378 4925 1536 4990 intervallo
1558 4929 1713 5007 proximos
1741 4925 1853 4988 iaciunt
1880 4924 2025 4988 iacobum
2053 4933 2087 4986 et

715 5019 859 5099 quosdam
883 5021 974 5101 alios,
1004 5025 1054 5104 qui
1083 5024 1202 5105 quidem
1232 5035 1350 5089 tumore
1378 5025 1429 5088 illo
1457 5024 1595 5089 Asiatico
1624 5043 1685 5088 non
1711 5025 1834 5107 penitus
1865 5023 2022 5086 carebant:
2054 5033 2088 5087 at

710 5121 835 5201 proprie
858 5121 1066 5203 loquebantur,
1090 5141 1150 5186 nec
1172 5125 1356 5206 metaphoris
1379 5124 1553 5206 perpetuis,
1584 5132 1635 5188 aut
1657 5125 1797 5207 epithetis
1828 5123 1995 5188 orationem
2026 5123 2088 5186 oh·-
