4712 6032
731 654 805 730 194
1230 649 1590 726 urrunnun

729 851 763 914 et
789 841 831 912 da
857 841 920 912 iltis
947 849 1045 934 atque
1070 837 1168 912 nobis
1194 839 1350 910 uirtutem
1376 833 1644 932 insuperabilem,
1672 844 1706 906 et
1732 833 1829 907 nobis
1851 846 1885 908 et
1901 837 1983 932 ipsis
2010 857 2098 908 cou-

730 955 814 1029 cede
840 967 991 1051 tempora
1018 956 1146 1050 quietis,
1174 963 1209 1026 et
1234 952 1498 1047 tranquillitatem
1526 952 1653 1041 salutis,
1678 956 1904 1047 pergratiam
1931 962 1965 1023 et
1990 955 2098 1024 mise-

729 1066 906 1140 ricordiam
932 1076 967 1138 et
993 1087 1140 1138 amorem
1167 1086 1249 1156 ergo
1282 1067 1432 1136 homines
1463 1071 1622 1156 unigeniti
1654 1067 1731 1136 Filii
1761 1069 1807 1136 tui
1839 1089 1902 1160 per
1936 1089 2031 1160 quem
2066 1075 2100 1138 et

731 1205 804 1256 cum
833 1206 899 1279 quio
927 1194 960 1254 te
987 1181 1085 1254 decet
1111 1178 1220 1273 gloria
1247 1189 1281 1251 et
1306 1178 1423 1267 bonor,
1451 1191 1514 1252 etc.

836 1298 997 1393 Populus.
1050 1299 1170 1369 Amen.

834 1414 1010 1486 Sacerdos
1035 1413 1227 1484 inclinatus.
1279 1409 1405 1483 Eorum
1432 1415 1530 1484 etiam
1566 1414 1711 1483 omnium
1745 1413 1799 1506 qui
1833 1409 1997 1503 agonibus
2030 1414 2099 1483 suis
2130 1461 2136 1470 .
2181 1457 2184 1466 ι

731 1530 790 1604 tibi
815 1530 1023 1628 placuerunt,
1050 1539 1084 1600 et
1110 1549 1269 1602 summam
1295 1526 1443 1600 moribus
1471 1531 1540 1599 suis
1567 1526 1706 1620 gloriam
1734 1531 1905 1600 consecuti
1932 1536 2018 1618 sunt,
2044 1526 2100 1600 lac

732 1646 855 1721 bonam
880 1651 1075 1720 memoriam
1101 1645 1256 1731 Domine,
1283 1641 1348 1716 boc
1373 1652 1540 1740 tempore:
1568 1653 1696 1740 patrum
1715 1641 1992 1732 Patriarobarum,
2007 1645 2098 1716 Pro-

733 1763 916 1860 phetarum,
942 1759 1195 1856 Apostolorum,
1222 1759 1506 1848 Praedicatorum,
1532 1761 1830 1847 Annunoiatorum,
1856 1757 2101 1852 avangelista·

733 1903 819 1970 rum,
844 1878 985 1950 loannis
1012 1877 1198 1971 Baptistae,
1224 1873 1382 1969 Stephani
1409 1875 1567 1966 Diaconi,
1599 1885 1635 1947 et
1659 1876 1838 1958 ¹Genitricis
1871 1875 1935 1946 Dei
1961 1875 2100 1966 Mariae,

733 2019 808 2067 cum
836 1991 987 2067 omnibus
1014 1993 1156 2065 Sanctis.
1971 2052 1975 2068 ,

836 2110 985 2181 Eleoona
1010 2131 1136 2180 nocem.
1187 2107 1311 2180 Eorum
1345 2111 1400 2203 qui
1434 2111 1615 2180 certamine
1654 2107 1808 2181 athletico
1853 2131 1914 2183 suo
1949 2107 2101 2204 perlecti,

734 2238 768 2299 et
794 2249 904 2318 agone
928 2226 1075 2316 justitiae
1103 2228 1321 2296 consummati
1348 2235 1432 2296 sunt.
1485 2225 1653 2296 Memento
1681 2228 1781 2297 etiam
1804 2226 1947 2297 Domine
1974 2244 2100 2312 eorum,

735 2345 849 2438 quiin
877 2339 1014 2432 singulis
1040 2340 1234 2431 regionibus
1269 2350 1303 2411 et
1335 2339 1522 2412 civitatibus
1552 2313 1746 2434 placuerunt
1777 2340 1856 2428 tibi,
1888 2343 1943 2435 qui
1976 2340 2101 2408 exituum

735 2460 828 2529 vitoe
854 2455 1052 2552 inculpatum
1078 2454 1239 2528 babentes
1266 2478 1312 2528 ex
1337 2455 1401 2528 boc
1421 2455 1542 2527 mundo
1558 2454 1712 2551 profecti,
1739 2456 1781 2528 ad
1806 2465 1841 2529 te
1865 2462 2102 2552 pervenerunt,

736 2584 769 2644 et
795 2571 837 2644 ad
864 2572 1031 2645 coelestes
1064 2571 1182 2644 domos
1210 2570 1333 2645 elevati
1359 2584 1452 2644 sunt:
1484 2571 1618 2643 Petrum
1646 2575 1854 2666 antiquorum
1890 2581 1923 2642 et
1948 2573 2100 2642 Patriar-

604 2690 609 2701 “
736 2689 883 2776 cbarum,
908 2691 1091 2783 principum
1116 2686 1324 2777 familiarum,
1351 2691 1406 2784 qui
1432 2691 1593 2784 mysteria
1620 2686 1774 2760 viderunt
1807 2697 1842 2759 et
1874 2686 2100 2758 revelationes

735 2812 1006 2902 penetravertmt,
1034 2825 1293 2876 oeconomorum
1322 2803 1550 2900 spiritualium,
1576 2803 1841 2901 praedicatorum
1868 2803 2101 2896 gloriosorum,

736 2932 771 2993 et
797 2919 988 2992 dilectorum
1014 2919 1073 2991 tibi
1100 2919 1346 3016 deprecantium
1373 2931 1419 3012 te,
1451 2919 1575 3016 tibique
1610 2929 1821 3017 acceptorum
1858 2929 1892 2992 et
1923 2919 2101 3016 dispensa-

736 3047 844 3110 torum
871 3036 986 3110 domus
1014 3046 1099 3108 tuae.
1152 3037 1319 3134 Propitius
1347 3046 1420 3110 esto
1449 3037 1591 3110 Domine
1617 3036 1841 3132 iniquitatibus
1872 3039 2015 3126 nostris,
2041 3057 2101 3132 per

737 3156 906 3227 orationes
933 3175 1059 3224 eorum.
1113 3151 1166 3224 Da
1192 3153 1289 3225 nobis
1315 3163 1351 3224 ut
1376 3176 1449 3225 cum
1476 3153 1542 3226 lide
1569 3152 1769 3239 orthodoxa,
1796 3151 1975 3224 secuudum
2011 3174 2103 3223 exa-⁴

736 3278 822 3342 ctam
851 3268 1032 3340 doctrinam
1059 3290 1188 3358 eorum,
1214 3291 1392 3364 sequamur
1417 3269 1546 3343 illorum
1571 3273 1729 3361 vestigio,
1757 3273 1924 3364 simusque
1939 3266 2101 3340 haeredes

735 3386 992 3481 promissionum
1020 3407 1106 3478 quae
1134 3384 1175 3456 ad
1203 3407 1264 3458 eos
1281 3384 1391 3457 laetae
1407 3396 1493 3478 sunt,
1519 3389 1764 3484 participesque
1777 3385 1942 3456 mercedis
1970 3407 2101 3474 eomm3

737 3510 771 3573 et
797 3524 872 3572 cum
899 3503 948 3572 eis
974 3498 1154 3593 laetemur,
1189 3499 1298 3598 adepti
1325 3523 1468 3575 coronas
1498 3505 1681 3591 victoriae,
1715 3512 1814 3598 utque
1847 3503 1934 3573 inter
1969 3503 2101 3592 agmina

737 3639 854 3690 eorum
881 3637 1039 3689 conamus
1065 3616 1124 3689 tibi
1150 3616 1293 3710 gloriam
1320 3628 1354 3690 et
1379 3617 1510 3690 laudem
1537 3630 1570 3690 et
1596 3621 1766 3710 unigenito
1794 3618 1879 3691 Filio
1906 3627 1973 3691 tuo.

842 3732 1005 3826 Populus.
1034 3733 1153 3806 Amen.

841 3847 1016 3920 Sacerdos
1050 3847 1240 3920 inclinatus.
1285 3845 1591 3923 commemoramus
1631 3872 1746 3923 corum
1780 3858 1814 3921 te
1854 3848 1918 3922 boo
1952 3858 2102 3944 tempore

737 3966 900 4055 Domine,
926 3972 1082 4061 pastores
1112 3985 1237 4054 veros,
1272 3974 1307 4037 et
1339 3966 1496 4040 doctores
1529 3971 1695 4054 sinceros,
1729 3987 1844 4039 omnes
1875 3964 1993 4040 Patres
2026 3964 2101 4036 ele-

740 4091 812 4152 ctos
840 4089 875 4151 et
900 4081 1038 4169 beatos,
1065 4083 1209 4154 maxime
1234 4104 1319 4154 vero
1346 4083 1521 4206 lpnatium,
1548 4083 1756 4180 Dionysium,
1784 4106 1859 4155 cum
1884 4083 2020 4177 reliquis
2047 4080 2101 4152 di-

738 4197 834 4268 lectis
861 4199 935 4270 tuis.
1681 4211 1686 4222 '

843 4312 994 4384 Hermo
1018 4335 1143 4384 vocem.
1170 4309 1241 4384 Eos
1269 4315 1323 4406 qui
1357 4335 1458 4408 super
1491 4323 1619 4408 petram
1651 4317 1884 4388 inconcussam
1911 4314 2102 4388 contessio-

739 4431 791 4500 nis
815 4427 1056 4524 Apostolione,
1084 4427 1358 4517 aedificaverunt,
1385 4439 1418 4500 et
1444 4428 1674 4502 stabiliverunt
1712 4429 1827 4521 tidem,
1861 4430 2102 4502 extenderunt-

742 4566 806 4638 que
832 4555 866 4616 et
892 4544 1112 4617 dilataverunt
1138 4543 1312 4616 tentorium
1327 4543 1502 4618 Ecclesiae
1529 4555 1615 4634 tuae,
1644 4571 1664 4617 a
1691 4545 1808 4617 finibus
1829 4547 1996 4641 usquead
2022 4548 2102 4619 lines

741 4670 867 4732 terrae:
901 4663 956 4757 qui
988 4660 1248 4733 aedificaverunt
1283 4660 1372 4732 ovile
1408 4671 1496 4732 tuum
1531 4666 1564 4732 in
1596 4665 1753 4735 universa
1796 4673 1885 4735 terra
1918 4660 2114 4734 tentabitur

742 4779 854 4870 quiin
881 4780 984 4872 pratis
1011 4777 1251 4872 spiritualibus,
1279 4787 1312 4848 et
1337 4775 1554 4870 Evangelicis
1588 4777 1784 4850 fortitudinis
1818 4787 1913 4869 tuae,
1941 4785 2103 4873 paverunt
2143 4855 2148 4870 „

743 4911 827 4961 oves
855 4898 927 4962 tuas
955 4894 1152 4983 rationales,
1180 4904 1213 4965 et
1239 4916 1339 4990 super
1366 4917 1470 4989 aquas
1499 4896 1616 4987 quietis
1643 4895 1850 4968 deduxerunt
1876 4916 1985 4987 agnos
2018 4916 2103 4986 gre-

742 5008 796 5097 gis
822 5008 885 5078 tui:
913 5011 968 5103 qui
1003 5031 1118 5081 coram
1150 5009 1287 5103 regibus
1321 5020 1355 5082 et
1388 5014 1538 5106 tyrannis
1573 5011 1852 5106 praedicaverunt
1883 5011 2102 5104 Evangelium

742 5129 846 5212 mum,
873 5133 1046 5196 eteorum
1069 5125 1234 5216 judicibus
1260 5129 1379 5224 iniquis
1407 5125 1684 5220 confirmaverumt
1709 5127 1905 5221 religionem
1919 5139 2025 5200 tuam:
2052 5126 2105 5219 qui
