4730 6038
719 630 969 710 inruerant
1005 627 1375 706 HIEROPOLITANL
1656 621 1730 696 315

366 820 409 895 ad
443 819 528 894 hano
560 819 647 893 diem
680 818 738 892 tibi
773 819 986 916 placueruni3
1027 815 1212 912 Martyrum
1251 819 1365 902 etiam,
1402 811 1661 900 Conlessomm,
1699 820 1733 883 et

365 939 565 1012 Ascatarum
591 947 740 1026 tuorum:
765 935 915 1027 Virginis
943 953 1074 1028 quoque
1101 934 1289 1024 eonjugium
1315 951 1383 1002 nou
1411 937 1573 1024 expertae
1585 927 1731 999 Mariae:

366 1055 507 1129 loannis
532 1053 719 1148 Baptistae:
746 1049 905 1148 Stephani
919 1048 1079 1145 Martyris
1097 1059 1130 1120 et
1146 1051 1242 1144 primi
1257 1049 1494 1135 Diaconorum,
1521 1047 1732 1140 omniumque

367 1172 422 1267 qui
448 1169 545 1243 simul
571 1191 645 1240 cum
670 1167 734 1241 illis
762 1168 984 1240 sustinuerunt
1009 1167 1201 1259 passiones,
1227 1174 1411 1253 tormenta,
1437 1171 1472 1234 et
1496 1162 1731 1248 lacerationes,

366 1297 403 1360 m
427 1307 490 1382 per
515 1283 773 1380 supplicationes
801 1303 928 1369 eorum,
955 1279 997 1352 ab
1025 1278 1175 1354 omuibus
1203 1278 1329 1352 damnis
1355 1299 1621 1374 praeserventur.
1767 1265 1775 1272 ’

471 1400 631 1494 Populus.
685 1399 790 1498 Kyrie
819 1397 958 1471 eleison.

470 1517 646 1590 Sacerdos
665 1515 801 1588 decana
820 1537 945 1587 noceo.
986 1511 1159 1586 Constitue
1185 1522 1219 1583 et
1245 1534 1382 1584 numera
1408 1534 1471 1584 nos
1490 1512 1633 1585 Domine
1647 1514 1732 1582 inter

368 1636 499 1727 agmina
526 1641 716 1705 sauctomm
742 1641 889 1704 tuomm:
923 1633 1009 1702 inter
1035 1627 1168 1700 ordines
1196 1648 1311 1699 eorum
1339 1631 1394 1722 qui
1421 1627 1608 1700 dilexerunt
1633 1631 1732 1699 veri-

368 1757 468 1822 tatem
495 1759 598 1820 tuam:
625 1751 710 1820 iuter
736 1755 852 1820 coetus
879 1751 1009 1842 piorum
1035 1755 1069 1818 et
1091 1745 1256 1836 justorum
1278 1748 1333 1840 qui
1351 1753 1617 1841 expectaverunt
1635 1743 1733 1818 salu·

368 1873 435 1936 tem
461 1874 565 1938 mam:
592 1867 678 1936 iuter
704 1866 984 1956 congregationes
1010 1860 1194 1958 Martyrum
1221 1866 1277 1957 qui
1303 1864 1406 1934 occisi
1435 1869 1510 1932 sunt
1530 1863 1563 1930 in
1580 1883 1641 1956 spe
1660 1871 1732 1934 tua:

369 1985 455 2054 iuter
487 1979 679 2078 praeclaras
711 1989 866 2052 catervas
901 1977 1124 2050 subteriorum
1150 1989 1184 2051 et
1208 1978 1463 2071 religiosorum,
1498 1979 1552 2071 qui
1584 1976 1732 2052 moribus

369 2100 438 2170 suis
463 2097 657 2193 placuerunt
682 2093 757 2168 tibi:
784 2098 817 2167 iu
844 2093 995 2166 aceubitu
1008 2092 1248 2167 Menaenorum
1276 2104 1309 2166 ct
1329 2093 1734 2186 Virginumlamiliarium
1836 2095 1838 2100 '

369 2222 513 2285 tuorum:
548 2215 582 2284 in
616 2213 752 2285 circuitu
777 2209 1018 2308 Apostolorum
1052 2214 1106 2305 qui
1140 2213 1394 2284 annunciateres
1422 2219 1456 2282 et
1481 2209 1732 2306 praedicatores

369 2326 500 2400 hremmt
532 2331 684 2402 veritatis
724 2337 816 2400 tuae:
856 2329 889 2398 iu
922 2327 1049 2399 theatro
1082 2349 1285 2422 praeconum
1321 2335 1354 2398 et
1387 2325 1644 2423 Prophetarum,
1678 2327 1733 2421 qui

369 2443 522 2516 videmnt
554 2444 794 2516 revelationem
820 2454 927 2515 tuam:
968 2445 1053 2514 iuter
1085 2441 1192 2532 resa,
1228 2440 1449 2514 exultationes
1485 2453 1519 2514 et
1551 2440 1732 2538 triumphos

370 2563 615 2651 agonistarum,
642 2562 697 2656 qui
723 2557 936 2656 perfecerunt
960 2558 1166 2632 voluntatem
1193 2569 1299 2649 mam,
1333 2561 1366 2630 in
1392 2562 1533 2652 regione
1560 2557 1671 2650 gaudii
1699 2566 1733 2629 et

368 2674 547 2772 voluptatis
573 2673 803 2748 indefectibilis
829 2688 927 2768 mae,
953 2685 988 2748 ut
1013 2699 1087 2747 cum
1114 2675 1178 2750 ilbs
1206 2685 1240 2748 el
1264 2678 1349 2746 iuter
1376 2695 1438 2748 eos
1464 2673 1647 2748 referamus
1673 2672 1733 2745 tibi

370 2790 522 2883 gloriam,
548 2801 610 2864 etc.

474 2905 635 3000 Populos.
687 2909 806 2982 Amen.

472 3024 647 3096 Sacerdos
680 3024 873 3096 inclinatur.
914 3023 1081 3096 Memento
1108 3021 1251 3096 Domine
1275 3023 1535 3118 Apostolorum,
1569 3034 1603 3096 et
1634 3026 1733 3098 totius

372 3149 487 3212 coetus
513 3138 822 3232 Evangelistarum‚
855 3162 969 3212 eorum
997 3143 1051 3236 qui
1083 3163 1103 3211 a
1130 3151 1282 3234 tempere
1308 3138 1470 3213 adventus
1496 3142 1542 3212 tui
1569 3138 1735 3228 salutaris,

374 3255 414 3327 ad
441 3253 526 3326 hanc
551 3277 657 3350 usque
682 3255 769 3328 diem
801 3255 989 3329 Ecclesiam
1022 3265 1110 3328 turam
1143 3266 1291 3327 sanctam
1324 3255 1545 3328 dilataverunt
1577 3254 1736 3330 doctrinis

374 3372 515 3460 sanetis,
548 3370 754 3468 sudoresque
782 3383 816 3444 et
840 3370 975 3446 labores
1002 3393 1142 3464 magnos
1169 3394 1230 3468 pre
1258 3393 1299 3443 ea
1325 3383 1544 3468 suscepemnt
1570 3381 1603 3444 et
1629 3374 1735 3444 susti-

373 3495 523 3559 uuerunt.

476 3601 637 3696 Populus.
689 3603 795 3700 llyrie
823 3603 961 3676 eleison.
1091 3696 1098 3702 .

477 3717 652 3791 Socerdm
673 3720 809 3790 elaeone
829 3739 955 3791 nocem
995 3717 1286 3811 congregationes
1301 3727 1376 3792 tuas
1395 3719 1608 3809 domesticas,
1635 3741 1735 3792 com-

374 3857 595 3908 memoramus
623 3833 847 3908 lihiDemine:
873 3837 1134 3931 invocamusque
1161 3834 1202 3906 ad
1230 3836 1386 3907 auribum
1412 3845 1562 3908 uestrum
1581 3835 1657 3907 illos
1681 3839 1737 3931 qui

374 3950 506 4024 iuemnt
530 3951 702 4024 luminaria
729 3950 926 4047 spiritualia,
962 3950 1219 4047 depuleruntque
1245 3950 1401 4024 tenebras
1426 3953 1557 4048 peccati
1583 3949 1624 4023 ab
1652 3953 1736 4026 orbe

373 4073 549 4142 universo:
578 4069 631 4163 qui
657 4066 788 4140 fuemut
812 4066 922 4141 fontes
944 4066 1079 4159 jucundi
1109 4065 1242 4157 oderis,
1274 4070 1328 4162 qni
1361 4077 1562 4164 potaverunt
1594 4069 1736 4166 populos

374 4187 469 4280 aquis
496 4183 645 4256 dulcibus
670 4183 763 4256 fidei:
789 4185 969 4276 magistros
995 4181 1070 4255 illos
1098 4182 1246 4257 decidua
1274 4183 1405 4273 divitae,
1432 4189 1487 4280 qui
1509 4193 1629 4258 terram
1646 4191 1737 4259 veris

375 4299 532 4373 doctrinis
558 4299 815 4372 inundaverrmt:
841 4298 1091 4395 praedicatores
1117 4302 1286 4373 veritatis:
1314 4312 1518 4375 scrutatores
1539 4325 1649 4375 rerum
1668 4325 1737 4374 ve-
1806 4324 1811 4330 ·

374 4436 504 4488 rarum:
538 4414 655 4489 felices
689 4425 723 4488 et
756 4425 911 4488 strenuos
945 4417 1138 4512 operarios,
1180 4420 1235 4511 qui
1269 4440 1313 4490 ex
1347 4427 1436 4490 terra
1468 4421 1738 4514 exstirpavemut

376 4533 488 4626 spinas
515 4540 549 4602 et
575 4535 701 4604 zizania
727 4535 876 4628 peecati3
910 4535 964 4628 qui
1000 4530 1208 4604 deduxenmt
1241 4555 1381 4625 gregem
1415 4545 1505 4606 tuum
1537 4535 1738 4631 spiritualem

375 4649 407 4718 in
435 4650 561 4720 semitis
588 4651 697 4720 rectis·
715 4647 941 4722 mandatorum
968 4655 1097 4720 tuorum
1122 4649 1377 4722 vivificantium:
1411 4660 1445 4722 et
1477 4649 1519 4722 ad
1545 4648 1621 4722 illos
1648 4673 1737 4725 cen-

374 4761 540 4857 fugientes
571 4764 731 4856 Domine,
771 4767 805 4836 iu
843 4763 1037 4838 habitaculis
1071 4773 1105 4836 et
1138 4764 1342 4838 haereditate
1377 4787 1492 4840 eorum
1528 4787 1737 4839 maneamus:

373 4883 458 4952 inter
484 4879 606 4954 choros
633 4903 748 4954 eorum
773 4880 935 4954 laetemur
961 4889 995 4952 et
1019 4880 1238 4973 gaudeamus:
1265 4884 1299 4953 iu
1326 4885 1482 4955 convivio
1509 4903 1625 4955 eorum
1649 4905 1737 4977 epu-

374 4993 500 5088 lemur,
528 5008 562 5071 et
587 5018 648 5093 per
674 5001 815 5090 gratiam
842 5007 949 5087 tuam,
976 5020 1051 5069 cum
1076 4995 1140 5070 ibis
1166 4985 1375 5093 perimamur
1399 4996 1497 5072 bonis
1524 4996 1737 5085 coelestibus,

374 5119 408 5183 et
432 5110 616 5188 referemus
642 5113 701 5188 tibi
727 5114 880 5207 gloriam,
912 5125 974 5186 etc.

412 5250 533 5296 ramma.
1480 5230 1530 5305 43
