4782 6068
607 615 653 690 IN
683 613 937 691 LITURGIAS
970 611 1383 690 NESTORIANORUM.
1599 609 1677 686 607

305 797 363 860 dos
384 797 583 878 apprehendit
603 817 724 861 monam
746 801 811 878 aar
831 799 974 861 metram
989 807 1019 860 et
1031 797 1123 877 infert
1134 798 1165 859 in
1179 805 1295 876 patena
1312 797 1427 874 dicam
1443 795 1545 860 Gloria
1556 795 1676 860 Domini

306 898 413 960 nostri.
443 898 579 961 Diacono
602 897 730 960 traditur
752 896 830 960 calix
851 904 885 959 ut
906 897 1144 960 communionem
1155 895 1255 958 Laicis
1270 895 1470 973 administret3
1492 895 1547 958 sed
1557 913 1677 959 manum

307 995 392 1060 disco
414 1015 476 1060 non
497 996 599 1074 infert,
622 1015 689 1059 eum
709 996 928 1060 Eucharistiam
951 1013 1012 1058 non
1033 1003 1146 1077 tangat.

792 1257 853 1330 19.
895 1257 1029 1330 Sancta
1054 1259 1193 1328 sanetis.

403 1449 462 1531 Tei
485 1449 563 1546 ἅγια
583 1461 655 1534 τοῖς
676 1450 788 1545 ἁγίοις.
812 1461 911 1546 Vulgo
935 1459 1044 1523 dicitur
1060 1460 1178 1524 Graeca
1199 1461 1335 1524 oratione
1347 1469 1468 1524 servata
1481 1459 1518 1522 ad
1529 1459 1677 1522 honorem

307 1566 488 1647 antiquitatis
511 1568 541 1628 in
555 1566 692 1630 Ecclesia
715 1565 932 1644 Alexandrina,
955 1564 985 1625 in
1008 1582 1067 1646 qua
1090 1563 1179 1626 etiam
1199 1564 1327 1627 maxima
1349 1565 1484 1628 brevium
1507 1563 1676 1626 orationum

306 1683 388 1746 pars,
410 1684 487 1746 quae
502 1665 815 1728 dicunturabiacono
839 1673 870 1728 et
892 1685 909 1728 a
930 1663 1056 1746 populo,
1080 1661 1197 1726 Graece
1218 1663 1462 1744 pronuntiantur.
1484 1662 1517 1725 ln
1528 1661 1674 1744 Syriacis,

305 1765 478 1846 aliquando,
500 1773 533 1828 ut
555 1765 602 1831 bic
625 1765 828 1845 explicantur,
851 1780 958 1844 nempe
980 1770 1015 1825 ut
1037 1759 1223 1843 significetur
1245 1763 1436 1826 Sacramenta
1459 1780 1516 1824 seu
1533 1763 1678 1844 mysteria

305 1883 367 1928 non
390 1864 454 1928 aliis
478 1864 621 1927 tradenda
644 1883 713 1928 esse
736 1883 823 1946 quam
846 1864 975 1940 sanctis,
1005 1861 1064 1925 boc
1092 1868 1139 1924 est
1166 1861 1224 1924 illis
1255 1864 1308 1942 qui
1335 1860 1445 1924 nullius
1475 1861 1531 1924 sibi
1558 1861 1679 1942 peceati

307 1964 421 2027 conscii
443 1972 523 2041 sunt,
546 1972 597 2027 aut
619 1965 776 2027 commissa
800 1982 857 2045 per
879 1961 1100 2025 confessionem
1123 1967 1154 2023 et
1175 1961 1389 2042 poenitentiam
1411 1962 1620 2042 expiaverunt.
1643 1959 1679 2024 ln

305 2064 373 2126 istis
395 2048 490 2126 tribus
512 2064 763 2127 Nestorianorum
785 2062 929 2146 liturgiis
952 2061 1133 2143 adjiciuntur
1153 2060 1256 2123 ultima
1279 2060 1328 2123 illa
1350 2060 1461 2133 verba;
1484 2059 1525 2121 ita
1547 2067 1580 2122 ut
1602 2077 1679 2122 sen-

305 2181 358 2226 sus
381 2165 420 2226 sit
441 2171 579 2225 sanemm
600 2169 723 2225 sanctos
745 2163 832 2225 decet
851 2159 1098 2240 inperfectione.
1142 2157 1203 2223 lllis
1225 2160 1351 2237 scilicet,
1374 2167 1528 2234 sanctam,
1551 2158 1610 2222 boc
1631 2165 1679 2221 est

305 2262 538 2341 Eucharistiam,
561 2261 626 2324 dari
648 2261 723 2325 solis
746 2269 890 2344 oportere
913 2261 965 2342 qui
987 2257 1203 2340 perfectionem
1225 2260 1305 2322 vitae
1329 2257 1516 2322 Christianae
1540 2275 1679 2338 sequun-

307 2370 371 2439 tur,
403 2381 461 2425 nec
484 2363 582 2425 abea
605 2361 755 2425 deliciunt.
800 2361 833 2424 ln
856 2361 998 2424 versione
1021 2359 1131 2422 Missae
1153 2357 1353 2421 Malabricae:
1397 2357 1541 2419 Scantiam
1562 2358 1680 2419 senens

304 2463 393 2526 decet
413 2463 540 2525 Domine
561 2464 617 2538 mi,
648 2464 680 2524 in
702 2461 958 2524 consummatione
964 2481 979 2534 ;
1012 2476 1089 2539 quae
1119 2457 1214 2520 verba
1245 2456 1474 2520 obscuriuscula
1504 2464 1591 2534 sunt,
1620 2471 1679 2517 nec

304 2563 483 2624 sententiam
515 2562 671 2624 commode
700 2562 880 2641 exprimunt.
931 2558 1102 2642 significari
1129 2575 1204 2620 vero
1233 2554 1450 2637 perfectionem
1477 2556 1556 2616 vitae
1586 2553 1679 2619 Cbri-

306 2659 432 2739 stianae,
455 2678 516 2723 non
538 2679 645 2724 sacrae
669 2660 795 2723 actionis
814 2658 1109 2735 consummationem,
1133 2662 1311 2738 argumento
1324 2662 1371 2719 est
1384 2655 1520 2737 ejusdem
1533 2653 1679 2718 formulae

305 2757 408 2838 lectio,
432 2767 465 2823 ut
487 2760 517 2821 in
539 2759 711 2823 Jacobiticis
735 2759 879 2840 biturgiis
901 2776 936 2820 se
958 2757 1058 2820 babet.
1102 2753 1146 2817 lta
1168 2773 1276 2836 nempe
1300 2754 1478 2835 exprimitur
1499 2755 1531 2816 in
1541 2753 1679 2837 biturgia

305 2856 413 2921 Jacobi
429 2867 459 2921 et
476 2858 556 2921 aliis:
585 2859 830 2920 Sanctosanctis
844 2856 1087 2938 inperfectione,
1106 2857 1242 2935 paritate
1264 2862 1294 2917 et
1314 2856 1477 2916 aaronica
1500 2854 1680 2916 tradantur.-
1709 2893 1712 2901 ·

304 2975 415 3038 nempe
444 2956 524 3020 idem
554 2965 601 3018 est
630 2956 727 3037 quod,
758 2956 847 3019 decet
874 2963 978 3018 sancta
1006 2955 1136 3032 sanetis,
1166 2953 1218 3034 qui
1240 2954 1270 3015 in
1295 2952 1481 3034 perfectione
1504 2960 1574 3014 sunt
1596 2952 1678 3016 dari:

306 3057 371 3120 sive
394 3053 557 3137 perfectis,
581 3057 681 3136 puris,
713 3057 835 3119 sanctis.
880 3053 921 3116 At
942 3055 973 3115 in
995 3050 1212 3133 antiquioribus
1235 3049 1390 3113 codicibus
1413 3050 1601 3114 diversarum
1624 3051 1680 3114 Li·
1798 3053 1802 3062 '

306 3157 475 3238 turgiarum
506 3155 655 3236 SyriaeiS,
685 3162 718 3216 ut
747 3155 778 3215 in
808 3152 1037 3216 Commentariis
1064 3149 1228 3229 Barsalibi,
1259 3157 1289 3212 et
1317 3149 1432 3231 aliquot
1455 3149 1679 3233 Tbeologorum

311 3255 361 3335 qui
384 3252 461 3316 banc
484 3254 651 3317 orationem
673 3253 821 3336 allegant,
850 3249 963 3335 legitur
991 3251 1166 3332 simpliciter
1189 3257 1299 3312 saneto
1320 3250 1455 3311 sanetis.-
1485 3248 1579 3311 verba
1602 3249 1679 3312 sub-

307 3354 465 3434 sequentia
488 3353 677 3434 postmodum
700 3352 841 3436 adjuncta
863 3349 994 3414 fuerunt.
1039 3349 1125 3412 Ratio
1147 3349 1278 3411 fortasse
1307 3355 1370 3426 est,
1400 3347 1480 3429 quod
1510 3366 1576 3409 eum
1605 3348 1679 3429 pri-

307 3454 397 3517 mitus
421 3451 568 3517 formulae
591 3452 661 3515 illae
683 3451 800 3515 Graece
822 3451 1104 3532 pronuntiarentur,
1134 3457 1167 3511 ut
1194 3448 1270 3510 aliae
1299 3465 1360 3510 non
1389 3465 1522 3527 paucae,
1547 3449 1679 3528 quaein

308 3553 495 3634 Coptitarum
525 3552 637 3615 Officiis
666 3552 724 3615 buc
751 3569 849 3632 usque
879 3559 1076 3613 conservatae
1099 3556 1184 3624 sunt,
1213 3565 1265 3610 eas
1295 3545 1415 3610 tandem
1443 3546 1567 3628 syriace
1600 3546 1679 3609 verti

306 3654 428 3734 placuit.
460 3651 535 3712 Nam
550 3651 656 3714 eodem
679 3651 768 3714 modo
791 3667 851 3730 quo
875 3647 953 3731 apud
975 3650 1050 3711 istos
1064 3648 1210 3730 quaedam
1222 3647 1420 3728 pronunciata
1442 3645 1558 3708 Graeco
1573 3645 1678 3725 fuisse,

306 3751 436 3834 probant
451 3749 571 3812 codices
586 3749 733 3828 nonnulli,
748 3757 778 3812 e't
791 3747 990 3832 fragmentum
1007 3747 1078 3810 illud
1098 3748 1178 3829 qnod
1190 3755 1259 3828 post
1272 3746 1379 3809 Severi
1391 3742 1526 3808 Ollicium
1536 3743 1679 3827 Baptismi

308 3851 398 3914 edidit
422 3850 519 3912 Guido
542 3849 698 3912 Fabricius
712 3848 915 3912 Boderianus:
938 3847 988 3910 ubi
1010 3837 1053 3909 rei
1077 3836 1155 3931 ἅγια
1175 3846 1244 3921 τοῖς
1266 3836 1378 3928 ἁγίοις.
1404 3841 1537 3921 Enniam
1560 3841 1677 3918 καλῶς.

306 3941 416 4036 Κύριε
438 3943 571 4032 ἐλέησον
593 3957 767 4012 occurrunt.

393 4051 439 4112 Eo
467 4049 535 4130 ipso
567 4055 703 4129 tempore
734 4065 794 4128 quo
822 4047 1024 4129 proclamatur
1049 4053 1158 4108 saneta
1187 4047 1303 4107 sanans
1324 4044 1462 4106 elevatur
1484 4049 1515 4105 et
1537 4042 1680 4106 adoratur

307 4150 386 4230 apud
410 4148 579 4211 Orientales
602 4148 806 4226 Eucharistia,
834 4164 894 4211 non
923 4149 959 4210 iis
983 4146 1136 4227 Liiurgiae
1160 4145 1235 4207 locis
1258 4143 1367 4226 quibus
1391 4143 1596 4206 adorationem
1619 4161 1679 4206 no-

306 4249 692 4330 taveruntDiamperenses
705 4246 931 4326 reformatores,
955 4248 1012 4309 rati
1025 4246 1141 4309 seilicet
1154 4243 1351 4325 disciplinam,
1373 4250 1407 4304 ut
1429 4249 1458 4304 et
1480 4240 1570 4303 fidem
1592 4240 1679 4302 aliam

307 4365 367 4410 non
381 4365 472 4430 posse
486 4348 620 4424 tolerari,
645 4367 733 4430 quam
745 4347 903 4411 Ecclesiae
921 4347 1074 4408 Romanae
1091 4343 1254 4425 propriam,
1278 4361 1295 4404 a
1318 4341 1402 4421 cujus
1426 4347 1523 4402 tamen
1546 4341 1679 4403 moribus

306 4447 434 4510 alienum
456 4466 577 4529 semper
600 4448 654 4510 luit
675 4449 814 4511 severius
836 4446 909 4510 illud
932 4445 970 4508 de
994 4442 1190 4507 Orientalium
1211 4440 1367 4521 disciplina
1392 4439 1547 4521 Judicium.
1592 4439 1679 4503 llitus

308 4545 377 4608 fuse
407 4546 587 4609 describitur
617 4546 713 4628 qualis
740 4547 825 4630 viget
850 4546 929 4607 inter
956 4544 1092 4625 Coptitas
1121 4559 1137 4604 a
1166 4540 1307 4604 Gabriele
1329 4537 1500 4602 Patriarcha
1528 4545 1559 4600 et
1586 4541 1679 4601 variis

308 4645 479 4708 autoribus:
502 4663 628 4708 anvero
652 4653 794 4708 accurate
810 4644 1009 4708 Nestorianae
1032 4641 1209 4723 disciplinae
1231 4638 1427 4720 respondeat,
1449 4637 1594 4701 alllmnare
1617 4657 1680 4702 non

309 4763 479 4826 possumus,
503 4762 569 4806 cum
592 4747 672 4807 omni
685 4744 843 4808 ltitualium
866 4743 953 4826 hujus
977 4751 1080 4806 sectae
1102 4740 1255 4824 praesidio
1278 4755 1443 4802 careamus.
1471 4737 1679 4800 lllorumvero

307 4844 453 4907 librorum
481 4845 667 4925 exemplaria
694 4846 724 4908 in
747 4845 962 4925 Mesopotamia
990 4842 1070 4924 apud
1091 4841 1289 4904 Nestor-ianas
1311 4845 1418 4900 extare
1439 4835 1597 4919 probabile
1621 4845 1678 4914 est,

308 4952 341 5007 ut
365 4946 506 5007 extabant
528 4945 559 5007 in
580 4945 770 5008 ltlalabariais
793 4945 955 5020 Ecclesiis3
978 4962 1015 5006 ea
1038 4961 1114 5024 quae
1136 4938 1239 5003 Alexii
1260 4937 1387 5001 ltlenesii
1410 4936 1569 4999 autoritate
1592 4952 1680 4997 eom-

309 5045 397 5108 busta
420 5054 499 5110 sunt.
544 5044 588 5109 Ea
610 5062 703 5127 porro
727 5046 753 5106 si
776 5044 953 5108 Christianis
981 5043 1038 5136 illis
1069 5041 1106 5103 ad
1127 5039 1270 5103 unitatem
1292 5037 1448 5100 Ecclesiae
1470 5033 1680 5114 redeuntibus,
