4730 6038
728 618 803 692 266
1220 617 1575 694 LITURGIA

728 805 849 878 Severi
877 805 1109 896 Patriarcbae‚
1135 803 1332 894 Philoxeni,
1358 803 1469 894 Petri,
1496 815 1529 876 et
1553 803 1688 877 iacobi:
1715 805 1845 880 illorum
1873 810 1928 903 qui
1954 828 2094 903 perco-

727 943 843 994 ronam
871 921 1092 996 confessionis
1125 944 1171 994 ex
1206 919 1327 993 mundo
1363 922 1531 993 exierunt:
1571 933 1607 994 ut
1642 925 1740 994 etiarn
1777 925 1920 995 omnium
1953 923 2093 1011 illorum,

727 1041 782 1132 qui
810 1037 850 1109 ad
879 1037 964 1110 hauc
991 1060 1097 1132 usque
1123 1037 1211 1110 diem
1237 1038 1381 1127 vestigia
1408 1035 1538 1109 illarum
1565 1040 1670 1110 secuti
1697 1049 1781 1112 sunt.

829 1154 979 1225 Elevans
1010 1176 1136 1226 aocem.
1201 1151 1354 1224 Omnium
1384 1150 1514 1225 illorum
1547 1153 1685 1246 dignare
1717 1156 1907 1230 meminisse
1939 1155 2094 1244 Domine,

726 1272 782 1364 qui
809 1292 909 1364 super
936 1270 1145 1342 adamantem
1171 1270 1275 1352 Petri,
1300 1265 1524 1339 fundaverunt
1550 1270 1665 1344 domos
1683 1269 1772 1358 fidei,
1799 1278 1831 1341 et
1845 1269 1992 1366 pericula
2008 1292 2093 1365 per-

726 1390 933 1458 secutionum
960 1390 1185 1460 sustinuerunt
1209 1407 1271 1480 pra
1298 1385 1459 1456 veritate:
1487 1396 1586 1482 atqua
1613 1409 1674 1482 per
1701 1391 1871 1460 orationes
1891 1409 2007 1460 eorum
2022 1387 2094 1481 pias

725 1514 760 1572 et
787 1511 937 1589 sanctas,
964 1501 1124 1575 haereses
1159 1523 1244 1595 quae
1270 1503 1464 1593 impugnant
1488 1500 1677 1574 Ecclesiam
1705 1513 1792 1574 tuam
1819 1501 1964 1598 depelle:
1999 1501 2093 1574 schi-

726 1628 832 1691 smata
859 1617 1044 1690 condemna
1071 1627 1106 1689 et
1131 1621 1250 1710 rejice:
1279 1637 1395 1688 omnes
1424 1641 1557 1714 quaque
1576 1630 1846 1711 transgressores
1863 1618 1951 1710 legis
1970 1619 2094 1713 dissipa

725 1746 759 1805 et
785 1733 972 1806 confunde:
1009 1734 1113 1828 parda
1146 1737 1243 1806 etiarn
1277 1752 1393 1804 omnes
1429 1739 1484 1829 qui
1519 1739 1552 1806 in
1588 1735 1690 1808 corde
1718 1745 1752 1807 et
1777 1735 1880 1810 corde
1906 1733 2093 1829 loquuntur.

641 1841 645 1854 ’
725 1850 850 1923 Omnes
877 1859 987 1922 autem
1014 1849 1138 1922 robora
1166 1859 1200 1921 et
1227 1849 1363 1941 adjuva,
1391 1852 1520 1923 custodi
1547 1863 1580 1922 et
1596 1873 1697 1924 serva
1717 1875 1736 1922 a
1755 1851 1884 1947 laqueis
1902 1850 2094 1934 haereticis:

724 1972 772 2040 sis
799 1972 897 2039 etiam
923 1965 1020 2041 nobis
1049 1967 1195 2041 director
1221 1979 1255 2040 et
1281 1970 1450 2060 defensor,
1479 1977 1512 2039 et
1538 1989 1704 2040 conserva
1732 1988 1794 2040 nos
1821 1971 1854 2039 in
1880 1966 1946 2039 fide
1972 1965 2095 2038 ortha-

724 2083 814 2156 doxa
842 2084 884 2155 ud
910 2083 1058 2156 ultimmn
1084 2107 1190 2179 usquc
1217 2089 1378 2182 spiritum,
1406 2095 1440 2158 et
1464 2084 1651 2156 referemus
1678 2082 1749 2173 titi,
1777 2095 1839 2156 etc.
1881 2133 1888 2150 .
2114 2089 2118 2100 “

828 2198 989 2292 Populus.
1042 2200 1161 2272 Amen.
1848 2177 1858 2198 ⁹

827 2314 1003 2387 Sacerdos
1029 2316 1220 2388 inclinatus.
1247 2315 1417 2390 Memento
1439 2317 1581 2388 Domine
1609 2336 1724 2387 eorum
1753 2318 1808 2408 qui
1836 2315 1978 2410 depositi
2005 2324 2094 2402 sunt,

723 2442 757 2503 et
784 2435 929 2515 omnium
954 2441 1101 2527 patrum,
1127 2430 1285 2520 fratrum,
1311 2436 1613 2526 magistrorumque
1641 2441 1841 2518 nostrorum,
1868 2433 1922 2525 qui
1949 2428 2095 2502 dchmcti

723 2556 800 2620 sunt
824 2549 857 2620 in
881 2545 946 2618 fide
973 2569 1068 2634 vera,
1094 2569 1141 2618 ex
1167 2546 1231 2620 hoc
1258 2549 1353 2622 altari
1380 2559 1512 2622 sancto:
1540 2551 1686 2619 maxime
1701 2569 1786 2620 vero
1804 2551 1948 2620 omnium
1967 2545 2093 2618 delun-

723 2674 851 2735 ctorum
877 2661 1032 2752 fidelium,
1059 2665 1114 2758 qui
1141 2684 1216 2735 cum
1242 2663 1308 2737 fide
1334 2664 1521 2741 orthodoxa
1548 2685 1594 2735 ex
1620 2662 1684 2736 hoc
1711 2663 1832 2736 mundo
1860 2666 2047 2734 exiverunt.

827 2779 979 2850 [elevans
1003 2802 1128 2850 cacam.
1181 2779 1316 2854 illorum
1342 2787 1442 2875 igitur
1468 2783 1612 2853 omniurn
1637 2779 1797 2870 Domina,
1831 2783 1886 2874 qui
1918 2799 1980 2875 per
2007 2800 2093 2852 scu-

723 2900 857 2968 tentiam
884 2895 1047 2968 adversus
1074 2897 1213 2990 primum
1239 2907 1367 2992 patrem
1394 2908 1543 2970 nostrum
1569 2896 1735 2968 Adamum
1761 2896 1938 2992 prolatam,
1966 2917 2011 2966 ex
2028 2892 2093 2966 hac

721 3013 791 3083 vita
811 3009 943 3084 infelice
959 3014 1198 3102 migraverunt,
1218 3023 1252 3083 et
1270 3037 1335 3108 quo
1354 3025 1387 3088 tu
1409 3014 1501 3087 solus
1518 3015 1642 3085 novisti
1660 3023 1897 3107 pervenerunt,
1924 3019 2091 3084 memento

722 3128 949 3222 pergratiam
977 3137 1082 3216 tuam,
1110 3137 1144 3198 et
1169 3131 1316 3222 requiem
1344 3131 1408 3202 illis
1435 3139 1588 3225 praesta,
1615 3133 1701 3200 inter
1728 3128 1863 3200 dehcias
1899 3127 1973 3200 illas
2007 3148 2092 3221 quas

721 3241 886 3338 pollicitus
913 3263 951 3315 es
979 3240 1188 3334 diligentibus
1214 3253 1248 3314 ta
1274 3267 1340 3318 non
1368 3268 1535 3318 revocans
1562 3248 1595 3316 iu
1615 3247 1807 3316 memoriam
1825 3243 1945 3317 delicta
1960 3241 2093 3314 illorum

722 3369 756 3430 et
782 3369 906 3430 nostra.
953 3357 1071 3454 Neque
1098 3363 1185 3430 enim
1213 3371 1386 3454 peccatum
1413 3374 1560 3434 nostrum
1589 3360 1763 3455 quidquam
1791 3371 1858 3432 cst:
1886 3366 1942 3431 aut
1963 3360 2092 3450 justitia

722 3486 848 3565 noema,
876 3498 990 3548 corum
1017 3485 1051 3548 te
1076 3473 1236 3558 Domine:
1265 3487 1321 3549 aut
1346 3482 1518 3573 quisquam
1544 3499 1645 3572 purus
1673 3488 1735 3563 est,
1762 3487 1795 3548 et
1817 3475 1946 3568 absque
1961 3472 2092 3546 macula

722 3596 809 3664 inter
834 3614 951 3666 omnes
977 3591 1063 3664 lilios
1087 3592 1277 3682 undamn,
1310 3597 1374 3666 nisi
1410 3593 1502 3668 solus
1537 3595 1718 3684 Dominus,
1750 3595 1842 3666 Deus
1879 3602 1913 3663 et
1939 3590 2092 3666 salvator

721 3718 837 3782 noster
862 3709 962 3782 lesus
990 3707 1140 3780 Christus
1165 3712 1353 3801 unigenitus
1380 3710 1482 3783 Filius
1509 3722 1600 3782 tuus:
1635 3731 1697 3806 per
1731 3732 1827 3805 quern
1860 3731 1923 3781 nos
1957 3728 2091 3802 quoque

721 3825 984 3898 misericordiam
1012 3828 1172 3919 consequi
1199 3847 1389 3920 speramus,
1422 3835 1455 3900 et
1480 3830 1710 3900 remissionem
1735 3835 1967 3921 peccatorum,
2003 3845 2090 3917 quae

722 3949 860 4036 propter
887 3963 962 4012 eum
988 3950 1049 4028 est,
1077 3949 1144 4012 tam
1169 3941 1280 4030 nobis,
1308 3965 1407 4036 quam
1431 3941 1505 4014 illia.

825 4056 986 4150 Papulas.
1041 4057 1191 4143 Quietem
1219 4067 1363 4153 praesta.

825 4171 1009 4244 Sacerdos.
1062 4170 1168 4244 Nobis
1195 4175 1294 4244 ctiam
1322 4177 1376 4266 qui
1402 4172 1466 4244 buc
1492 4196 1597 4268 usque
1624 4175 1717 4243 carni
1743 4169 1867 4262 alligati
1897 4192 2021 4256 sumus,
2056 4179 2090 4240 et

719 4291 752 4360 in
779 4291 944 4362 aenamnis
971 4287 1069 4384 plena
1095 4292 1165 4360 vita
1192 4287 1429 4378 conflictamur,
1456 4301 1592 4385 praesta
1617 4299 1651 4360 ut
1672 4286 1893 4361 observemus
1907 4293 2088 4382 praecepta

721 4404 843 4478 Christi
869 4410 930 4478 tui:
957 4404 1130 4499 deduoque
1155 4427 1218 4476 uos
1246 4405 1289 4476 ad
1313 4406 1425 4494 linem,
1452 4406 1559 4500 qualis
1586 4404 1683 4476 decet
1710 4411 1887 4499 operantes
1913 4402 2012 4476 bona.
2045 4401 2089 4474 Et

719 4523 849 4618 quaudo
867 4521 1044 4596 secundum
1064 4519 1268 4594 voluntatem
1285 4521 1429 4594 diviuatn
1447 4533 1535 4594 tuam
1551 4519 1750 4592 dissolvetur
1763 4541 1946 4614 compages
1960 4527 2088 4606 nostra,

719 4650 753 4711 at
779 4639 821 4710 ad
847 4641 949 4712 vitam
978 4638 1159 4713 secundam
1185 4637 1472 4710 transmutabitur:
1502 4646 1636 4732 praesta
1662 4636 1760 4710 nobis
1786 4634 1954 4728 Angelum
1980 4637 2088 4730 pacis,

719 4767 753 4827 et
778 4754 884 4826 libera
910 4777 974 4827 nos
1002 4753 1181 4827 aTartaro
1208 4752 1400 4826 tenebroso.
1436 4755 1605 4848 Praepara
1632 4757 1730 4824 edam
1756 4774 1831 4842 nos,
1858 4763 1893 4824 ut
1919 4751 2086 4846 inculpati,

718 4893 792 4942 cum
825 4868 1031 4966 lampadibus
1064 4869 1263 4962 lucentibus,
1295 4869 1516 4966 procedamus
1549 4872 1583 4941 in
1617 4891 1791 4942 occursum
1826 4869 1984 4960 unigeniti
2010 4863 2086 4937 Filii

717 4989 779 5057 tui:
806 4995 842 5056 ut
866 4989 898 5058 in
925 4985 1002 5075 hoc,
1029 4990 1114 5059 siout
1139 4991 1172 5058 in
1200 4985 1364 5078 omnibus,
1391 4985 1596 5079 glorificetur
1622 4994 1657 5058 et
1681 4984 1831 5058 laudetur
1854 5006 1975 5057 nomen
1996 4995 2086 5056 tuum
