4784 6040
741 578 818 656 456
1249 575 1608 653 uiuunuun

846 765 1008 859 Populos.
1059 763 1166 860 llyrie
1192 761 1331 835 eleison.

843 879 1030 952 Sacerdos.
1107 877 1248 967 Quando
1292 877 1423 971 quidem
1462 877 1590 950 scilicet
1633 887 1871 972 exspectamus
1910 879 2117 952 clementiam

740 1008 842 1086 tuam,
869 1017 890 1068 o
918 994 1077 1083 clemens,
1104 1003 1260 1088 tanquam
1286 993 1342 1066 lilii
1373 992 1621 1089 deprecabundi
1647 992 1843 1067 inclinamus
1870 993 1958 1066 collo
1985 1000 2118 1068 andna-

740 1134 812 1184 mm
845 1122 1045 1183 nostrarum.
1106 1112 1201 1184 Mitte
1241 1108 1338 1182 nobis
1380 1131 1427 1179 ex
1465 1108 1613 1181 excelsis
1652 1111 1852 1180 sanctuariis
1887 1114 1952 1184 tuis
1997 1109 2119 1184 fluvios

740 1224 1023 1324 purificationum,
1051 1229 1107 1323 qui
1140 1234 1276 1297 manant
1308 1245 1329 1295 e
1360 1222 1455 1296 fonte
1489 1221 1648 1296 bonitatis
1679 1234 1771 1296 tuae:
1805 1225 1942 1321 purifica
1976 1234 2012 1298 et
2045 1226 2120 1298 elue

740 1364 804 1414 nos
832 1341 875 1413 ab
904 1340 1056 1414 omnibus
1084 1341 1239 1414 sordibus
1266 1338 1471 1412 macularum
1504 1349 1704 1427 nostrarum,
1731 1342 1764 1411 in
1790 1345 1875 1412 mari
1900 1364 2025 1434 magno
2050 1340 2120 1413 be-

741 1459 910 1549 nignitatis
938 1467 1024 1530 tuae.
1064 1455 1220 1530 Extende
1247 1455 1422 1527 dexteram
1448 1464 1536 1527 tuam
1564 1454 1607 1526 ad
1633 1458 1788 1528 cervices
1815 1467 1949 1531 nostms
1975 1456 2119 1530 inclina-

741 1583 805 1659 tas,
832 1572 1050 1668 pondereque
1075 1583 1289 1668 peccatorum
1316 1579 1485 1662 curvatas,
1513 1579 1547 1642 et
1574 1569 1735 1663 allulgere
1753 1571 1852 1645 nobis
1879 1571 1981 1646 iaciat
2005 1572 2118 1644 radios

741 1687 889 1776 lucidos,¹
911 1697 945 1759 et
971 1687 1190 1761 illuminantes
1217 1686 1301 1759 lucis
1328 1695 1417 1776 tuae,
1444 1708 1530 1781 quae
1548 1684 1706 1758 tenebras
1732 1686 1879 1784 depellit,
1906 1700 1942 1761 ut
1967 1712 2009 1762 ea
2036 1688 2116 1761 illu-

743 1815 898 1891 stremur,
925 1813 960 1874 et
986 1804 1220 1875 illuminemur:
1248 1804 1324 1895 quia
1350 1799 1451 1874 habet
1477 1825 1497 1874 a
1525 1811 1559 1874 te
1575 1805 1798 1894 existentiam,
1825 1817 1860 1878 et
1885 1806 2118 1880 confirmatio-

741 1942 817 1991 nem
845 1918 1010 1991 humilitas
1041 1929 1172 1992 nostra:
1208 1926 1288 1990 ate
1310 1921 1402 2011 juste
1428 1918 1533 2005 Deus,
1561 1921 1616 2013 qni
1643 1917 1788 2014 simplex
1814 1943 1852 1993 es
1878 1944 1943 1994 nec
1970 1943 2117 2016 compo-

742 2040 845 2125 situs,
888 2035 979 2128 digni
1020 2034 1199 2107 efficiamur
1240 2031 1368 2106 referre
1409 2031 1468 2104 tibi
1501 2033 1645 2125 gloriam
1686 2044 1720 2106 et
1760 2035 1890 2110 laudem
1925 2060 1993 2110 unu
2028 2059 2117 2110 voce

743 2151 954 2239 indesinenti,
982 2159 1015 2222 ct
1041 2149 1139 2239 Filio,
1167 2161 1201 2222 et
1226 2149 1363 2245 Spiritui
1389 2158 1516 2221 sancto.

848 2266 1011 2359 Populus.
1062 2268 1184 2339 Amen.
1549 2279 1552 2286 '

1037 2539 1214 2612 Sacerdos
1240 2521 1325 2611 dicit
1351 2542 1542 2611 orationem
1567 2562 1671 2634 cuper
1696 2539 1824 2612 oblato.

846 2729 1042 2801 Misericors
1071 2749 1109 2799 es
1135 2727 1292 2817 Domine,
1320 2732 1414 2823 cujus
1449 2730 1683 2801 miserationes
1710 2752 1812 2826 super
1848 2732 1959 2805 omnia
1995 2729 2120 2804 effusae

744 2854 834 2916 suut:
872 2847 927 2939 qui
961 2866 1024 2941 par
1056 2866 1205 2917 amorem
1239 2853 1328 2915 tuum
1361 2866 1444 2937 erga
1480 2843 1647 2934 homines,
1681 2848 1800 2920 misisti
1835 2845 1984 2919 Verbum
2019 2857 2120 2938 tunm,

745 2980 886 3052 germen
914 2981 960 3032 ex
986 2957 1170 3033 substantia
1205 2968 1272 3047 tua,
1298 2969 1334 3032 ut
1360 2983 1463 3032 carne
1489 2970 1605 3033 nostra
1631 2960 1839 3034 indueretur:
1871 2965 2121 3034 innotesceret-

745 3098 809 3169 que
844 3073 938 3147 Deus
972 3095 1075 3146 verus
1108 3078 1142 3146 in
1174 3097 1298 3166 carne,
1329 3085 1362 3146 et
1397 3091 1477 3148 caro
1509 3079 1543 3146 in
1568 3076 1643 3148 Deo
1676 3098 1781 3149 vero:
1815 3087 1850 3148 ut
1882 3098 1945 3148 nos
1978 3075 2119 3173 amplius

735 3190 877 3262 ¹divinos
904 3190 1059 3277 efficeret,
1088 3202 1122 3262 et
1147 3200 1320 3287 repararet
1346 3193 1538 3284 imaginem,
1565 3213 1651 3286 quae
1669 3190 1782 3265 adsui
1809 3193 1912 3287 ipsius
1940 3193 2120 3284 imaginem

744 3316 858 3379 creata
886 3305 1005 3394 iuerat,
1033 3329 1131 3402 quam
1150 3309 1231 3403 -ipse
1268 3329 1399 3402 quoque
1427 3316 1534 3379 tecum
1563 3310 1701 3380 creavit.
1764 3307 1815 3380 'l'u
1847 3328 1931 3398 crgo
1958 3305 2118 3394 clemens,

744 3445 805 3518 per
832 3446 907 3495 eom
934 3423 1198 3498 misericordiam
1225 3420 1284 3493 tihi
1318 3425 1543 3515 congenitam,
1571 3432 1604 3494 et
1629 3427 1772 3494 innatam
1799 3421 1858 3496 tibi
1885 3421 2120 3512 essentialiter,

745 3541 878 3633 suscipe
905 3563 925 3610 a
951 3539 1050 3613 nohis
1077 3540 1221 3612 Domine
1248 3536 1450 3610 oblationem
1482 3538 1582 3626 hanc,
1618 3560 1717 3633 quam
1751 3537 1919 3612 oderimus
1952 3541 2121 3631 majestati

744 3663 831 3724 tuae.
885 3651 962 3725 Non
988 3657 1076 3725 enim
1103 3657 1137 3724 in
1160 3655 1287 3746 justitia
1313 3662 1429 3727 nostra
1456 3653 1669 3742 confidimus,
1704 3676 1812 3750 neque
1839 3653 1938 3724 ullam
1964 3652 2119 3725 fiduciam

745 3766 906 3841 habemus
934 3769 976 3840 de
1003 3767 1160 3866 operibus
1195 3772 1338 3859 nostris,
1371 3772 1416 3842 ita
1449 3780 1485 3842 ut
1515 3769 1696 3845 audeamus
1731 3770 1896 3842 accedere
1928 3766 1970 3839 ad
2004 3779 2121 3841 sancta

746 3891 813 3972 toa,
842 3883 901 3956 sed
929 3884 1181 3957 misericordiae
1208 3892 1285 3956 urae
1312 3883 1533 3958 confidentes:
1559 3897 1595 3958 ut
1621 3884 1806 3958 intercedat
1830 3889 1904 3981 ipsa
1930 3905 1993 3979 pro
2020 3884 2121 3958 uobis

748 4020 830 4090 erga
857 4009 945 4071 tuam
978 4000 1175 4089 bonitatem,
1207 4022 1250 4071 ne
1286 3998 1327 4072 ad
1360 4001 1670 4075 condemnationem
1705 4002 1761 4074 liat
1794 3999 1892 4073 nobis
1926 4003 2122 4095 mysterium

746 4111 820 4200 hoc,
848 4119 990 4212 mystice
1017 4117 1197 4188 institutum
1226 4115 1267 4186 ad
1295 4115 1435 4188 salutem
1467 4127 1631 4190 nostram:
1667 4116 1727 4189 sed
1754 4116 1797 4188 ad
1823 4114 2006 4213 perlectam
2033 4141 2123 4213 pur-

745 4233 915 4322 gationem
942 4240 976 4302 et
1002 4230 1269 4304 emundationem
1295 4236 1414 4304 mentis
1442 4242 1476 4304 et
1497 4236 1646 4323 animac3
1674 4232 1716 4306 ad
1742 4236 1896 4330 corporis
1924 4231 2122 4305 sanctifica-

745 4349 879 4432 tionem,
908 4345 950 4418 nd
977 4347 1255 4420 condonationem
1275 4357 1499 4444 peccatomm,
1526 4353 1758 4423 remissionem
1787 4351 2060 4445 insipientiarum,
2089 4359 2124 4420 et
2248 4425 2255 4438 ,

746 4459 787 4530 ad
815 4465 998 4554 gratiarum
1025 4465 1189 4535 actionem
1222 4462 1434 4535 referendam
1467 4461 1526 4535 tibi
1552 4475 1586 4538 et
1611 4468 1781 4559 unigenito
1815 4466 1900 4538 Filio
1934 4475 2011 4552 tuo,
2045 4487 2124 4537 cum

747 4598 812 4669 quo
841 4588 875 4650 te
902 4577 1000 4649 decet
1026 4579 1146 4671 gloria,
1173 4577 1281 4651 honor
1307 4589 1341 4651 et
1366 4581 1540 4674 imperium
1566 4603 1642 4654 cum
1667 4580 1793 4678 Spiritu
1819 4593 1875 4656 tuo
1902 4590 2028 4653 sancto.

851 4691 1014 4787 Populos.
1067 4697 1188 4768 Amen.
1984 4687 1986 4696 X

849 4807 1039 4880 Diucooua.
1092 4809 1225 4882 Stemus
1253 4809 1419 4882 decenter.

849 4922 1012 5015 Populus.
1065 4925 1328 5013 Misericordiae,
1356 4936 1420 4998 etc.

850 5036 1036 5110 Sacerdos.
1089 5038 1233 5131 Caritas,
1260 5049 1322 5112 etc.
