4728 6028
678 579 733 654 Ill
769 575 1071 656 LITURCIAS
1112 575 1395 657 SYthCAS.
1645 579 1716 654 101

351 761 615 844 persecutionibus
637 761 823 844 allligebant:
845 769 878 824 ut
899 762 1088 848 tranquillam
1111 762 1201 826 vitam
1215 781 1349 847 agamus.
1392 763 1473 826 Fieri
1484 763 1582 844 potuit
1596 771 1628 824 ut
1650 769 1720 826 ante

351 861 568 926 lluhamedana
590 868 725 942 tempora
748 859 922 940 Jacobitae,
943 871 1080 925 veterum
1109 862 1264 944 exemplo,
1294 863 1472 925 retinuerint
1500 879 1721 926 commemora-

351 962 463 1024 tionem
484 959 550 1024 τῶν
571 954 792 1045 praemineo
813 953 990 1042 danaidum
1013 980 1081 1024 nam
1103 963 1149 1024 ita·
1166 969 1276 1025 vocant
1298 961 1451 1024 Zenonem
1474 970 1505 1024 et
1527 961 1720 1024 Anastasium

350 1060 551 1142 Imperatores
580 1060 632 1140 qui
660 1060 719 1122 illis
749 1058 891 1122 laverunt
922 1060 1094 1141 impensius.
1139 1061 1182 1124 Ea
1211 1063 1328 1124 ratione
1358 1059 1487 1152 lactum,
1518 1069 1551 1123 ut
1580 1061 1660 1141 quod
1691 1062 1723 1123 in

352 1161 482 1242 antiquis
506 1159 727 1246 exemplaribus
749 1157 923 1243 legebatur,
947 1167 1096 1222 retentum
1119 1160 1218 1224 luerit.
1264 1161 1339 1222 llino
1366 1157 1554 1223 manifestum
1582 1168 1629 1224 est
1650 1161 1722 1224 nul-

351 1260 410 1322 lam
432 1277 503 1323 esse
526 1259 694 1340 argumenti
716 1258 797 1339 quod
820 1277 860 1320 ax
883 1258 989 1321 eadem
1009 1258 1136 1322 formula
1158 1260 1294 1337 ducitur,
1318 1261 1523 1335 autoritatem,
1552 1258 1590 1321 ad
1618 1259 1724 1322 deter-

353 1359 520 1422 minandam
543 1358 656 1439 aliquot
676 1357 878 1439 Liturgiarum
900 1365 1098 1437 vetustatem,
1121 1366 1154 1420 ut
1175 1377 1334 1440 perperam
1357 1357 1538 1421 existimavit
1560 1357 1722 1422 Salmasius
1769 1369 1818 1439 up.
1836 1371 1872 1422 art
1886 1372 1960 1424 Jahn
1980 1371 2044 1424 bat

353 1456 391 1519 de
415 1456 555 1538 Coptica,
579 1475 657 1538 quae
680 1454 820 1538 Gregorii
841 1473 949 1520 nomen
971 1457 1121 1538 praefert,
1154 1459 1225 1539 quia
1252 1459 1283 1520 in
1312 1476 1348 1520 ea
1376 1458 1472 1520 oratio
1502 1457 1630 1539 legitur,
1664 1477 1721 1540 pro
1735 1455 1825 1535 tamor.

352 1554 389 1617 iis
412 1557 463 1636 qui
485 1557 606 1618 suntin
628 1555 751 1618 Palatio.
777 1555 903 1618 ¹ldultas
927 1558 1005 1618 enirn
1027 1557 1166 1638 Syriacas
1188 1556 1349 1636 habemus,
1379 1557 1508 1636 scriptas
1537 1555 1574 1618 ab
1604 1560 1722 1622 autori-

351 1653 419 1734 bus,
443 1656 494 1736 qui
507 1655 558 1717 diu
568 1662 639 1737 post
648 1655 896 1718 Muhamedanum
910 1657 1077 1736 imperium,
1100 1657 1197 1719 etsub
1220 1655 1272 1719 illo
1296 1657 1448 1735 vixerunt,
1470 1654 1623 1737 inquibus
1647 1676 1721 1720 ora-

352 1760 401 1816 tur
421 1771 479 1835 pro
501 1754 574 1817 solis
596 1753 783 1836 Regibuset
804 1755 930 1838 Reginis
946 1753 1131 1835 Christianis,
1155 1758 1221 1818 sive
1242 1756 1339 1818 Deum
1356 1755 1526 1818 dmendhns
1540 1755 1620 1836 quod
1642 1755 1721 1820 idem

352 1861 416 1930 est,
438 1862 472 1916 ut
493 1854 728 1917 observavimus.
771 1854 879 1936 Neque
901 1856 980 1917 enim
1002 1854 1156 1918 subtilitati
1177 1855 1263 1918 locus
1286 1863 1343 1932 est,
1367 1863 1399 1916 ut
1421 1855 1497 1917 haec
1519 1853 1720 1921 denominatio

354 1952 390 2014 ad
412 1952 645 2016 hluhamedanos
667 1953 828 2028 referatur,
852 1954 920 2033 quia
943 1956 1022 2016 inter
1043 1961 1088 2018 tot
1105 1972 1242 2017 errorum
1255 1962 1286 2017 et
1299 1953 1552 2034 blasphemiarum
1571 1964 1720 2035 portenta,

352 2069 444 2114 unum
465 2052 560 2114 Deum
583 2061 784 2132 venerantur,
807 2060 837 2115 et
859 2052 1050 2116 idololatriae
1075 2054 1186 2116 bellum
1202 2053 1386 2132 indixerunt,
1410 2072 1535 2134 eamque
1559 2061 1623 2118 toto
1646 2075 1723 2138 pas-

353 2152 408 2214 sim
431 2150 558 2214 Oriente
580 2151 776 2217 sustulerunt.
819 2151 902 2214 lllam
925 2154 1004 2214 enirn
1027 2152 1146 2216 laudem
1174 2172 1241 2215 curn
1274 2161 1400 2233 stupore
1428 2152 1556 2235 legimus
1582 2154 1721 2217 tributam

352 2249 536 2328 bluhamadi,
566 2250 602 2312 ab
630 2251 711 2327 Elia,
738 2252 789 2332 qui
818 2252 901 2330 prius
931 2250 1252 2343 hierosolymitanus,
1271 2261 1303 2316 et
1331 2253 1500 2316 Nisibensis
1529 2253 1722 2335 Metropolita

354 2349 468 2429 luerat,
492 2358 600 2432 postea
624 2351 661 2412 ad
685 2348 830 2413 Catholici
852 2349 1099 2414 Nestorianorum
1115 2352 1289 2434 dignitatem
1302 2361 1427 2415 evectus
1442 2359 1499 2430 est,
1523 2360 1557 2415 ut
1576 2353 1613 2416 ab
1628 2353 1722 2417 Amro

352 2449 483 2513 blathaei
504 2448 582 2527 lilio,
606 2457 635 2512 et
658 2449 724 2512 aliis
746 2449 950 2529 Nestorianis‚
986 2452 1055 2532 qui,
1084 2451 1165 2533 quod
1196 2453 1262 2514 sine
1285 2452 1414 2514 horrore
1444 2451 1504 2515 dici
1526 2471 1588 2517 non
1610 2461 1723 2535 potest,

353 2547 496 2612 hleorani
530 2549 701 2613 testimonia
737 2568 804 2612 cum
833 2548 922 2641 laude
954 2549 1114 2616 adducunt.
1159 2550 1336 2615 Habuerunt
1368 2559 1468 2614 tamen
1496 2552 1539 2614 illi
1567 2553 1723 2633 Principes

353 2648 499 2727 quosdam
522 2667 594 2712 suae
617 2655 721 2711 sectae
743 2649 823 2710 inter
845 2647 987 2711 Tartaros
1010 2657 1042 2711 et
1065 2649 1195 2729 Turcas3
1223 2651 1279 2715 sed
1306 2670 1374 2714 cum
1397 2651 1547 2715 Cathedra
1576 2652 1723 2716 Catholici

353 2747 423 2811 olirn
445 2746 476 2808 in
500 2746 640 2825 Perside,
663 2747 839 2825 hlodainae,
861 2748 927 2810 sive
952 2748 1108 2812 Seleuciae
1131 2751 1308 2814 Parthorum
1334 2751 1431 2832 primo
1461 2750 1583 2830 luisset,
1613 2752 1722 2816 deinde

352 2845 523 2928 Pagdadum
547 2847 700 2926 translata,
723 2848 891 2911 infidelibus
914 2849 1048 2913 Dominis
1070 2849 1199 2932 subjecti
1221 2856 1322 2913 erant:
1353 2857 1452 2912 tamen
1479 2851 1510 2914 in
1533 2853 1595 2914 suis
1616 2852 1722 2915 Litur-

352 2945 410 3027 giis
434 2947 600 3010 orationem
623 2965 684 3011 non
705 2947 835 3028 habent,
856 2950 914 3012 nisi
936 2967 992 3030 pro
1017 2950 1193 3014 Christianis
1215 2949 1414 3031 Principibus.

575 3243 742 3315 Memento
769 3243 916 3316 Domine
940 3250 1135 3314 sanctornm
1159 3243 1418 3335 Episcopornm‚
1445 3245 1510 3310 ele.
1769 3231 1799 3284 P·
1818 3233 1861 3286 3⁶·
1879 3233 1896 3285 t
1913 3234 1957 3286 2²·

465 3433 500 3511 ln
522 3447 653 3529 Syriacis
676 3446 836 3510 Codicihus
858 3447 930 3510 hlss.
952 3454 985 3510 ut
1007 3448 1095 3510 etiam
1117 3447 1147 3508 in
1168 3445 1283 3508 blissali
1302 3443 1414 3506 Romae
1438 3441 1536 3520 edito,
1559 3441 1721 3523 singularis
1750 3437 1838 3492 Jacohi
1847 3439 1964 3508 Apostoli
1972 3455 2043 3493 ⁶⁰⁰¹·

353 3549 495 3610 memoria
518 3549 665 3626 occurrit,
689 3565 749 3628 qua
771 3555 876 3610 carent
905 3547 1013 3610 Graeci
1036 3545 1174 3610 Codices.
1218 3544 1365 3606 Memento
1393 3541 1521 3604 Dontme
1547 3547 1721 3603 sanctonum
1733 3529 1891 3580 memoratio.

352 3647 571 3727 Episcopomm
592 3649 645 3727 qni
660 3648 781 3726 pridem
803 3646 1043 3721 obdormierunt,
1064 3647 1171 3726 quaque
1191 3643 1315 3705 verbam
1336 3643 1474 3703 aeritute's
1494 3639 1582 3701 nobis
1596 3640 1722 3718 dispen-

353 3753 512 3821 saverunt,
535 3748 638 3826 etqui
659 3764 680 3807 o
701 3745 819 3807 Jacobo
838 3746 978 3824 principe
998 3744 1218 3824 Episcoporum
1239 3741 1384 3822 Apostolo
1407 3747 1436 3802 et
1456 3739 1607 3821 Morene,
1629 3758 1723 3820 nsque

353 3849 396 3910 od
416 3847 495 3908 benc
516 3847 614 3920 diona,
647 3845 770 3907 verbnm
789 3845 863 3924 fidei
885 3841 1082 3906 Ortbedoeac
1108 3845 1140 3905 in
1165 3841 1307 3904 Ecclesia
1334 3849 1388 3904 ruo
1416 3845 1523 3902 sanctu
1553 3839 1723 3918 praedico-

353 3954 468 4010 oernnt.
513 3943 592 4006 Nihil
614 3944 676 4022 hic,
699 3951 732 4006 ut
754 3931 889 4019 videtur,
911 3942 970 4005 nisi
991 3943 1071 4023 pium
1094 3950 1124 4005 et
1147 3961 1187 4005 ex
1208 3949 1314 4004 vetare
1338 3935 1506 4020 disciplina,
1528 3943 1559 3998 ut
1578 3936 1722 3998 memoria

354 4065 420 4108 curn
442 4045 530 4107 laude
554 4061 658 4106 eorum
680 4051 863 4120 renovetur,
885 4060 902 4103 a
926 4042 1034 4123 quibus
1055 4041 1193 4104 Ecclesia
1223 4038 1492 4119 Hierosolymitana
1521 4035 1661 4114 lundata,
1692 4041 1723 4098 et

354 4144 541 4208 Christianae
564 4142 633 4206 iidei
657 4143 800 4206 doctrinis
822 4151 853 4206 et
874 4142 992 4223 legibus
1015 4141 1148 4204 instituta
1165 4139 1229 4204 luit.
1267 4140 1379 4200 Verum
1391 4135 1630 4218 quandoquidem
1645 4134 1722 4198 haec

353 4243 480 4308 lormula
503 4242 628 4306 Graecis
651 4243 804 4324 incognita
827 4250 890 4319 est,
913 4242 943 4303 in
965 4241 1127 4321 primaevis
1150 4237 1372 4320 exemplaribus
1396 4237 1446 4316 qui
1468 4234 1505 4299 ad
1529 4233 1722 4299 Orthodoxos

353 4343 418 4406 sive
439 4343 596 4406 blelchitas
620 4341 814 4423 spectabant,
836 4341 931 4404 luisse
954 4340 1172 4415 nonvidetur3
1203 4338 1283 4419 quod
1311 4335 1448 4399 allumari
1470 4335 1583 4399 certius
1605 4343 1722 4416 posset,

352 4443 377 4505 si
400 4442 539 4524 antiquos
562 4441 767 4505 hlelchitarum
790 4439 932 4522 Syriacos
950 4437 1080 4502 Codices
1102 4437 1292 4502 haberemus.
1336 4435 1381 4500 llli
1403 4453 1496 4518 porro
1514 4453 1582 4499 cum
1604 4453 1621 4496 a
1643 4434 1723 4498 mul-

352 4543 390 4604 tis
414 4541 544 4604 saeculis
568 4540 670 4604 Ohicia
692 4559 748 4604 sua
770 4558 858 4604 sacra
877 4538 993 4602 Graece
1016 4538 1182 4616 celebrent,
1205 4538 1327 4602 alterius
1350 4537 1472 4622 linguae
1494 4553 1580 4598 usum
1603 4552 1722 4597 omnem

351 4641 382 4703 in
404 4641 499 4704 sacris
530 4641 712 4718 amiserunt,
742 4649 773 4704 et
799 4647 946 4724 quotquot
968 4646 1072 4702 estam
1098 4640 1187 4703 etiam
1217 4646 1355 4701 vetustae
1383 4637 1526 4718 Syriacae
1555 4634 1721 4716 liturgiae,

350 4739 552 4804 Jacobitarum
574 4747 654 4804 sunt.
699 4740 772 4804 Inde
794 4740 825 4804 lit
846 4747 880 4803 ut
903 4738 997 4802 verba
1020 4757 1098 4822 quae
1120 4738 1276 4802 retulimus
1299 4736 1417 4800 abillis
1445 4735 1585 4818 adjuncta
1614 4731 1719 4812 luisse,
1831 4737 1832 4744 ’

352 4839 566 4904 existimemus.

438 4937 669 5022 Cognominatio
692 4938 742 5000 illa
764 4937 983 5017 Jacobitarum,
1007 4937 1035 4999 si
1057 4934 1252 5000 orthodoxos
1274 4943 1305 4998 et
1326 4935 1524 4998 Nestorianos
1553 4934 1717 5012 audiamus,
1765 4941 1795 4994 tn
1817 4940 1865 4992 hae
1887 4955 2041 4992 mememo-

352 5039 500 5122 originem
521 5037 624 5102 hahuit
646 5055 664 5101 a
690 5037 825 5118 Jacobo,
860 5057 949 5122 quem
977 5035 1166 5119 Nicephorus
1196 5042 1227 5098 et
1259 5035 1327 5112 alii,
1359 5031 1527 5098 lomentum
1556 5028 1830 5117 appellarentur
1852 5025 1979 5080 sucosam
1997 5041 2041 5078 ⁸0-
2160 5097 2164 5104 ,

1436 5150 1514 5225 16*
