4784 6040
669 623 889 701 hlllllllllh
924 623 1064 702 MOSIS
1100 624 1409 702 Bhll-(lllPthl.
1653 628 1725 702 391

351 812 545 904 largitorem
572 811 834 898 misericordiae,
861 813 1021 884 Domine:
1058 833 1239 907 coramque
1275 812 1371 884 altari
1398 821 1455 884 tuo
1483 823 1600 886 sancto
1627 815 1729 887 incli-

299 977 301 980 -
351 950 468 1001 namus
496 928 583 1000 colla
610 930 791 999 animarum
820 937 853 998 ct
879 947 1058 1021 corporum
1084 938 1290 1000 nostrorum:
1328 937 1362 999 et
1388 949 1463 999 omn
1491 927 1729 1024 deprecatione

351 1041 601 1140 propitiatoria,
638 1065 798 1134 rogamus
833 1051 868 1113 et
894 1041 1112 1114 obsecramus
1145 1055 1187 1115 te.
1240 1042 1336 1114 lilittc
1368 1041 1620 1119 benedictiones
1656 1057 1730 1120 tuas

351 1159 487 1250 uberes,
514 1170 549 1231 et
574 1159 716 1233 benedic
743 1179 865 1230 servos
893 1169 926 1228 ct
953 1158 1149 1231 adoratores
1176 1166 1262 1246 tuos,
1291 1169 1324 1229 et
1350 1156 1534 1233 referemus
1562 1161 1620 1233 tibi
1646 1163 1730 1255 glo·-

219 1279 231 1290 ”
354 1276 438 1346 mam
467 1285 501 1345 at
526 1273 668 1366 laudem,
696 1285 731 1345 et
756 1277 939 1366 unigenito,
967 1283 1030 1345 etc.

458 1388 621 1482 Populus.
676 1393 794 1463 Amen.

457 1502 642 1576 Sacerdos.
697 1505 749 1577 'l'u
783 1509 870 1577 euim
903 1527 941 1578 cs
974 1506 1118 1578 Domine
1154 1501 1196 1576 ab
1230 1503 1322 1577 initio
1356 1515 1489 1578 creator
1516 1511 1668 1602 sapiens,
1696 1519 1732 1582 et

352 1622 386 1690 iu
412 1617 477 1690 fine
504 1631 688 1716 temporum
716 1625 853 1695 extitisti
880 1620 979 1694 nobis
1007 1620 1175 1709 salvator,
1212 1630 1246 1692 et
1271 1624 1395 1694 veniae
1421 1623 1575 1715 largitor:
1609 1635 1643 1696 et
1669 1647 1731 1720 pcr

353 1733 473 1808 Filium
499 1746 590 1809 tuum
624 1737 777 1810 dilectum
811 1737 962 1841 salvasti,
983 1757 1076 1825 uoS,
1099 1745 1199 1831 atquo
1236 1734 1279 1809 ad
1312 1735 1550 1812 haereditatem
1582 1748 1730 1813 nostram

353 1853 521 1946 pristinam
555 1873 618 1924 nos
654 1853 826 1925 reduxisti.
879 1835 992 1924 Nunc⁸
1012 1854 1130 1938 cham,
1164 1853 1323 1940 Domine,
1357 1852 1423 1926 hoc
1456 1863 1629 1952 tempore,
1666 1880 1729 1953 per
1798 1871 1802 1882 ’

352 1966 630 2057 miscricordiam,
662 1968 795 2042 facilem
829 1978 862 2040 te
896 1967 993 2040 nobis
1027 1967 1175 2062 pracbc,
1209 1977 1243 2039 et
1273 1972 1406 2066 suscipe
1439 1967 1504 2042 hoc
1531 1973 1729 2045 sacrilioium

355 2080 443 2176 quod
469 2087 701 2179 propeccatis
724 2087 847 2157 nostris
868 2083 1034 2156 oderimus
1062 2083 1140 2171 tibi;
1162 2085 1260 2176 juxta
1283 2082 1466 2157 doctrinam
1486 2084 1728 2179 Evangelicam

355 2197 477 2272 Christi
499 2202 659 2292 unigeniti
686 2200 761 2272 Filii
788 2204 846 2289 tui,
873 2221 1068 2294 perquem,
1096 2213 1159 2274 etc.

460 2313 621 2408 Populus.
675 2316 796 2389 Amen.

460 2430 645 2501 Diaconos.
697 2429 831 2503 Stemus
859 2431 1027 2502 decenter.

466 2545 651 2618 Sacerdos.
707 2545 838 2618 Caritas
864 2545 993 2636 Patris,
1020 2551 1128 2639 matie
1155 2547 1249 2639 Filii,
1276 2557 1311 2622 et
1337 2553 1591 2625 communicatio
1619 2551 1732 2649 Spiri-

354 2670 406 2732 tus
434 2665 553 2748 sancti,
580 2665 722 2734 situum
751 2662 902 2737 omnibus
930 2661 1037 2736 nobis.
1174 2674 1175 2678 ’

458 2775 620 2870 Populus.
676 2777 760 2852 Cum
787 2781 903 2874 spiritu
930 2787 997 2850 tuo.

458 2891 642 2964 Sacerdos.
696 2893 837 2966 Sursum
864 2893 978 2965 corda.

461 3007 624 3102 Populea.
678 3007 850 3081 Habemus
877 3007 920 3080 ad
946 3009 1133 3081 Dominum.

459 3124 644 3195 Sacerdos.
699 3123 833 3196 Gratias
861 3145 1001 3215 agamus
1027 3124 1181 3197 Domino.

458 3239 621 3332 Populea,
672 3238 817 3332 Dignum
845 3249 879 3310 et
900 3243 1024 3332 justum
1052 3250 1112 3311 est.

461 3354 636 3427 Sacerdos
662 3355 854 3426 inclinatus.
908 3353 1001 3425 Vere
1034 3362 1068 3425 ct
1103 3354 1277 3450 plusquam
1309 3357 1415 3446 juste,
1450 3377 1525 3426 cum
1552 3356 1671 3428 timore
1698 3365 1732 3428 et

356 3481 502 3542 tremore
534 3474 662 3562 gratias
697 3491 837 3562 agemus
871 3467 948 3559 tibi,
989 3468 1203 3564 adorabimus
1241 3479 1276 3540 et
1307 3467 1514 3543 laudabimus
1548 3479 1582 3540 te
1614 3471 1731 3560 corde,

355 3587 481 3675 mente,
509 3596 543 3656 et
567 3586 696 3676 lingua:
724 3596 777 3674 tc,
803 3586 897 3658 Deus
924 3586 1025 3656 Pater
1052 3587 1279 3679 omnipotens,
1306 3587 1364 3679 qui
1389 3583 1555 3674 adoraris,
1584 3584 1731 3658 laudaris

356 3709 390 3772 et
415 3699 600 3773 celebraris
628 3699 671 3772 ab
699 3698 852 3772 omnibus
879 3699 1048 3772 ordinibus
1075 3703 1185 3792 igneis
1213 3709 1247 3771 ct
1273 3699 1507 3795 spiritualibus.

458 3816 609 3888 Elaeam
633 3836 760 3887 nocem.
814 3813 890 3887 Tibi
925 3818 1035 3903 euim,
1070 3816 1231 3904 Domine,
1266 3824 1342 3886 sunt
1375 3816 1409 3885 in
1436 3815 1534 3888 coelo
1563 3827 1597 3888 et
1625 3817 1731 3889 coehs

361 3932 558 4019 coelorum,
585 3933 723 4003 ministri
758 3951 923 4025 uunquam
950 3930 1108 4019 silentes,
1136 3941 1170 4002 et
1195 3929 1387 4003 laudatores
1414 3931 1587 4018 innumeri,
1616 3935 1671 4027 qui
1698 3943 1732 4004 te

357 4057 520 4143 perpetuo
548 4057 582 4118 et
601 4047 826 4120 indesinenter
852 4045 1002 4118 laudant:
1036 4045 1161 4140 Angsli
1189 4057 1223 4118 et
1244 4045 1461 4138 Archangeli,
1487 4045 1619 4142 hymnis
1647 4050 1733 4121 suis:

358 4162 484 4236 'l'hroni
511 4172 545 4233 et
570 4163 822 4236 Dominahones
850 4162 1002 4235 cantibus
1038 4165 1121 4236 suis:
1155 4160 1386 4257 Principatus,
1417 4159 1566 4233 Virtutes
1599 4171 1634 4233 ct
1658 4161 1733 4233 Po·

357 4287 514 4364 testatas,
546 4276 659 4368 jubilis
693 4281 778 4350 suis:
814 4281 869 4372 qui
905 4276 1018 4350 oribus
1058 4280 1184 4370 igneis,
1220 4287 1419 4350 reverenter
1449 4287 1483 4348 te
1508 4275 1655 4366 laudant,
1682 4287 1735 4348 ter

357 4393 501 4466 clamant
527 4402 561 4464 et
586 4391 706 4466 dicunt.
1260 4395 1264 4404 '

462 4507 624 4600 Populus.
678 4507 832 4580 Sanctus.

461 4624 638 4696 Sacerdos
673 4623 865 4702 inclinatus.
919 4623 1061 4695 Sanctus
1089 4645 1140 4715 cs,
1167 4626 1260 4696 licus
1287 4623 1389 4695 Pater
1414 4625 1643 4718 omnipotens,
1680 4623 1736 4715 qui

359 4747 538 4834 partuum
573 4761 721 4810 amorem
758 4731 846 4831 erga'
877 4739 1045 4826 homines,
1079 4739 1233 4810 mundmn
1267 4736 1406 4812 salvasti
1440 4761 1461 4810 a
1493 4748 1621 4828 morte,
1654 4745 1735 4808 ct‘a

359 4863 518 4949 peccato,
554 4877 616 4949 per
648 4858 909 4926 insumationem
943 4853 1019 4926 Filii
1051 4858 1097 4926 tui
1130 4855 1308 4946 unigeniti,
1343 4855 1397 4946 qui
1429 4852 1601 4926 voluntate
1632 4851 1736 4940 bona,

361 4968 532 5044 descendit
565 4970 607 5042 de
639 4970 761 5058 coahs,
796 4991 860 5041 uec
893 4978 1004 5042 tamen
1035 4969 1167 5064 reliquit
1200 4973 1307 5042 sinum
1339 4975 1445 5056 hrum3
1482 4975 1516 5039 et
1545 4970 1736 5039 incarnatus

361 5095 414 5158 cst
440 5085 482 5157 de
509 5084 634 5181 Spiritu
662 5094 779 5157 sancto
807 5083 869 5158 sibi
897 5082 1181 5174 consubstantiah,
1208 5097 1242 5158 et
1269 5105 1316 5155 cx
1341 5082 1449 5155 hlaria
1482 5079 1623 5172 Virgine
1650 5101 1736 5155 sau-
