4814 6060
748 444 779 521 s.
810 441 1030 520 mosooar
1055 444 1278 540 urracam,
1312 460 1364 522 a.
1547 555 1552 572 Ι
1660 448 1738 522 mr

362 631 641 726 tranquillitatem,
668 651 730 725 pro
759 627 847 701 bello
874 628 1084 704 habitationis
1111 630 1347 726 frequentiam:
1374 657 1436 730 pro
1465 633 1588 722 caede,
1619 657 1737 730 pacem

363 744 483 835 altam;
518 769 581 841 pro
609 746 772 818 seditione
799 748 960 839 quietem
993 769 1055 841 pro
1089 747 1255 820 divisione
1287 749 1517 824 concordiam:
1554 760 1589 822 ut
1621 772 1738 824 omnes

363 865 581 953 conjunctim,
615 861 758 956 hymnos
786 859 962 934 oderamus
990 861 1047 934 tibi
1075 885 1149 934 cum
1176 863 1362 956 diligentia,
1397 877 1430 938 et
1455 868 1626 959 unigenito
1653 867 1739 940 Filio

363 989 420 1050 tuo
448 990 482 1050 et
509 979 646 1074 Spiritui
673 990 739 1050 tuo.
1683 977 1687 982 '

468 1095 630 1188 Populos.
684 1095 804 1166 Amen.

469 1209 645 1282 Sacerdos
666 1210 858 1282 inclinatos.
892 1210 1060 1282 Memento
1078 1210 1223 1283 Domine
1241 1213 1478 1306 cujuscumque
1496 1209 1603 1303 Regis
1622 1211 1740 1299 fidelis,

366 1329 421 1422 qui
457 1324 664 1420 amplectitur
698 1329 875 1398 veritatem
909 1333 1015 1414 tuom,
1049 1348 1229 1420 curamque
1263 1323 1362 1398 habet
1397 1325 1511 1422 populi
1546 1331 1598 1424 tui
1624 1325 1740 1400 fidelis.

364 1441 512 1515 Benedio
547 1439 741 1513 haereditati
774 1443 864 1531 ejus,
898 1441 1129 1535 bonorumque
1163 1440 1395 1514 abundantiam
1428 1452 1563 1536 praesto
1598 1446 1631 1514 in
1667 1445 1741 1534 ejus

365 1559 518 1653 imperio,
546 1565 580 1627 et
605 1558 636 1626 in
665 1579 872 1650 quacumque
898 1559 1047 1648 regione.
1078 1556 1246 1631 Memento
1264 1558 1408 1630 Domine
1433 1569 1614 1648 rectorum,
1641 1561 1740 1653 prin-

366 1677 485 1768 cipum,
513 1681 547 1743 ct
574 1673 784 1744 autoritatem
810 1670 1012 1760 habentium,
1040 1675 1093 1766 qui
1121 1683 1326 1746 conservant
1352 1673 1549 1765 religionem
1578 1684 1679 1765 tuam,
1707 1684 1742 1746 et

367 1789 490 1860 iaciunt
515 1788 721 1860 voluntatem
750 1799 854 1876 tuam3
882 1799 916 1860 et
942 1797 1060 1861 averte
1092 1788 1210 1883 plagas
1239 1787 1360 1861 luroris
1395 1793 1430 1861 iu
1464 1787 1580 1862 diebus
1612 1812 1742 1878 eorum,

367 1913 403 1976 ut
429 1912 637 1994 cognoscant
664 1913 696 1974 tc
732 1901 937 1976 salvatorem
965 1925 1043 1975 esse
1069 1908 1213 1976 omnium
1242 1907 1296 1998 qui
1324 1907 1357 1974 in
1385 1914 1418 1975 te
1446 1913 1590 2000 sperant.

472 2017 647 2089 Sacerdos
661 2017 799 2090 eleuare
816 2041 942 2090 nocem.
982 2019 1159 2114 Sapientes
1175 2018 1250 2092 illos
1273 2019 1365 2092 effice
1386 2019 1530 2091 Domine
1552 2020 1593 2090 ad
1616 2020 1744 2092 obser-

367 2137 537 2207 vationem
563 2133 650 2226 legis
677 2145 771 2222 tuae,
799 2144 833 2205 et
860 2143 894 2205 ut
921 2145 1101 2229 sequantur
1127 2137 1218 2206 viam
1246 2144 1280 2206 ct
1305 2135 1515 2229 exemplum,
1548 2157 1681 2228 regum,
1709 2145 1743 2208 et

231 2319 234 2322 .
368 2253 550 2346 principum
580 2249 861 2322 orthodoxorum.
917 2250 1108 2346 Comprime
1145 2252 1243 2322 etiam
1270 2249 1413 2331 Domine
1439 2250 1529 2324 bella
1556 2261 1590 2322 et
1616 2251 1743 2346 praelia

369 2389 455 2461 quae
480 2377 603 2436 terram
631 2363 798 2452 infestant,
825 2369 859 2436 in
886 2365 1003 2438 diebus
1030 2387 1156 2438 eorum.
1210 2365 1263 2435 Da
1284 2364 1350 2436 illis
1370 2375 1405 2438 ut
1426 2369 1650 2458 cogitationes
1676 2366 1743 2439 ha-

367 2479 469 2552 beant
496 2480 666 2575 pacilicas,
693 2489 727 2550 et
753 2480 933 2553 concordia
960 2490 1015 2551 tua
1035 2501 1152 2573 paoem
1173 2478 1236 2550 illis
1253 2482 1409 2575 inspiret:
1438 2501 1617 2576 compesce
1637 2503 1744 2554 soan-

370 2596 445 2668 dala
472 2608 505 2669 ct
531 2596 679 2684 dissidia,
706 2617 749 2668 ne
777 2599 926 2668 oriantur
951 2598 1038 2667 inter
1065 2617 1138 2684 eos,
1166 2605 1200 2666 et
1225 2593 1352 2668 illustra
1380 2597 1507 2668 animos
1530 2617 1646 2668 eorum
1669 2597 1745 2668 luce

368 2715 520 2786 veritatis
553 2723 638 2784 tuae.
692 2711 744 2783 Da
779 2711 843 2784 illis
870 2711 1013 2784 Domine
1044 2710 1252 2807 pmdcntiam
1286 2711 1466 2784 secundum
1498 2733 1596 2805 quam
1622 2724 1744 2804 regant

369 2828 526 2923 populum
554 2835 642 2899 tuum
670 2826 869 2901 habitantem
905 2831 937 2898 io
972 2824 1149 2899 ditionibus
1182 2848 1314 2914 eorum,
1348 2837 1381 2898 et
1418 2850 1437 2900 a
1469 2825 1609 2918 malitia,
1646 2837 1745 2922 atque

371 2943 594 3015 dominatione
622 2942 756 3014 duriore
783 2954 816 3014 et
843 2965 963 3038 aspera
990 2939 1096 3013 libera
1129 2960 1201 3012 nos.
1256 2940 1363 3012 Aufer
1390 2945 1488 3013 etiam
1522 2944 1746 3032 cogitationes

370 3061 578 3153 perniciosas
606 3080 721 3129 eorum
749 3062 803 3151 qui
832 3080 937 3130 saeve
964 3059 1061 3129 nimis
1088 3066 1208 3147 regunt
1233 3055 1391 3151 populum
1418 3067 1517 3141 tuum,
1548 3045 1590 3128 ab
1618 3057 1746 3130 baere-

372 3173 473 3244 ditatc
500 3181 570 3245 tua:
597 3171 702 3246 libera
729 3195 791 3246 uos
820 3177 896 3268 quia
924 3175 956 3242 in
983 3183 1016 3244 te
1044 3174 1272 3266 speravimus,
1300 3181 1334 3242 et
1361 3170 1459 3244 salva
1485 3193 1546 3244 nos
1575 3176 1630 3266 qui
1657 3195 1746 3244 con-

371 3287 500 3360 fitemur
526 3310 647 3360 nomen
676 3299 785 3376 tuum;
812 3298 845 3360 et
872 3287 968 3360 simul
994 3290 1122 3378 gratias
1149 3308 1306 3378 agemus,
1338 3285 1572 3376 adorabimus,
1608 3297 1641 3358 et
1666 3286 1747 3358 lau-

373 3401 523 3475 dabimus
550 3425 671 3481 nomen
700 3412 787 3474 tuom
816 3414 982 3490 sanctum,
1020 3413 1053 3474 et
1068 3404 1238 3494 unigeniti
1265 3401 1341 3474 Filii
1368 3405 1431 3492 tui,
1466 3415 1499 3474 et
1525 3402 1666 3498 Spiritus
1701 3404 1748 3474 tui

373 3521 488 3591 sancti.

475 3634 652 3705 Sacerdos
665 3659 671 3666 ·
685 3635 877 3706 inclinatae.
897 3729 913 3736 -
939 3635 1108 3707 Memento
1141 3634 1285 3706 Domino
1319 3643 1353 3706 et
1385 3643 1520 3729 praesta
1553 3636 1747 3704 memoriam

375 3749 517 3837 bonam,
544 3748 661 3821 Matris
688 3753 847 3842 unigeniti
876 3753 921 3822 tui
948 3752 1198 3841 sanctissimae,
1225 3761 1259 3821 et
1283 3749 1404 3822 heatae
1429 3750 1575 3838 Mariae,
1609 3749 1748 3821 loannis

373 3867 553 3961 baptistae,
581 3865 821 3960 Prophetarum
848 3877 883 3937 et
896 3864 1135 3961 Apostolorum
1163 3869 1218 3959 qui
1245 3865 1397 3937 lecerunt
1419 3867 1623 3938 voluntatem
1645 3875 1748 3956 tuam,

374 3981 559 4076 Martyrum
586 3991 777 4054 sanctorum
805 3991 838 4054 et
865 3981 1123 4068 Confessomm,
1154 3991 1188 4053 et
1214 3981 1330 4055 e'orum
1358 3985 1500 4053 omnium
1530 3983 1585 4075 qui
1611 3989 1749 4076 propter

235 4169 242 4175 ,
375 4119 496 4168 nomen
523 4107 612 4168 tuum
641 4095 837 4170 afflictiones
864 4099 1100 4184 sustinuerunt,
1125 4101 1305 4192 praecipue
1332 4118 1416 4168 vero
1439 4094 1598 4191 Stephani
1626 4105 1659 4167 et
1685 4117 1747 4166 re-

375 4211 537 4306 liquorum
566 4215 622 4307 qui
648 4216 915 4307 persecutionem
943 4222 978 4284 et
1004 4214 1184 4285 calumnias
1212 4215 1302 4309 passi
1322 4224 1458 4308 propter
1477 4234 1625 4285 amorem
1648 4221 1748 4296 tuum,

377 4351 521 4424 agonem
548 4339 582 4400 et
608 4339 777 4402 certamen
805 4328 967 4401 obierunt.
1001 4329 1142 4424 Suscipe
1169 4329 1312 4400 Domine
1334 4327 1522 4401 oblationes
1542 4347 1670 4413 eorum,
1694 4327 1749 4418 qui

377 4443 418 4514 ad
445 4445 575 4517 illorum
604 4448 774 4518 orationes
801 4443 1009 4538 confugiunt,
1036 4465 1098 4536 per
1124 4442 1359 4514 multitudinem
1386 4445 1518 4534 gratiae
1545 4451 1631 4512 tuae.

480 4561 629 4632 Elaeam
650 4583 775 4632 oocern.
812 4559 1022 4633 Convertere
1040 4558 1182 4631 Domine
1200 4557 1242 4630 de
1264 4557 1410 4630 excelsis
1428 4556 1597 4629 coelorum
1618 4566 1749 4628 tuomm

378 4672 591 4764 sublimibus,
619 4699 705 4770 qnae
733 4676 912 4750 adorantur
938 4674 980 4747 ab
1011 4674 1184 4762 omnibns,
1218 4684 1252 4744 et
1285 4672 1407 4766 adjuva
1440 4695 1501 4745 eos
1529 4693 1660 4760 omnes,
1695 4674 1751 4765 qui

378 4790 534 4862 ardenter
560 4802 752 4886 exposcunt
766 4792 935 4864 'auxilium
961 4813 1023 4886 per
1048 4812 1170 4885 preces
1198 4811 1323 4861 eorum.
1373 4787 1505 4860 Exaudi
1533 4787 1751 4882 deprecatio-

380 4927 439 4976 nes
468 4927 582 4978 eorom
610 4928 672 5001 pro
700 4919 788 4979 terra
816 4905 1004 4979 habitabili:
1037 4905 1204 5000 responde
1230 4904 1445 5000 petitionibus
1474 4903 1681 4976 adorantium
1708 4911 1754 4991 te,
1850 4937 1853 4944 =
