4814 6060
500 645 805 722 lGllllTll
857 645 1491 741 Pntutnueunuuc.
1622 650 1698 725 519

328 875 331 880 Α
421 831 607 905 Sacerdos.
660 832 744 902 Pax.

422 947 585 1042 Populus.
637 946 782 1020 Etcum
810 949 935 1040 spiritu·
954 956 1022 1022 tuo.
1106 933 1109 942 ’

422 1064 607 1135 Sacerdos.
661 1062 721 1149 sn.
750 1074 813 1135 ete.

424 1180 615 1251 Diaconos.
670 1177 754 1250 Cum
783 1180 912 1250 timore.

326 1357 327 1360 ,
424 1294 610 1396 Sacerdos.
664 1294 790 1365 Sancta
816 1295 951 1365 sanctis.

424 1410 586 1504 Populos.
640 1407 734 1480 Unus
755 1409 862 1480 l'ater
889 1417 1034 1480 sanctus.

424 1517 612 1597 Diaconos.
666 1525 800 1597 Stemus
828 1525 997 1597 decenter.

424 1643 612 1715 Sacerdos.
672 1640 771 1713 Nunc
797 1641 940 1713 Domine
968 1639 1099 1735 quando
1127 1640 1273 1732 gladium
1308 1637 1547 1735 Cherubicum,
1580 1653 1699 1720 trans-

198 1823 204 1831 .
321 1763 432 1852 gressi
466 1757 605 1853 pedibus
633 1755 856 1854 spiritualibus
885 1755 1058 1849 effugimus
1089 1759 1250 1845 animose,
1277 1768 1311 1829 et
1338 1781 1384 1829 ex
1410 1758 1518 1832 lruetu
1544 1759 1602 1834 illo
1630 1763 1699 1834 de..

321 1873 490 1949 siderabili
519 1877 574 1968 qui
600 1896 646 1944 ex
672 1884 707 1945 te
734 1884 797 1960 est,
825 1871 947 1946 arbore
973 1875 1078 1961 vitae,
1106 1882 1140 1944 et
1162 1875 1273 1945 omnia
1291 1872 1482 1947 vivificante
1510 1875 1636 1948 edimus
1664 1889 1699 1951 et

322 1990 443 2085 epulati
470 2011 599 2062 sumus:
636 1999 735 2084 atque
771 1988 813 2060 ad
841 1991 1013 2080 regionem
1050 1997 1200 2060 nostram
1235 1990 1422 2084 pristinam,
1461 2013 1535 2063 cum
1570 2015 1698 2066 summa

322 2106 565 2178 domesticitate
591 2107 733 2177 restituti
769 2119 900 2192 sumus,
937 2113 970 2176 et
1006 2103 1057 2179 ad.
1082 2102 1260 2180 divinitatis
1293 2108 1579 2202 participationem
1612 2131 1698 2203 quae

320 2220 468 2293 illusorie
505 2220 603 2293 nobis
635 2229 801 2302 ostentata
833 2243 853 2290 a
887 2227 1044 2315 serpente
1085 2217 1264 2293 seductore
1304 2219 1431 2310 fuerat,
1472 2223 1698 2300 efficacissime

322 2339 534 2410 conservasti
566 2357 646 2407 nos:
680 2334 843 2429 simulque
877 2334 919 2405 ad
952 2337 1105 2428 imaginis
1138 2346 1215 2407 tuae
1249 2335 1493 2410 similitudinem
1526 2341 1698 2435 pristinam

321 2476 383 2549 per
411 2454 678 2539 convenientem,
706 2451 906 2546 dignumque
932 2450 1112 2545 pudorem,
1147 2461 1286 2546 propter
1313 2449 1565 2546 dispositionem
1596 2455 1698 2539 illam,

323 2591 422 2664 quam
450 2590 532 2660 erga
560 2576 827 2654 nosstatueras,
854 2568 1025 2639 restituisti
1045 2587 1120 2638 nos.
1174 2565 1261 2652 Quid
1287 2564 1448 2638 babemus
1476 2568 1566 2661 quod
1592 2571 1699 2641 retri-

321 2682 427 2756 buere
462 2685 629 2778 possimus
664 2685 770 2753 amori
809 2704 892 2774 erga
932 2681 1082 2754 homines
1115 2691 1187 2769 tuo,
1227 2689 1365 2778 propter
1406 2680 1570 2784 beneficia
1602 2685 1699 2758 nullis

322 2802 505 2893 gratiarum
538 2797 721 2871 actionibus
753 2797 989 2892 coaequanda,
1030 2820 1116 2892 quae
1151 2796 1294 2869 elludisti
1326 2819 1429 2892 super
1462 2797 1552 2871 nos?
1607 2801 1699 2887 Quas

323 2915 456 2988 tandem
489 2935 596 2986 voces
630 2916 811 3007 gratiarum
848 2912 1054 3004 agendarum
1092 2931 1273 3007 possumus
1309 2912 1431 2985 ollerre
1464 2915 1541 3005 tihi,
1582 2917 1700 3010 quales

323 3029 484 3102 debentur
509 3029 753 3103 beneticentiae
779 3028 1030 3100 misericordiae
1063 3038 1140 3100 tuae
1174 3050 1256 3120 erga
1290 3028 1377 3101 nos?
1432 3029 1596 3115 Quantum
1631 3034 1700 3104 im-

322 3145 461 3220 becilles
496 3157 634 3217 nostrae
669 3147 763 3216 vires
799 3143 978 3232 sufficiunt,
1016 3143 1214 3231 adoramus,
1248 3141 1473 3234 glorificamus
1506 3156 1540 3218 et
1571 3149 1698 3238 gratias

324 3265 466 3354 agimuS,
493 3271 527 3333 et
553 3259 753 3346 exaltamus,
781 3257 1001 3354 deprecantes
1034 3280 1127 3330 mare
1160 3257 1298 3332 eliusum
1326 3257 1523 3332 clementiae
1549 3270 1637 3349 tuae,
1663 3271 1700 3332 ut

324 3377 485 3474 mysteria
512 3376 595 3447 haec
622 3385 738 3447 sancta
766 3373 884 3469 quibus
917 3377 1076 3463 vivimus,
1103 3385 1138 3445 et
1162 3375 1315 3446 renovati
1343 3395 1475 3465 sumus,
1509 3377 1573 3448 sint
1599 3369 1698 3450 nobis

324 3491 521 3564 fermentum
546 3492 637 3562 uitae
663 3512 786 3582 novae,
814 3501 848 3562 et
873 3494 994 3585 pignus
1022 3493 1113 3563 vitae
1139 3488 1270 3564 futurae
1297 3499 1332 3561 et
1358 3499 1529 3580 aeternae,
1542 3527 1543 3530 ¹
1556 3487 1640 3564 etc.x

428 3605 590 3699 Populus.
642 3606 763 3678 Amen.

428 3722 613 3793 Sacerdos.
665 3720 749 3794 Pax.

428 3837 589 3930 Populus.
642 3834 786 3909 Etcum
814 3840 930 3932 spiritu
957 3848 1025 3908 tuo.

430 3953 619 4025 Diaconos.
672 3954 765 4024 Post.
945 3961 948 3966 “

421 4067 613 4160 Sacerdos.
667 4068 719 4140 'l'e
753 4066 833 4139 Rex
859 4089 977 4161 regum
1002 4068 1085 4140 lesu
1114 4062 1245 4140 christe
1271 4070 1323 4139 cui
1356 4065 1553 4138 inclinantur
1588 4069 1699 4139 omnia

325 4187 470 4280 quaein
499 4183 596 4257 coelo
624 4185 714 4255 etin
743 4193 832 4254 terra
860 4191 947 4272 sunt,
975 4181 1091 4255 adorat
1127 4194 1160 4256 et
1192 4182 1348 4255 ardenter
1381 4181 1580 4278 deprecatur
1610 4204 1699 4254 nunc

237 4299 242 4312 '
323 4299 478 4374 Ecclesia
505 4309 622 4371 saneta
648 4298 797 4372 redemta
825 4320 870 4369 ex
905 4297 1080 4390 gentibus,
1112 4321 1177 4393 per
1206 4295 1457 4372 crucifixionem
1489 4308 1596 4386 tuam,
1631 4297 1699 4369 de-

324 4437 468 4511 precans
496 4425 529 4486 te
557 4439 630 4486 eum
659 4417 809 4509 suspiriis
837 4423 871 4484 et
905 4413 1128 4508 lacrymarum
1156 4415 1330 4505 allusione,
1364 4436 1427 4510 pro
1455 4413 1607 4487 omnibus
1635 4435 1699 4486 or·
1802 4483 1808 4488 .

325 4531 454 4604 dinibus
490 4541 524 4602 et
556 4530 798 4603 conditionibus
838 4529 978 4602 liliorum
1012 4539 1141 4602 tuorum
1182 4513 1406 4604 redemtorum
1445 4531 1609 4622 sanguine
1643 4537 1699 4600 tuo

324 4649 487 4743 pretioso.
548 4647 651 4718 lnduc
685 4667 744 4719 eos
779 4649 813 4716 in
849 4645 939 4717 ovile
966 4656 1079 4724 tuum.
1138 4644 1260 4719 Emitte
1294 4668 1396 4741 super
1428 4665 1490 4718 eos
1526 4643 1702 4717 dexteram

324 4772 427 4853 tuam,
454 4759 597 4854 obsigna
624 4783 685 4834 eos
713 4782 815 4832 cruce
842 4771 911 4851 tua,
938 4781 1107 4834 conserva
1127 4759 1204 4833 illos
1230 4764 1263 4833 in
1290 4763 1434 4834 veritate
1460 4769 1530 4850 tua,
1556 4768 1702 4855 protege

328 4869 389 4948 eos
417 4875 478 4949 sub
506 4875 566 4949 alis
594 4875 791 4948 clementiae
819 4886 911 4948 tuae:
939 4875 1085 4970 adJunge
1112 4897 1173 4948 eos
1199 4875 1241 4946 ad
1267 4876 1482 4947 domesticum
1497 4877 1700 4950 consortium

325 5001 433 5063 tuum:
461 4990 613 5064 conforta
641 5014 703 5064 eos
731 5013 794 5086 per
826 5012 977 5064 amorem
1004 5001 1106 5083 tuum,
1132 4993 1414 5083 congregationes
1451 5011 1567 5062 eorum
1599 5012 1701 5062 com-

325 5126 414 5202 pone
447 5129 510 5202 per
543 5129 661 5204 pacem
694 5115 729 5178 et
760 5106 1028 5202 tranquillitatem
1061 5116 1159 5181 tuum.
1212 5105 1431 5200 Constringe.
1450 5105 1527 5180 illos
1558 5103 1702 5178 vinculis
