4814 6060
782 503 813 580 S.
845 501 1044 580 solutus
1074 500 1407 577 partiuncula.
1693 500 1769 574 477

401 689 493 760 ditati
521 697 608 775 tuae,
637 641 674 760 el
696 691 787 762 mitte
813 711 913 786 super
935 710 998 762 nos
1023 697 1056 760 et
1078 687 1259 785 superhos
1278 684 1474 776 oblationes,
1501 689 1769 786 Spiritom‘tuum

400 814 560 877 sanctum,

504 921 689 993 Sacerdos.
742 921 874 994 Exaudi
902 944 964 1008 me.

503 1037 665 1132 Populos.
718 1039 823 1134 Kyrie
851 1038 996 1127 eleison,
1022 1037 1128 1133 Kyrie
1156 1036 1303 1125 eleison,
1330 1035 1435 1132 llyrie
1463 1036 1602 1110 eleison.

503 1154 679 1230 Sacerdos
706 1155 842 1247 elevans
874 1175 999 1224 nocem.
1052 1153 1198 1239 Potens,
1232 1155 1286 1247 qui
1321 1151 1376 1222 dot
1407 1156 1598 1240 victoriam,
1633 1166 1767 1226 sanctus

340 1314 342 1318 -
401 1281 434 1343 et
459 1270 599 1363 largitor
625 1293 796 1342 munerum
823 1269 1059 1366 spiritualium,
1092 1269 1235 1365 Spiritus
1268 1279 1401 1340 sanctus
1427 1268 1581 1342 illabatur
1608 1279 1642 1341 et
1667 1270 1769 1344 iaciat
1831 1317 1838 1340 ,

400 1408 521 1481 panem
549 1386 678 1481 quidem
706 1390 822 1474 istum,
851 1409 973 1482 eorpus
992 1385 1179 1474 vivificans,
1206 1407 1328 1480 corpus
1346 1387 1618 1480 propitiatorium,
1644 1411 1767 1485 corpus

400 1503 564 1590 salutare,
601 1524 723 1598 corpus
757 1501 893 1576 salvans
929 1506 1056 1575 animas
1088 1513 1121 1574 et
1155 1521 1300 1597 corpora
1326 1511 1458 1589 nostro,
1485 1523 1608 1597 corpus
1634 1505 1767 1576 Domini

399 1619 466 1690 Dei
492 1629 524 1690 et
550 1618 739 1692 Salvatoris
766 1622 871 1690 nostri
888 1617 969 1690 lesu
989 1617 1122 1705 Christi,
1149 1616 1190 1688 ad
1218 1619 1443 1713 expiationem
1470 1616 1677 1710 delictorum,
1704 1643 1767 1692 re-

401 1738 595 1806 missionem
621 1746 847 1830 peccatorum,
875 1745 908 1806 et
933 1738 1034 1806 vitem
1061 1755 1183 1806 novam
1209 1745 1308 1829 atque
1336 1743 1515 1805 aeternam.

501 1850 663 1943 Populus.
716 1852 835 1924 Amen.
1027 1831 1035 1852 ⁸
1786 1926 1788 1935 ,

502 1965 687 2038 Sacerdos.
741 1967 862 2038 Beatus
891 1968 945 2038 iile
972 1974 1005 2037 et
1031 1973 1182 2084 sanetus,
1209 1967 1339 2037 mistum
1367 1989 1498 2061 quoque
1526 1968 1615 2062 quod
1643 1973 1676 2041 in
1702 1971 1765 2042 hoc

398 2080 503 2153 calice
541 2093 613 2172 est,
647 2083 750 2155 faeiat
791 2086 984 2175 sanguinem
1018 2082 1261 2170 vivificantem,
1297 2086 1493 2174 sanguinem
1527 2086 1766 2179 purificantem,

399 2208 433 2268 et
460 2199 735 2288 sanctificantem,
762 2201 957 2291 sanguinem
983 2199 1179 2284 salutarem,
1207 2200 1402 2288 sanguinem
1427 2198 1611 2274 salvantem
1637 2207 1764 2276 animas

398 2324 432 2385 et
457 2335 600 2409 corpora
625 2325 757 2402 nostra,
785 2319 982 2410 sanguinem
1007 2316 1141 2388 Domini
1166 2315 1230 2385 Dei
1258 2323 1293 2385 et
1325 2312 1513 2404 Salvatoris
1544 2321 1650 2390 nostri
1682 2318 1766 2390 lesu

397 2428 537 2519 Christi,
564 2431 606 2502 ed
632 2433 854 2527 expiationem
882 2431 1096 2520 delictorum,
1121 2431 1352 2502 remissionem
1377 2441 1609 2526 peccatorum,
1644 2444 1677 2505 et
1703 2437 1763 2504 vi-

397 2555 464 2618 tem
490 2568 614 2619 novam
643 2557 742 2641 atque
770 2558 950 2620 aeternam.

502 2663 663 2756 Populos.
716 2663 836 2735 Amen.

500 2778 682 2851 Sacerdos.
736 2779 832 2852 Mare
859 2781 1160 2854 misericordiarum
1187 2788 1220 2851 et
1241 2778 1316 2850 lons
1338 2778 1514 2869 bonorum,
1541 2779 1634 2854 Deus
1654 2782 1763 2869 Pater,

396 2898 543 2988 genitor,
571 2915 631 2968 eos
659 2897 712 2989 qui
739 2899 771 2967 in
797 2899 915 2968 itinere
942 2906 1018 2969 sunt
1050 2895 1197 2984 custodi,
1231 2895 1307 2968 iilos
1340 2897 1395 2989 qui
1428 2898 1460 2967 in
1493 2900 1577 2968 mari
1611 2896 1763 2971 fluctibus

355 3053 356 3061 κ
397 3021 430 3084 et
454 3010 611 3108 procellis
634 3013 802 3102 jactantur
827 3013 966 3105 adjuva;
994 3014 1070 3108 quia
1095 3023 1129 3084 tu
1157 3033 1194 3083 es
1220 3014 1456 3106 poenitentium
1492 3023 1676 3109 susceptor,
1703 3018 1762 3106 jo-

397 3127 556 3200 stiiicator
596 3137 827 3222 peccatorum,
866 3127 1067 3224 perditorum
1103 3130 1275 3214 inventor,
1305 3135 1536 3219 congregator
1572 3135 1763 3220 errantium,

397 3246 509 3316 socius
536 3244 735 3332 timentium,
761 3242 864 3315 irater
889 3246 1162 3339 peregrinorum,
1189 3263 1268 3338 spes
1294 3263 1493 3336 pauperum:
1527 3242 1587 3316 lux
1613 3246 1761 3318 creden-

398 3363 485 3432 tium.
544 3359 715 3450 Rogamus
751 3369 785 3430 et
818 3358 1036 3456 deprecamur
1069 3370 1120 3449 te,
1153 3357 1208 3430 iac
1239 3379 1303 3430 nos
1330 3379 1432 3452 puros
1466 3370 1500 3430 et
1532 3371 1667 3433 sanctos
1701 3383 1762 3455 per

397 3478 659 3548 commonionem
686 3473 771 3546 hanc
797 3475 958 3565 divinam;
985 3487 1019 3548 et
1043 3478 1203 3574 mysteria
1229 3473 1313 3544 haec
1339 3474 1471 3546 vivifica
1503 3463 1631 3572 prosint
1664 3476 1762 3550 nobis

397 3592 439 3663 ad
465 3591 670 3684 vigilantiam
698 3593 847 3682 animae,
875 3592 918 3664 ad
944 3592 1206 3665 emundationem
1234 3591 1398 3684 corporis,
1426 3590 1468 3662 ed
1483 3596 1761 3665 communicatio-
1806 3593 1810 3602 ’

397 3730 472 3778 nem
506 3707 711 3802 adoptionis,
748 3707 791 3778 ad
827 3710 1112 3804 participationem
1144 3707 1286 3803 Spiritus
1320 3709 1445 3795 sancti,
1482 3706 1524 3780 ed
1556 3692 1761 3804 voluptatem

397 3827 493 3917 regni
519 3822 675 3896 coelestis
703 3824 965 3920 adipiscendam,
992 3836 1027 3897 et
1053 3823 1095 3898 ad
1115 3825 1347 3895 remissionem
1364 3821 1557 3895 delictorum
1571 3833 1605 3894 et
1631 3845 1761 3918 pecca-

398 3951 520 4013 torum:
549 3942 624 4034 quia
652 3949 684 4012 te
711 3940 808 4014 decet
833 3941 954 4030 honor,
988 3962 1083 4013 amor
1116 3962 1199 4032 erga
1230 3938 1400 4029 homines,
1426 3938 1552 4032 gloria,
1579 3937 1693 4027 decus,
1728 3951 1762 4012 et
1816 3940 1819 3952 “

398 4055 576 4145 exaltatio,
603 4065 637 4127 et
663 4058 866 4150 unigenitum
892 4057 1009 4129 Filium
1037 4067 1144 4144 tuum,
1172 4066 1205 4128 et
1221 4056 1378 4153 Spiritum
1398 4068 1545 4130 sanctum
1568 4066 1670 4146 tuum,
1697 4067 1759 4128 etc.

501 4172 661 4266 Poprdos.
712 4175 832 4246 Amen.
1232 4247 1269 4276 Ι,

500 4287 676 4360 Sacerdos
700 4290 892 4363 inclinatus.
945 4291 1149 4364 Sacrificium
1174 4289 1238 4363 hoc
1264 4288 1470 4361 metuendum
1492 4297 1526 4359 et
1555 4292 1759 4362 incruentum

399 4403 563 4478 oderimus
591 4427 703 4476 coram
730 4415 782 4496 te,
811 4418 939 4480 amator
964 4407 1146 4495 hominum,
1173 4429 1234 4503 pro
1261 4404 1424 4477 Ecclesiis
1446 4407 1509 4476 tuis
1532 4408 1655 4476 sanctis
1682 4403 1758 4476 Ca-

365 4557 368 4562 ·
399 4519 544 4611 tholicis,
570 4518 767 4616 ubicumque
793 4525 878 4614 sint,
904 4535 940 4596 ut
966 4524 1197 4598 confirmentur
1210 4526 1244 4594 in
1262 4520 1327 4593 lide
1345 4519 1548 4593 Orthodoxa.
1588 4519 1757 4592 Memento

397 4638 538 4710 Domine
564 4638 738 4710 Pastorum
766 4649 799 4711 et
823 4642 1005 4714 Doctorum
1033 4643 1135 4736 quiin
1151 4643 1199 4712 eis
1221 4649 1308 4712 suut:
1334 4636 1609 4724 Patriarcharum,
1628 4634 1756 4708 Archi-

297 4833 304 4846 ,
398 4757 648 4850 episcoporum,
675 4765 708 4826 et
733 4753 975 4854 Episcoporum
1003 4755 1282 4830 Orthodoxorum.
1334 4755 1501 4827 Memento
1523 4751 1755 4825 DomineSo-

398 4869 585 4960 eerdotum,
626 4870 868 4962 Diaconorum,
905 4883 938 4947 et
974 4876 1116 4946 omnium
1150 4872 1308 4944 Ordinum
1344 4869 1528 4942 Ecclesiae.
1587 4867 1755 4940 Memento

390 4977 538 5068 Domine
552 4991 754 5082 paupertatis
767 5011 881 5083 meae,
909 5001 942 5061 et
955 5012 997 5062 ne
1010 4990 1199 5061 memineris
1215 4995 1428 5083 peccatorum
1441 5007 1603 5059 meorum:
1630 5007 1754 5082 asper-

1463 5103 1511 5176 63
1524 5103 1542 5138 ”
