4712 6032
605 564 724 644 tutet
754 563 1051 643 PRAEDIGATORIS
1077 565 1125 642 ΕΤ
1151 563 1446 641 EVANGELISTAE.
1632 559 1701 633 181

339 776 414 826 cum
440 753 575 850 reliquis
603 751 755 827 omnibus
782 755 837 847 qui
862 755 1129 850 persecutionem
1155 753 1246 846 passi
1261 760 1348 840 sunt,
1373 771 1435 847 pro
1454 748 1706 821 confirmatione

338 868 568 942 Ecclesiarum
593 891 727 942 suarum
754 878 950 941 sanctarum.

453 985 603 1072 blesens
636 1006 761 1058 ccccm,
796 985 910 1057 Fidem
953 1006 1068 1057 eorum
1102 987 1265 1056 sinceram
1300 985 1335 1053 in
1370 978 1540 1053 animabus
1582 981 1706 1052 nostris

340 1101 471 1197 planta,
504 1123 526 1174 o
556 1102 720 1186 Domine,
755 1103 845 1172 omni
881 1109 1049 1195 tempora,
1082 1097 1290 1196 praeclaram
1317 1118 1444 1170 morum
1471 1097 1707 1166 institutionem

342 1238 456 1289 eorum
483 1220 517 1288 in
543 1216 640 1289 nobis
667 1203 840 1288 confirma:
867 1216 1094 1288 rectitudinem
1120 1214 1233 1307 legum
1263 1210 1597 1309 irreprehensibilium
1624 1232 1706 1306 quas

342 1329 385 1406 ab
412 1335 494 1427 ipsis
522 1330 713 1421 didicimus,
738 1334 772 1402 in
799 1329 962 1402 menthus
993 1332 1116 1403 nostris
1149 1329 1257 1402 firma:
1291 1349 1405 1400 eorum
1437 1328 1617 1421 praecipue
1652 1329 1708 1421 qui

341 1447 493 1520 omnibus
534 1448 666 1543 spoliati
700 1451 867 1543 patienter
903 1454 1068 1518 tormenta
1104 1448 1326 1518 sustinuerunt
1363 1464 1426 1539 pro
1474 1443 1708 1514 constitutione

340 1561 569 1636 Ecclesiarum
594 1574 723 1636 tuanuu
749 1571 951 1634 sanctarum:
979 1583 1096 1633 eorum
1122 1563 1177 1656 qui
1199 1553 1323 1653 jugiter
1355 1561 1450 1632 rivos
1484 1557 1707 1654 lacrymarum

340 1703 386 1754 ex
426 1679 531 1753 oculis
564 1677 781 1772 profuderunt
806 1698 868 1772 pro
905 1675 1011 1750 salute
1037 1686 1152 1748 nostra
1187 1679 1241 1770 qui
1272 1686 1473 1772 peccatores
1509 1697 1638 1764 sumus,
1672 1684 1706 1745 et

339 1818 456 1868 eorum
489 1797 642 1884 vestigiis
684 1795 896 1882 insistentes,
930 1792 1075 1884 adjunge
1106 1813 1171 1864 nos
1205 1795 1357 1864 societati
1393 1791 1543 1864 ordinum
1576 1791 1707 1862 illorum

337 1912 529 2000 beatorum,
556 1920 694 1982 utrum
720 1908 783 1980 illis
810 1929 893 2004 pure
921 1928 1078 1980 canamus
1106 1909 1164 1980 tibi
1189 1905 1345 2003 hymnum
1372 1909 1646 1997 convenientem,
1673 1917 1707 1977 et

338 2029 508 2118 unigenito
534 2024 619 2096 Filio
647 2034 725 2112 tuo,
752 2033 786 2096 et
811 2023 949 2120 Spiritui
976 2033 1043 2096 tuo.

440 2139 617 2211 Sacerdos
650 2139 842 2210 inclinatos.
889 2138 934 2210 Et
968 2161 1082 2212 eorum
1117 2141 1171 2232 qui
1205 2141 1261 2234 pia
1294 2142 1614 2210 commemoratione
1651 2136 1708 2208 di-

340 2259 398 2348 gni
437 2265 530 2343 suut,
564 2263 729 2326 memento
766 2277 827 2350 per
867 2254 1128 2326 misericordiam
1161 2264 1250 2324 tuam
1281 2254 1443 2341 Domine,
1476 2252 1708 2342 sacerdotum,

338 2372 584 2460 Diaconorum,
610 2368 963 2466 Subdiaconorumque
989 2378 1173 2460 castorum,
1200 2367 1489 2462 Anagnostarum,
1516 2369 1707 2454 Lectorum,
1803 2434 1809 2446 ,

340 2487 541 2573 Cantorum,
569 2497 603 2558 ct
629 2490 773 2559 omnium
800 2485 1026 2559 defunctorum
1053 2485 1210 2573 fidelium,
1238 2488 1418 2581 praecipue
1449 2495 1598 2581 patrum,
1631 2481 1708 2553 lra-

339 2614 446 2693 trum,
473 2605 774 2697 magistrorumque
800 2613 1002 2692 nostrorum,
1029 2612 1063 2674 et
1094 2605 1239 2674 omnium
1266 2604 1321 2697 qui
1346 2603 1511 2696 petierunt
1535 2601 1705 2673 orationes

339 2721 504 2792 tenuitatis
530 2727 680 2790 nostrae:
708 2727 741 2789 et
767 2721 911 2790 omnium
938 2721 992 2813 qni
1018 2721 1198 2814 participes
1214 2716 1293 2798 lacti
1308 2726 1384 2790 sunt
1397 2716 1564 2808 dignitatis
1577 2714 1707 2788 Eccle-

340 2836 496 2908 siasticae
523 2833 716 2926 cujuslibet,
743 2837 864 2929 quique
889 2834 1142 2907 necessitatibus
1164 2836 1306 2905 omnium
1329 2854 1511 2925 egenorum
1538 2834 1707 2906 societatis

340 2959 478 3021 nostrae
505 2953 847 3041 communicaverunt,
875 2961 908 3022 et
934 2953 974 3023 iis
1006 2972 1143 3045 quorum
1177 2951 1402 3038 meminimus,
1428 2948 1483 3020 lae
1514 2951 1707 3021 memoriam

341 3063 472 3137 bonam.
1022 3131 1032 3144 ,

443 3180 592 3254 Eteonos
616 3204 741 3255 oooeua
768 3181 942 3274 Rogamus
968 3191 1020 3271 te,
1046 3182 1189 3253 Domine
1214 3182 1326 3268 Deus,
1359 3181 1491 3252 Putrum
1518 3190 1707 3253 sanctorum

340 3295 527 3386 Abrabam,
552 3298 665 3386 Isaac,
694 3311 728 3372 et
752 3297 876 3386 Jacob,
904 3309 938 3369 et
966 3299 1072 3369 omnis
1099 3307 1215 3368 coetus
1237 3300 1417 3387 justorum,
1445 3305 1478 3366 et
1503 3299 1646 3392 piorum3
1673 3303 1709 3366 ut

340 3413 403 3488 illis
432 3418 575 3509 quietem
601 3414 747 3504 tribuas,
774 3415 838 3487 illis
864 3417 996 3508 inquam
1024 3411 1197 3501 omnibus,
1229 3413 1284 3506 qui
1311 3397 1454 3483 anobis
1488 3411 1629 3506 proiecti
1665 3410 1707 3482 ad

342 3541 375 3603 te
400 3534 647 3622 migraverunt,
675 3530 776 3604 etad
805 3530 904 3603 sedes
931 3539 1004 3600 tuas
1038 3525 1157 3598 beatas
1188 3535 1423 3622 pervenerunt.
1476 3528 1574 3616 Dele,
1601 3531 1707 3620 igno-

343 3670 421 3736 sce,
449 3656 482 3718 et
507 3649 638 3719 remitte
666 3651 775 3720 omnia
797 3655 937 3744 peccota
964 3666 1092 3732 eorum,
1118 3653 1209 3732 nota,
1235 3651 1268 3713 et
1294 3646 1419 3735 ignota,
1446 3642 1650 3734 voluntaria,
1676 3651 1710 3714 et

340 3764 581 3852 involuntaria,
615 3767 691 3859 quia
722 3763 828 3836 nullus
866 3766 960 3835 visus
993 3769 1046 3832 est
1084 3781 1185 3855 super
1226 3769 1347 3831 terram
1388 3759 1516 3853 absque
1549 3761 1709 3853 peccatis,

343 3883 408 3952 nisi
433 3879 525 3951 solus
552 3880 712 3952 Dominus
745 3882 838 3953 Deus
872 3890 905 3950 et
929 3876 1089 3952 Salvator
1114 3885 1230 3948 noster
1261 3875 1361 3948 lasus
1394 3873 1544 3947 Christus
1577 3876 1703 3966 unige-

342 4001 429 4072 nitus
455 3997 560 4070 Filius
587 4006 675 4068 tuus:
709 4019 771 4093 per
802 4017 900 4092 quem
932 4003 966 4066 et
996 4015 1059 4064 nos
1094 3992 1354 4071 misericordiam
1390 3993 1550 4086 consequi
1583 4011 1707 4086 spera-

341 4135 432 4202 mus,
458 4124 492 4184 et
517 4115 746 4186 remissionem
774 4120 986 4207 peccatorum
1015 4131 1100 4204 quae
1124 4119 1262 4204 propter
1289 4130 1361 4179 aum
1390 4117 1451 4200 est,
1478 4117 1512 4177 et
1537 4107 1645 4197 nobis,
1674 4117 1709 4180 et

345 4231 437 4325 ipsis.

447 4343 608 4438 Populus.
637 4344 788 4429 Quietem
814 4349 958 4436 praesta.

445 4459 628 4531 Sacerdos.
655 4459 741 4530 Dele
767 4459 921 4545 Domine,
946 4476 1009 4551 per
1034 4452 1292 4526 misericordiam
1318 4461 1406 4525 tuam
1433 4457 1544 4527 omnia
1565 4466 1708 4551 peccata

342 4588 475 4665 nostra,
503 4585 536 4646 et
561 4575 707 4663 illorum,
735 4573 881 4662 occulta3
909 4581 942 4643 et
967 4570 1140 4644 manifesta
1176 4592 1261 4664 quae
1295 4567 1387 4642 solus
1419 4573 1525 4659 nosti,
1561 4592 1709 4667 nosque,

343 4701 377 4762 et
401 4689 477 4762 illos
510 4689 628 4793 dignos
662 4691 770 4777 ellice,
804 4699 840 4761 ut
875 4709 921 4759 ex
955 4692 1025 4760 vita
1061 4686 1124 4760 bac
1159 4684 1332 4783 temporali
1365 4687 1546 4778 migrantes
1581 4685 1709 4783 absque

342 4819 482 4902 peccato
510 4816 567 4878 aut
591 4817 703 4897 reatu,
729 4818 854 4880 stemus
881 4825 993 4876 coram
1020 4815 1064 4892 te,
1091 4814 1124 4875 et
1150 4825 1225 4874 cum
1250 4801 1325 4890 illis,
1353 4812 1387 4873 et
1412 4804 1498 4873 inter
1524 4824 1602 4892 eos,
1628 4825 1707 4873 me-

342 4945 475 4996 reamur
500 4921 628 4995 referre
655 4924 712 4997 tibi
738 4922 879 5015 gloriam
906 4919 1160 5008 indesinentem,
1194 4928 1227 4991 et
1252 4916 1374 4990 festum
1412 4940 1549 5009 agamus
1583 4916 1642 4988 tibi
1656 4967 1660 4976 ι
1673 4920 1706 4988 in

297 5139 300 5148 y
344 5039 475 5115 oboreis
496 5039 767 5137 triumphalibus,
800 5036 867 5110 illic
892 5041 925 5110 iu
951 5040 1022 5110 vita
1041 5036 1102 5108 illa
1127 5037 1245 5129 longa,
1277 5032 1471 5132 temporali,
1507 5045 1541 5106 et
1574 5043 1708 5106 aeterna

1425 5151 1475 5226 26
1488 5149 1507 5186 ⁴*
