4804 6026
441 386 492 462 nn
513 381 684 460 snrnors
705 379 979 459 muomrmuu
1002 383 1050 458 un
1068 379 1335 458 Jroounmuu
1359 325 1553 458 innan.
1618 377 1716 450 xvu

339 580 375 642 ut
401 569 488 666 apud
514 569 655 642 Latinos
683 578 839 656 veteres,
869 567 1021 656 Ohlctio,
1049 567 1183 653 illatio,
1210 569 1335 653 Aetio,
1371 575 1428 638 aut
1461 564 1557 636 ahter
1591 575 1716 637 vocata
1787 545 1790 556 ¹

341 685 506 780 quondam
533 684 602 756 fuit.
655 683 863 780 Praeparato
891 673 1005 772 altari,
1041 681 1209 755 Sacerdos
1243 681 1396 755 diversm
1428 703 1549 776 preces
1584 684 1715 770 recitat,
1799 737 1803 744 .

341 823 440 874 sacra
472 803 671 873 vestimenta
707 799 829 889 induit,
863 807 897 869 et
929 801 975 868 ita
1008 797 1050 868 ad
1084 801 1306 872 sanctuarium
1340 794 1561 893 progreditur.
1614 795 1715 866 Panis

340 914 589 986 Eucharisticus
617 937 691 986 cum
719 914 840 1004 calice,
869 937 888 985 a
915 911 1087 1004 Prothesi,
1113 912 1170 984 ubi
1197 916 1307 986 statim
1332 914 1556 1002 collocantru,
1590 911 1632 984 ad
1659 911 1715 983 al-

341 1041 413 1102 tare
440 1029 650 1120 deferuntur,
678 1030 795 1102 eadem
821 1050 929 1125 prope
955 1032 1102 1119 ratione,
1129 1053 1194 1125 qua
1220 1029 1256 1101 lit
1277 1029 1365 1126 apud
1387 1027 1539 1102 Graecos
1565 1051 1715 1123 moyam,

339 1155 375 1217 ut
402 1155 527 1220 vocant
552 1145 736 1222 introitus:
765 1145 807 1216 de
834 1165 899 1239 quo
926 1147 991 1215 ritu
1024 1142 1141 1216 dicitur
1172 1149 1207 1216 in
1242 1143 1488 1217 Commentario
1523 1141 1565 1215 ad
1597 1142 1716 1214 Litur-
1788 1191 1790 1198 ι

341 1266 430 1352 mam
457 1261 577 1333 Jacohi
604 1259 798 1355 Syriacam,
826 1270 860 1330 et
886 1259 1008 1331 dictum
1035 1270 1087 1332 est
1122 1258 1163 1332 ad
1197 1255 1371 1356 Copticam
1402 1259 1528 1332 Basilii.
1582 1257 1715 1330 Misce·
1850 1259 1856 1270 '

341 1386 394 1447 tur
421 1400 508 1470 aqua
535 1379 667 1464 vinum,
695 1398 742 1447 ex
767 1377 994 1447 vetustissima
1021 1373 1208 1447 traditione:
1237 1374 1325 1446 dona
1350 1374 1407 1446 ubi
1430 1373 1472 1446 ad
1494 1374 1601 1446 altare
1627 1373 1716 1445 illata

342 1501 435 1580 sunt,
463 1490 582 1587 duplici
609 1491 706 1580 velo,
732 1492 853 1580 majori
879 1501 914 1562 et
938 1491 1057 1561 minori
1076 1501 1249 1583 teguntur,
1272 1499 1306 1562 et
1320 1493 1544 1563 incensantur.
1583 1490 1717 1560 Dicun-

341 1615 394 1676 tur
419 1609 549 1678 interea
580 1609 698 1676 variae
733 1608 924 1695 orationes,
951 1605 1151 1698 Trisagium‚
1179 1605 1295 1677 Gloria
1328 1607 1362 1676 in
1397 1604 1560 1677 excelsis:
1593 1603 1718 1676 Psalmi

344 1721 484 1815 aliquot:
509 1719 634 1816 Hymni
661 1719 788 1794 diversi
815 1720 997 1793 secuudum
1024 1720 1114 1812 dies,
1142 1723 1289 1793 carmine
1314 1719 1539 1816 Ephremitico
1565 1719 1624 1790 vel
1648 1719 1716 1791 Ja-

343 1837 504 1908 cohitico:
531 1834 719 1908 Prooemia.
773 1836 904 1908 Deinde
930 1835 1085 1928 leguntur
1111 1839 1279 1908 sectiones
1308 1859 1353 1908 ex
1370 1835 1532 1932 Epistohs
1550 1834 1657 1925 Pauli,
1685 1843 1719 1906 et

343 1949 542 2039 Catholicis,
570 1936 761 2045 aliquando
775 1974 821 2023 ex
846 1952 942 2024 Actis
967 1951 1207 2047 Apostolorum
1235 1960 1270 2023 et
1295 1974 1342 2023 ex
1359 1951 1718 2041 VeteriTestamento,

339 2067 435 2157 juxta
461 2064 589 2138 indices
616 2069 671 2159 qui
697 2063 859 2138 habentur
885 2069 919 2137 in
946 2066 1107 2159 singulari
1134 2067 1271 2155 codice,
1304 2089 1414 2161 neque
1449 2069 1537 2137 enim
1568 2077 1605 2138 ut
1632 2066 1719 2162 apud

342 2180 503 2269 Latinos,
528 2179 709 2253 Lectiones
735 2180 830 2254 libris
856 2181 1048 2255 hlissahbus
1075 2186 1279 2271 inseruntur,
1307 2180 1368 2254 sed
1394 2191 1550 2276 petuntur
1576 2204 1622 2252 ex
1641 2181 1717 2253 Le-

344 2297 534 2383 ctionariis,
563 2317 649 2389 quae
677 2294 764 2390 apud
791 2293 917 2392 Syros,
945 2308 980 2369 et
1005 2297 1152 2393 reliquos
1168 2297 1356 2370 Orientales
1371 2295 1546 2386 hahentur,
1572 2307 1608 2369 ut
1631 2296 1718 2393 apud

344 2411 495 2484 Graecos
528 2407 920 2512 Ἀποπολωωγγιιια.
979 2413 1124 2503 Preces,
1158 2412 1475 2507 henedictionesque
1511 2411 1719 2503 Sacerdotis,

343 2523 548 2600 hortationes
574 2527 718 2598 Diaconi
744 2527 786 2600 ad
812 2529 990 2624 populum,
1016 2530 1157 2622 singulis
1192 2526 1391 2601 lectionibus
1427 2528 1652 2621 adjunguntur
1688 2538 1722 2600 et

344 2642 463 2714 eodem
491 2651 625 2732 tenore,
660 2653 759 2714 antea
791 2644 849 2715 vel
880 2644 980 2739 paulo
1020 2655 1099 2740 post
1125 2643 1275 2716 dicuntur
1314 2644 1482 2714 orationes
1518 2642 1718 2742 Εἱρηνικαί,

344 2762 419 2832 sive
445 2780 508 2854 pro
534 2780 637 2854 pace,
666 2769 700 2829 et
726 2758 799 2831 aliis
825 2757 996 2832 beneficiis
1024 2782 1110 2855 quae
1137 2784 1157 2832 a
1183 2759 1259 2831 Deo
1286 2757 1510 2856 postrdantur,
1536 2767 1720 2854 praeeunte

343 2873 514 2946 Diacono:
541 2873 728 2946 Sacerdote
756 2885 921 2948 secretam
948 2877 1131 2946 orationem
1158 2879 1287 2948 interea
1313 2877 1562 2970 pronunciante,
1588 2884 1623 2945 et
1648 2894 1719 2969 po-

343 2989 421 3085 pulo
450 2989 655 3061 acclamante
681 2989 791 3081 Kyrbe
805 2990 942 3060 elciaco.
977 2988 1223 3086 Seriphuarum
1241 2989 1342 3063 lectio
1357 2989 1394 3062 ht
1404 2993 1545 3084 primum
1559 2989 1719 3086 Syriace:

345 3113 378 3175 et
403 3113 524 3199 postea
549 3103 718 3194 Arabico,
746 3126 833 3199 quae
858 3103 972 3196 lingua
999 3113 1051 3179 est
1076 3108 1243 3177 maximae
1268 3110 1373 3202 partis
1407 3107 1553 3180 Orientis
1586 3127 1719 3177 verua-

345 3221 429 3292 cula.
482 3217 543 3290 His
570 3222 715 3314 peractis
746 3223 875 3292 canitur
900 3221 1044 3316 Syrisce
1077 3243 1097 3292 a
1129 3221 1254 3317 populo
1286 3221 1470 3294 Nicaenum
1504 3219 1719 3316 Symbolum:

345 3333 514 3407 Sacerdos
541 3355 658 3406 manus
685 3319 793 3407 lavat:
821 3335 1031 3408 commendat
1056 3356 1096 3408 se
1122 3338 1403 3408 circumstantium
1428 3337 1585 3432 precibus
1601 3345 1636 3408 et
1661 3339 1719 3406 in-

346 3454 465 3545 cipitur
489 3449 690 3546 Anaphora,
723 3456 797 3525 sive
824 3437 922 3525 sacra
953 3451 1065 3523 Actio.
1124 3449 1215 3522 lllius
1248 3453 1374 3522 initium
1408 3461 1461 3524 est
1495 3453 1602 3522 oratio
1642 3463 1720 3523 aute

346 3566 494 3640 osculum
520 3569 634 3660 pacis,
661 3576 696 3638 et
722 3578 899 3662 antequam
926 3566 1055 3638 dicatur
1081 3575 1236 3660 superest
1261 3569 1295 3638 in
1321 3566 1494 3639 codicibus
1507 3559 1628 3638 Mssa
1648 3588 1719 3637 ve-

346 3691 398 3754 tus
424 3679 567 3754 formula
593 3681 745 3773 ejiciendi
771 3682 943 3754 audientes
970 3692 1005 3753 et
1034 3683 1261 3777 poenitentes,
1295 3685 1391 3757 testis
1425 3685 1579 3776 antiquae
1612 3680 1720 3754 disci-

345 3797 465 3892 plinae.
518 3797 603 3868 Τιιιιι
629 3795 818 3869 benedictio
846 3799 1090 3892 antiquissima:
1118 3797 1256 3871 Caritas
1287 3797 1358 3869 Dei
1392 3799 1531 3885 Patria,
1567 3801 1634 3866 etc.
1666 3798 1720 3868 si-

346 3933 446 4005 gnum
475 3913 584 3984 crucis
612 3931 714 4008 super
739 3913 905 4014 populum.

357 4083 362 4094 ι
449 4025 533 4098 Post
558 4027 708 4099 osculum
735 4033 847 4126 pacis,
874 4028 1015 4100 Sursum
1042 4029 1151 4099 corda
1184 4038 1219 4100 et
1248 4028 1394 4124 reliqua,
1430 4029 1524 4118 cujus
1558 4024 1722 4098 formulae

346 4142 468 4237 ubique
494 4151 655 4237 receptae
680 4145 715 4214 in
741 4142 893 4216 omnibus
921 4146 1158 4239 cujuscumque
1183 4142 1318 4235 linguae
1344 4143 1505 4237 Liturgiis
1523 4151 1617 4214 extat
1642 4163 1721 4212 me-

347 4262 465 4330 moria.
518 4255 689 4328 Praelatio
717 4281 803 4353 quae
831 4269 884 4332 est
902 4259 943 4331 de
959 4261 1140 4351 gratiarum
1156 4261 1298 4346 actione,
1317 4257 1535 4352 laudibusque
1553 4257 1595 4330 ad
1613 4258 1721 4328 Deum

346 4371 533 4445 referendis
559 4383 700 4469 propter
726 4377 837 4445 omnia
863 4377 897 4445 in
923 4397 1030 4467 genus
1055 4373 1229 4445 humanum
1249 4371 1424 4464 beneficia,
1451 4375 1643 4461 creationis,
1663 4371 1722 4442 le-
1831 4421 1838 4431 .

347 4492 400 4580 gis
426 4487 679 4584 promulgatae,
705 4493 874 4562 missionis
901 4489 1159 4586 Prophetarum,
1185 4487 1318 4560 taudem
1351 4488 1556 4561 liberationis
1588 4487 1721 4558 humani

348 4605 483 4695 generis
509 4625 572 4698 per
597 4605 883 4694 lucarnationem,
911 4603 1157 4700 salutaremque
1184 4603 1465 4700 dispensationem
1493 4601 1615 4675 Christi
1640 4601 1720 4674 Do-

348 4721 435 4789 mini.
502 4715 659 4814 Sequitur
693 4723 726 4791 in
759 4719 979 4793 Praelationis
1014 4719 1085 4792 line·
1115 4719 1267 4816 Hymnus
1303 4718 1528 4810 Cherubicus,
1561 4717 1721 4808 Sanctus,

348 4833 508 4923 Sanctam,
534 4833 695 4926 Sanctam,
722 4839 778 4929 qui
804 4838 932 4908 canitur
959 4859 978 4906 a
1004 4835 1138 4934 populo.

380 4971 505 5015 ronmu
1489 4949 1513 5023 3
