4814 6060
654 685 730 759 476
1158 681 1516 776 titulato

654 870 874 964 Archangeli:
902 871 1032 965 quando
1060 867 1145 942 solia
1171 867 1347 964 Apostolis
1380 866 1649 957 collocabuntur,
1685 879 1719 939 et
1746 868 1913 962 judicabis
1949 894 2024 943 cum

656 991 822 1082 aequitate
849 986 958 1060 bonos
986 997 1020 1058 et
1045 981 1171 1073 malos,
1202 1007 1467 1082 unumquemque
1494 982 1674 1058 secundum
1701 988 1828 1060 merita.
1883 987 2023 1073 Quando

654 1101 819 1175 carbones
853 1125 926 1174 cum
961 1103 1097 1196 strepitu
1130 1099 1311 1190 ardebunt,
1345 1111 1378 1172 et
1410 1098 1540 1172 bamma
1574 1123 1661 1196 quae
1692 1123 1759 1204 non
1793 1107 2022 1196 extinguetur:

654 1218 784 1313 quando
812 1221 1071 1290 intercessiones
1098 1238 1164 1288 non
1187 1219 1254 1309 jam
1282 1217 1520 1311 suscipientur,
1557 1228 1590 1288 et
1623 1217 1878 1313 deprecationes
1905 1221 2022 1316 repel-

651 1335 777 1406 lentur:
805 1334 936 1430 qnando
964 1337 1130 1406 cruciatus
1158 1331 1285 1427 absque
1311 1331 1538 1404 misericordia
1565 1343 1725 1406 statuetur
1752 1335 1916 1408 adversus
1943 1359 2021 1408 ma-

651 1450 719 1522 los:
761 1450 891 1544 qnando
925 1452 1007 1546 ipsis
1041 1453 1184 1542 gemitus
1221 1459 1254 1520 at
1293 1447 1390 1520 dolor
1421 1451 1500 1520 erit:
1536 1447 1667 1543 quando
1698 1454 1778 1544 justi
1813 1449 2020 1547 voluptatem

651 1563 915 1654 haereditabunt,
943 1576 977 1638 et
1003 1569 1092 1662 impii
1119 1569 1151 1636 in
1179 1565 1332 1658 gehenna
1359 1565 1614 1660 torquebuntur:
1642 1567 1773 1659 quando
1801 1567 1932 1640 occulta
1958 1590 2020 1640 re-

651 1680 860 1768 velabuntur,
888 1693 922 1754 et
948 1705 1052 1778 opera
1079 1678 1365 1768 examinabuntur,
1396 1693 1496 1776 atque
1523 1703 1640 1754 omnes
1666 1681 1815 1756 homines
1842 1689 1877 1755 in
1902 1686 2020 1756 timore
2111 1761 2116 1768 ,

653 1810 687 1870 et
713 1809 859 1870 tremore
885 1819 1008 1890 magno
1043 1801 1234 1870 consistent.
1295 1794 1430 1888 lnbac
1465 1795 1548 1869 bora
1581 1797 1718 1869 terribili
1744 1798 1888 1873 Domine
1922 1797 2020 1895 plene

651 1914 891 2000 misericordia,
918 1936 961 1985 ne
987 1924 1122 1987 avertas
1148 1913 1271 1985 faciem
1296 1922 1384 1985 tuam
1412 1936 1432 1983 a
1460 1912 1576 1985 nobis:
1601 1936 1667 1986 non
1689 1916 1791 1990 intres
1811 1919 1845 1987 in
1864 1915 2020 2007 judicium

652 2029 844 2120 nobiscnm,
873 2051 940 2120 non
969 2031 1011 2103 ad
1038 2052 1181 2104 examen
1208 2028 1354 2102 adducas
1380 2050 1461 2118 nos,
1496 2051 1539 2101 ne
1567 2029 1794 2102 contusionem
1821 2030 2019 2104 inconsola-

651 2145 748 2218 bilem
777 2144 873 2220 nobis
899 2150 1054 2221 incutias:
1090 2169 1134 2218 ne
1167 2147 1301 2238 rejicias
1333 2167 1397 2218 nos
1430 2168 1477 2217 ex
1503 2167 1641 2218 numero
1668 2168 1844 2220 servorum
1871 2158 2019 2220 tuorum:

651 2283 694 2331 ne
721 2261 865 2357 repellas
892 2285 955 2334 nos
983 2262 1024 2335 ab
1053 2268 1140 2336 ostio
1174 2262 1306 2336 thalami
1340 2263 1403 2333 tui:
1438 2283 1482 2333 ne
1515 2261 1607 2334 dicas
1640 2258 1753 2348 nobis,
1788 2266 1904 2334 nescio
1937 2286 2018 2337 vos:

650 2399 694 2448 ne
727 2400 881 2450 numeres
915 2400 977 2450 nos
1010 2382 1096 2452 inter
1128 2378 1363 2451 crucifixores:
1400 2400 1442 2450 ne
1478 2381 1662 2449 cruciemur
1695 2400 1768 2449 cum
1804 2376 1866 2450 illis
1899 2383 1953 2474 qni
1986 2389 2019 2451 te

652 2515 719 2564 non
745 2505 924 2584 noverunt
949 2517 1059 2589 neque
1085 2494 1208 2591 perdas
1236 2514 1298 2565 nos
1321 2517 1401 2565 cum
1426 2492 1489 2566 illis
1518 2497 1573 2590 qui
1601 2503 1633 2564 te
1655 2514 1720 2564 uon
1740 2492 1936 2567 dilexerunt.
1967 2495 2020 2570 Ne

651 2608 763 2680 badas
789 2631 852 2680 nos
879 2609 1047 2705 suppliciis
1080 2609 1248 2696 timendis,
1279 2630 1347 2680 non
1380 2611 1414 2679 in
1447 2608 1588 2682 stridere
1620 2608 1765 2680 dentium
1798 2612 1919 2684 simus:
1950 2635 2019 2684 non

652 2723 803 2816 abneges
829 2746 890 2798 nos
918 2747 1025 2821 neque
1052 2726 1144 2799 dicas
1171 2724 1280 2812 nobis,
1308 2728 1383 2820 quia
1411 2747 1479 2797 uon
1505 2727 1585 2796 novi
1605 2746 1680 2798 vos.
1714 2723 1806 2796 Vere
1828 2719 1916 2798 enim
1930 2751 2018 2824 pec-

651 2842 816 2928 cavimus,
849 2863 957 2936 neqne
989 2865 1155 2915 meremur
1181 2842 1442 2914 misericordiam
1468 2844 1629 2935 consequi
1655 2845 1917 2936 perpessiones
1943 2855 2017 2916 tuus

650 2966 802 3045 sanctas,
832 2966 865 3028 et
889 2981 952 3055 per
979 2981 1111 3031 crucem
1138 2967 1227 3031 tuam
1254 2958 1441 3031 salutarem.
1494 2957 1547 3029 Ne
1573 2956 1738 3029 retribuas
1765 2955 1863 3029 nubis
1889 2981 2017 3032 secun-

650 3072 725 3144 dum
753 3095 857 3168 opera
883 3083 997 3147 nostra
1023 3074 1129 3164 mala;
1155 3074 1216 3146 sed
1242 3073 1401 3146 confitere
1427 3095 1502 3162 nos,
1528 3073 1622 3145 Deus
1649 3084 1764 3145 noster
1790 3070 1955 3167 benigne,
1982 3080 2017 3148 in

648 3188 705 3259 illo
733 3199 893 3285 tempore.
946 3189 1111 3262 Miserere
1137 3189 1252 3276 nobis,
1286 3191 1477 3262 miserator:
1511 3199 1584 3262 esto
1611 3187 1708 3261 nobis
1735 3200 1870 3263 curator
1896 3188 2017 3283 bonus,

648 3305 750 3376 Pater
776 3302 922 3378 clemens
956 3315 990 3378 et
1022 3309 1232 3380 misericors:
1266 3308 1397 3400 respice
1432 3315 1660 3401 paupertatem
1694 3316 1859 3380 nostram:
1892 3307 2014 3400 adjuva

647 3420 864 3500 infirmitatem
881 3433 1042 3494 nostram:
1069 3424 1230 3518 propitius
1247 3430 1319 3494 esto
1336 3431 1369 3494 et
1387 3425 1548 3494 miserere
1563 3423 1661 3496 nobis
1677 3421 1846 3494 omnibus:
1874 3427 2016 3516 ignosce

647 3533 894 3630 peccatoribus:
922 3537 1099 3609 sanctifica
1115 3539 1337 3634 poenitentes:
1366 3537 1489 3610 dimitte
1516 3560 1602 3634 quae
1622 3541 1816 3634 insipienter
1836 3543 2016 3614 commissa

648 3661 732 3724 sunt.
777 3649 909 3725 Exaudi
936 3677 1056 3750 preces
1083 3654 1195 3751 populi
1229 3656 1291 3743 tui,
1317 3654 1479 3742 Domine,
1515 3658 1630 3750 aspice
1662 3657 1805 3748 gemitus
1839 3651 2015 3730 servorum

649 3777 795 3858 tuorum,
830 3771 963 3865 suscipe
995 3769 1250 3865 deprecationes
1284 3768 1489 3842 adorantium
1515 3781 1565 3859 te,
1599 3771 1777 3866 adquiesce
1802 3771 2014 3868 petitionibus

650 3881 896 3977 deprecantium
923 3895 965 3957 te.
1018 3883 1123 3958 Salva
1149 3907 1212 3958 nos
1239 3909 1258 3958 a
1291 3907 1408 3958 verme
1442 3886 1499 3961 illo
1534 3889 1589 3984 qui
1623 3909 1690 3960 non
1704 3935 1708 3946 ·
1722 3890 1876 3960 moritur:
1908 3887 2014 3961 libera

648 4020 711 4070 nos
738 4023 758 4070 a
792 4002 875 4072 mari
910 4001 1087 4074 metuendo
1123 4005 1225 4094 ignis:
1259 4005 1352 4098 eripe
1385 4025 1447 4076 nos
1481 4027 1499 4074 a
1533 4012 1640 4076 morte
1675 4005 1839 4078 secunda:
1871 4015 2014 4100 protege

648 4136 711 4186 nos
739 4115 800 4188 sub
828 4114 888 4190 alis
916 4118 1166 4191 misericordiae
1192 4127 1278 4190 tuae.
1313 4118 1470 4192 nac-nos
1499 4119 1619 4212 dignos
1645 4121 1767 4214 gaudio
1795 4119 1850 4193 illo
1878 4119 2014 4193 indeie-

649 4231 770 4324 ctibili‚
798 4244 831 4306 et
856 4245 995 4331 propter
1020 4234 1120 4323 haee,
1147 4233 1300 4308 Ecclesia
1328 4245 1382 4308 tua
1409 4238 1582 4332 poenitens
1610 4235 1807 4334 deprecatur
1834 4247 1865 4309 te
1893 4248 1927 4310 et
1951 4260 2014 4332 per

648 4357 697 4434 ῐο,
726 4358 825 4444 atque
851 4359 958 4422 tecum
984 4350 1118 4422 Patrem
1144 4361 1252 4439 mum,
1280 4350 1403 4425 dicens.

750 4464 911 4558 Populus.
945 4463 1134 4538 'Miserere
1454 4475 1456 4480 ’

751 4579 934 4655 Sacerdos.
987 4581 1058 4656 Nos
1087 4604 1229 4679 quoque.

751 4697 937 4770 Dipoenus.
991 4697 1269 4818 nranimento
1295 4710 1347 4774 est
1371 4699 1455 4772 haee
1481 4698 1573 4772 bora.

747 4897 749 4903 ,
781 4917 956 4992 &cardea
980 4921 1163 4994 inclinatus
1187 4921 1273 4992 dicit
1298 4923 1552 4995 devocationem
1577 4922 1728 5018 Spiritus
1752 4928 1873 4997 suncti.
1951 4899 1954 4910 ι

751 5070 943 5184 Μθίιοῑίαῐη
971 5076 1025 5166 qui
1051 5077 1096 5146 tui
1121 5085 1236 5172 typum
1262 5099 1359 5169 gero,
1385 5086 1545 5174 peccator
1569 5077 1647 5150 licet
1672 5089 1706 5152 et
1730 5079 1895 5165 infirmus,
1920 5101 2009 5186 pro-

648 5187 746 5281 pitius
773 5197 847 5261 esto
875 5187 1161 5286 deprecationibus
1187 5201 1221 5266 et
1246 5192 1405 5292 lacrymis
1431 5193 1595 5283 Domine,¹
1617 5205 1651 5268 et
1675 5198 1856 5271 universae
1880 5195 2009 5268 baere-
