4784 6040
696 648 774 723 400
1205 648 1607 770 irrorata

798 835 961 928 Populus.
1013 835 1157 907 Etcum
1185 837 1302 929 spiritu
1328 844 1396 906 hro.

799 951 984 1023 Sacerdos.
1037 949 1177 1024 Sursum
1204 949 1319 1021 corda.

800 1066 962 1158 Paprdas.
1015 1065 1186 1138 Habemus
1214 1065 1257 1136 ad
1283 1064 1471 1136 Dominum.

798 1181 981 1254 Sacerdos.
1037 1180 1169 1252 Gratias
1197 1201 1359 1272 agamus..

797 1297 959 1390 Populus.
1012 1296 1157 1388 Dignum
1186 1305 1220 1366 et
1233 1299 1358 1388 justum
1386 1303 1447 1368 est.

798 1412 975 1485 Sacerdos
1000 1413 1193 1484 iucttaatos.
1246 1411 1339 1482 Vere
1371 1410 1504 1504 dignum
1542 1419 1576 1482 et
1604 1413 1728 1503 justum
1767 1423 1838 1503 est,
1879 1413 2003 1488 decens
2037 1425 2070 1488 et

696 1527 857 1618 debitum,
885 1537 920 1598 ut
946 1529 1185 1621 glorificemus,
1211 1526 1402 1613 laudemus,
1430 1548 1588 1598 canamus
1616 1537 1650 1599 et
1680 1527 1923 1600 sanctificemus
1950 1539 1984 1600 te
2010 1528 2070 1602 ia-

694 1656 821 1717 ctarem
850 1649 958 1717 omnis
986 1655 1172 1730 creaturae,
1199 1641 1341 1716 visibilis
1369 1653 1402 1713 et
1428 1641 1652 1734 intelligibilis.

798 1760 948 1832 Eteaaos
974 1783 1100 1831 aecem.
1136 1759 1187 1830 Te
1214 1761 1303 1829 enim
1328 1756 1528 1830 benedicunt
1555 1757 1821 1844 etsanctilioant,
1849 1781 1923 1830 cum
1949 1763 2069 1848 timore

695 1889 729 1949 et
754 1886 900 1947 tremore
928 1898 1063 1968 magno,
1092 1875 1226 1948 ordines
1253 1876 1340 1966 ignis
1368 1883 1402 1945 et
1428 1876 1579 1968 spiritus:
1616 1883 1801 1969 potestates
1827 1873 1904 1946 illae
1929 1874 2067 1950 beatae:

696 1995 830 2084 agmina
857 1989 1058 2064 llsmmantia
1085 2013 1281 2062 numerosa:
1310 1988 1515 2062 substantiae
1532 1994 1749 2086 principatus,
1778 1989 1980 2085 ordinesque
2006 2015 2069 2066 su-

693 2112 809 2203 perni:
837 2107 974 2180 militiae
1001 2108 1193 2200 gloriosae,
1219 2128 1387 2201 personae
1419 2109 1541 2197 igneae
1573 2105 1789 2178 honorandae
1820 2115 1854 2176 et
1871 2108 2068 2180 timendae:

693 2225 818 2317 Angeli
847 2246 980 2320 quaque
1007 2232 1041 2294 et
1066 2222 1286 2314 Archangeli,
1319 2226 1374 2318 qui
1400 2226 1602 2296 constituunt
1628 2232 1745 2295 coetus
1779 2221 1970 2316 splendidas
2005 2244 2067 2294 ar-

694 2340 825 2414 dinatos
853 2339 894 2410 ad
921 2339 1052 2412 laudem
1080 2349 1185 2410 tuam:
1214 2336 1392 2410 Cherubim
1420 2336 1561 2430 subjecti
1594 2361 1668 2410 cum
1705 2349 1851 2410 tremore
1878 2338 1935 2411 tibi
1963 2361 2066 2412 areu-

693 2458 770 2560 tori,
796 2466 1036 2552 portantesque
1062 2439 1270 2545 majestatem
1297 2463 1404 2526 tuam:
1431 2452 1606 2550 Seraphim
1639 2477 1703 2528 sex
1729 2455 1791 2526 alis
1818 2456 1986 2546 instructi,
2013 2460 2068 2552 qui

694 2571 876 2643 circulatim
904 2571 1105 2644 benedicunt
1131 2569 1200 2657 tibi,
1228 2579 1262 2641 et
1288 2569 1420 2666 hymnis
1446 2570 1522 2643 Dea
1557 2570 1666 2663 dignis
1702 2568 1867 2642 extollunt
1893 2580 1942 2658 te,
1978 2593 2066 2643 can-

693 2685 847 2782 tibusque
871 2685 1033 2759 suavibus
1061 2697 1095 2758 et
1117 2685 1272 2778 jucundis
1298 2685 1434 2758 laudant
1460 2694 1505 2779 te,
1532 2686 1688 2759 volantes
1723 2707 1806 2760 unus
1840 2685 1883 2757 ad
1916 2686 2065 2776 alterum,

693 2803 875 2876 clamantes
902 2814 935 2874 et
962 2802 1120 2874 dicentes.

797 2917 958 3010 Populus.
1011 2915 1166 2990 Sanctus.

797 3032 973 3105 Sacerdos
999 3033 1192 3103 tactiootus.
1246 3029 1389 3104 Sanctus
1417 3034 1504 3102 enim
1532 3054 1569 3104 es
1596 3032 1697 3106 Pater
1722 3034 1866 3126 luminis,
1894 3039 2065 3132 omnisque

693 3152 877 3224 sanctitatis
915 3150 1072 3242 languor:
1115 3159 1250 3222 sanctus
1295 3152 1393 3220 etiam
1432 3151 1621 3242 unigenitus
1661 3149 1772 3224 Filius'
1801 3162 1888 3242 tuus,
1916 3153 2064 3225 salvator

693 3269 838 3339 amnium
881 3275 1122 3337 areaunarum:
1164 3275 1298 3338 sanctus
1339 3286 1471 3360 quoque
1510 3265 1652 3362 Spiritus
1701 3277 1775 3340 tuus
1815 3277 1960 3342 sanctus.
2014 3270 2064 3341 l'u

693 3385 804 3454 omnia
831 3384 982 3453 contines
1010 3390 1043 3452 et
1070 3384 1181 3454 omniu
1207 3389 1317 3476 potes,
1346 3383 1399 3476 qui
1426 3378 1534 3452 iecisti
1553 3381 1720 3454 bominem
1737 3386 1886 3480 primum,
1915 3386 1957 3457 ad
1977 3389 2064 3458 irua-

693 3501 805 3588 ginem
833 3507 936 3568 tuam:
964 3500 993 3568 is
1021 3508 1131 3569 autem
1158 3518 1232 3567 cum
1259 3494 1447 3566 mandatum
1475 3506 1564 3568 tuum
1591 3506 1684 3570 esset
1715 3508 1968 3592 transgressus,
1999 3525 2065 3576 nun

694 3612 870 3693 deseruisti
898 3635 991 3701 eum,
1026 3622 1060 3683 ut
1085 3616 1119 3684 in
1146 3615 1362 3707 corruptione
1387 3621 1635 3701 veterasceret,
1669 3613 1730 3686 sed
1762 3618 1879 3690 misisti
1915 3617 1958 3688 ad
1991 3641 2065 3690 eum

692 3729 944 3823 praedicatores
971 3731 1045 3799 veri
1072 3739 1106 3800 et
1121 3730 1230 3824 aequi,
1257 3729 1537 3823 expositoresque
1558 3750 1669 3801 rerum
1684 3728 1963 3804 absconditarum.
1990 3733 2065 3828 lpse

692 3867 777 3917 vero
805 3866 879 3915 cum
908 3831 1071 3916 adversus
1097 3843 1302 3916 voluntatem
1331 3853 1419 3914 tuam
1445 3840 1662 3933 rebellasset,
1694 3846 1828 3919 tandem
1853 3868 1915 3941 per
1941 3849 2064 3940 unige-

692 3963 794 4031 nitum
821 3959 941 4031 Filium
968 3970 1070 4048 tuum,
1097 3981 1172 4030 eum
1200 3959 1352 4045 salvasti,
1380 3967 1413 4029 et
1429 3947 1481 4028 *ad
1507 3958 1597 4032 bona
1623 3964 1762 4056 pristina
1789 3963 1971 4032 restituisti.
2003 3944 2006 3954 ⁵

796 4075 946 4147 Eleaaas
971 4097 1097 4146 aecem.
1156 4075 1284 4147 Valens
1318 4085 1427 4146 autem
1457 4079 1580 4167 juvare
1612 4077 1805 4168 ligmentum
1839 4098 1934 4149 suum
1962 4066 2063 4148 ‘donis

693 4193 782 4278 suis,
811 4201 844 4262 et
869 4194 1042 4286 imperium
1069 4194 1185 4264 mortis
1212 4201 1320 4263 morte
1348 4213 1408 4263 sua
1437 4190 1626 4264 destruere:
1662 4197 1736 4287 ipse
1760 4200 1840 4266 ante
1872 4193 2063 4287 passionem

692 4328 787 4378 suam
814 4305 991 4378 salutarem
1019 4311 1150 4403 accepit
1174 4330 1295 4402 panem
1322 4329 1423 4402 super
1449 4329 1566 4386 manus
1587 4330 1666 4383 suas
1683 4330 1797 4404 puras,
1824 4305 2062 4396 immaculatas,

691 4432 725 4492 et
751 4421 910 4513 illibatas,
937 4433 970 4493 et
996 4428 1132 4519 aspexit
1157 4424 1199 4495 ad
1227 4435 1259 4495 te
1285 4424 1378 4495 Deus
1405 4423 1524 4512 Pater3
1552 4433 1586 4495 et
1611 4428 1737 4516 gratim
1771 4446 1878 4517 agens
1905 4431 1925 4506 †
1952 4424 2062 4497 bene-

578 4631 580 4636 !
692 4536 775 4609 dixit
804 4544 825 4620 †
852 4537 1089 4628 sanctificavit,
1121 4547 1141 4622 †
1174 4539 1293 4632 fregit,
1329 4537 1482 4632 deditque
1519 4539 1688 4635 discipulis
1720 4543 1789 4613 suis
1823 4551 1857 4612 et
1890 4539 2062 4634 Apostolis

691 4656 814 4726 sanctis
843 4653 972 4727 dicens:
1010 4657 1167 4748 accipite,
1194 4655 1391 4727 manducate
1417 4676 1464 4725 ex
1491 4677 1551 4727 eo:
1583 4655 1657 4728 Hac
1690 4667 1742 4730 est
1776 4655 1909 4755 Corpus
1945 4677 2062 4744 meum,

690 4770 797 4861 ipsum
826 4769 915 4864 quod
940 4791 1003 4863 pro
1030 4770 1131 4843 vobis
1157 4771 1333 4863 frangitur,
1361 4777 1395 4840 et
1421 4770 1533 4859 datur,
1560 4774 1593 4842 in
1611 4775 1839 4869 expiationem
1859 4770 2062 4860 delictorum,

691 4886 922 4958 remissionem
948 4897 1185 4980 peccatomm,
1213 4897 1246 4958 et
1272 4891 1375 4961 vitam
1403 4900 1574 4963 aeternam
1602 4889 1856 4989 suscipientibus
1883 4888 1973 4962 illud.

794 5000 957 5092 Populus.
1010 5003 1132 5088 Amen.

796 5115 981 5188 Sacerdos.
1035 5116 1193 5192 Similiter
1220 5130 1255 5192 et
1280 5120 1417 5193 cahcem
1445 5134 1622 5218 postquam
1648 5132 1894 5213 coenaverunt,
1920 5123 2061 5194 miscens
