4782 6068
629 603 704 675 606
1197 598 1428 676 NOTAE

629 788 731 850 dicunt
754 783 940 865 Orientales,
973 785 1114 848 uniantur
1135 801 1247 864 corpus
1270 789 1301 847 et
1322 785 1465 866 sanguis,
1496 785 1554 848 etsi
1582 783 1648 848 aliis
1671 784 1848 850 Christianis
1870 803 1932 850 non
1953 791 2000 848 est

626 889 658 948 in
680 886 917 965 morepositum,
940 901 1001 947 non
1022 884 1117 965 magis
1140 882 1177 946 ad
1201 880 1341 946 haeresin
1363 882 1483 945 occulte
1499 881 1725 965 significandam
1746 886 1889 967 pertinet,
1911 902 1999 964 mam

626 986 762 1051 intinctio
786 991 816 1045 et
838 984 995 1065 utriusque
1018 982 1134 1063 speciei
1157 981 1340 1060 commistio,
1370 981 1409 1046 de
1431 1000 1491 1063 qua
1512 983 1590 1046 idem
1614 983 1673 1045 dici
1701 986 1827 1064 poterit,
1856 985 1939 1066 quod
1960 983 1999 1046 de

626 1083 678 1148 illa
700 1084 808 1146 fissura
829 1081 1061 1162 Diampcrenses
1086 1080 1306 1163 judicaverunt.
1350 1079 1549 1146 Nestorianos
1572 1099 1665 1164 porro
1688 1084 1817 1147 credere
1839 1085 1895 1148 sub
1918 1100 1997 1163 panc

627 1180 725 1244 solum
755 1199 867 1261 corpus
899 1179 1026 1258 Christi,
1056 1179 1111 1243 sub
1141 1180 1204 1242 vini
1225 1179 1329 1261 specie
1352 1179 1449 1245 solum
1472 1182 1665 1262 sanguinem,
1693 1201 1782 1247 nemo
1805 1182 1865 1246 lide
1887 1183 1997 1265 dignus

626 1298 756 1362 unquam
779 1278 836 1342 illis
860 1280 984 1362 objecit:
1007 1280 1186 1362 praesertim
1201 1281 1279 1344 inter
1292 1279 1462 1344 Orientales
1485 1281 1535 1360 qui
1558 1280 1705 1344 adversus
1719 1281 1838 1344 illorum
1853 1283 1997 1346 haereses

627 1378 696 1443 data
718 1396 813 1461 opera
836 1381 1033 1460 scripserunt.
1066 1378 1172 1461 Neque
1194 1379 1290 1441 simile
1311 1380 1472 1461 quidquam
1495 1397 1535 1442 ex
1555 1379 1658 1442 verbis
1674 1382 1817 1444 orationis
1842 1399 1919 1462 quae
1941 1399 1997 1443 re·
2024 1433 2027 1438 .

627 1480 745 1556 citatur,
768 1479 837 1542 dum
860 1479 892 1541 lit
913 1480 985 1542 unio
1008 1480 1164 1559 utriusque
1187 1479 1312 1560 speciei,
1336 1478 1404 1541 elici
1425 1485 1534 1560 potest,
1558 1495 1625 1540 cum
1647 1479 1753 1542 iisdem
1776 1481 1895 1542 omnino
1919 1496 1997 1541 con-

627 1585 687 1640 stet
709 1595 747 1640 ea
770 1597 859 1660 quam
881 1577 1053 1642 Nestoriani
1074 1584 1237 1660 usurpant,
1270 1587 1300 1640 el
1330 1596 1417 1660 quam
1447 1577 1618 1640 Orientales
1649 1595 1753 1640 omnes
1783 1578 1906 1659 reliqui,
1937 1579 1996 1638 imo

625 1677 759 1740 Romana
787 1679 853 1757 ipsa
880 1678 1035 1756 Ecclesia,
1067 1695 1143 1758 quae
1174 1676 1259 1738 dicit:
1303 1676 1387 1738 llaec
1409 1678 1576 1738 commistio
1598 1684 1628 1738 et
1649 1680 1839 1740 cmnsecratio
1862 1679 1999 1757 corporis

626 1785 656 1839 et
676 1780 834 1857 comiciis
857 1777 972 1842 Obristi
991 1777 1123 1856 Domini,
1143 1779 1199 1856 fiat
1219 1777 1435 1856 accipientibus
1456 1775 1544 1837 nobis
1566 1777 1597 1837 in
1618 1778 1712 1838 citam
1730 1785 1903 1851 aetenam
1924 1776 1999 1838 Nam

626 1877 678 1958 qui
700 1876 816 1939 dicunt:
851 1877 968 1940 Panem
987 1879 1058 1957 fieri
1078 1895 1191 1956 cormac
1213 1874 1344 1938 Christi:
1371 1877 1490 1938 mistum
1512 1875 1592 1955 qnod
1612 1875 1708 1936 colice
1731 1877 1899 1938 continetur
1920 1895 1998 1938 scn-

623 1977 743 2054 pninem
767 1974 896 2053 Cilicii,
926 1976 997 2039 nihil
1029 1975 1107 2038 aliud
1130 1974 1315 2057 significant,
1346 1993 1434 2055 quam
1464 1993 1541 2056 qaae
1564 1973 1702 2036 Christus
1724 1975 1790 2055 ipse
1813 1973 1998 2040 sacramenti

626 2075 776 2138 institutor
787 2075 943 2156 apostolis
959 2074 1088 2153 dicebat,
1111 2074 1149 2137 de
1165 2093 1245 2155 pane
1259 2072 1392 2154 quidem,
1414 2073 1480 2135 Hoc
1495 2081 1543 2134 est
1557 2091 1668 2152 corpas
1689 2093 1806 2136 menn·
1828 2075 1867 2138 de
1890 2075 1996 2153 calice,

624 2173 683 2235 llic
705 2181 751 2236 cst
772 2176 857 2237 cotie
877 2177 1035 2254 sonpainis
1056 2176 1131 2236 mci:
1162 2192 1240 2255 quae
1268 2174 1362 2235 verba
1392 2190 1454 2234 non
1484 2172 1668 2253 significant,
1699 2189 1810 2253 corpus
1838 2193 1908 2237 esse
1929 2176 1996 2237 sine

626 2275 787 2355 sanguine,
810 2281 862 2336 aut
884 2275 1060 2356 sanguinem
1083 2275 1148 2336 sine
1171 2290 1312 2354 corpore.
1336 2271 1498 2335 Orationes
1521 2279 1620 2333 autem
1641 2274 1745 2335 variae
1769 2293 1847 2354 quae
1860 2274 1998 2336 dicuntur

626 2372 807 2436 aDiaconis
834 2381 864 2436 et
892 2392 909 2434 a
937 2374 1069 2455 populo,
1100 2374 1182 2436 circa
1211 2380 1328 2453 tempus
1357 2372 1589 2449 communionis,
1619 2369 1816 2435 Nestorianos
1846 2373 1996 2436 mrllama

625 2472 750 2553 reliquis
774 2471 951 2535 Christianis
982 2474 1154 2554 opinionem
1176 2471 1289 2535 habere
1315 2470 1481 2547 diversam,
1509 2470 1582 2534 satis
1612 2473 1762 2534 evincunt.
1807 2472 1879 2536 Illae
1901 2491 1995 2554 porro

625 2589 686 2634 non
710 2578 742 2633 ut
765 2573 883 2652 positae
906 2579 976 2634 sunt
998 2574 1027 2634 in
1050 2571 1141 2634 llissa
1157 2563 1351 2646 llalalrarica,
1374 2570 1473 2633 solent
1493 2570 1626 2646 recitari,
1650 2571 1705 2633 sed
1727 2580 1852 2652 postaa3
1873 2580 1906 2634 ιιι
1928 2573 1997 2635 dum

625 2669 758 2733 secunda
775 2668 880 2733 fractio
895 2671 937 2747 lit,
961 2671 1060 2734 audiat
1082 2678 1112 2734 et
1127 2671 1207 2734 dieat
1222 2665 1363 2753 populus,
1386 2687 1422 2732 ca
1444 2688 1522 2750 quae
1544 2669 1581 2732 ad
1604 2669 1692 2732 iidem
1714 2670 1753 2732 de
1774 2672 1902 2734 veritate
1925 2687 1999 2733 cor-

625 2770 711 2851 poris
741 2777 772 2830 et
799 2769 955 2853 sanguinis
984 2770 1095 2835 Christi
1124 2771 1156 2832 in
1184 2769 1372 2833 Eucharistia
1402 2768 1650 2846 coufimnandam,
1686 2768 1888 2833 efficacissima
1916 2778 1997 2835 sunt.

627 2868 719 2931 'l'alcs
748 2867 858 2930 multae
889 2871 1042 2933 orationes
1064 2878 1170 2933 extant
1191 2888 1252 2932 non
1274 2869 1307 2931 in
1333 2868 1418 2931 libris
1446 2869 1543 2932 solum
1572 2867 1760 2946 blissalibus,
1789 2869 1846 2931 sed
1874 2871 1904 2932 in
1932 2869 1998 2933 aliis

626 2984 752 3048 precum
766 2968 1015 3048 quotidianarum,
1033 2976 1066 3032 ut
1080 2987 1141 3033 non
1153 2968 1366 3032 Sacerdotibus
1383 2975 1414 3030 et
1425 2966 1567 3030 Diaccnis
1591 2967 1674 3044 solis,
1697 2966 1752 3030 sed
1763 2968 1861 3030 LaIcis
1875 2985 1997 3050 qaoque

625 3065 786 3129 familiares
808 3069 875 3132 sint.
898 3067 930 3129 ln
953 3068 1011 3132 illis
1034 3070 1160 3151 primum
1182 3068 1281 3132 locum
1303 3066 1418 3130 obtinet
1439 3065 1488 3128 illa
1513 3067 1653 3130 celebris.
1676 3067 1758 3129 Ecce
1778 3071 1996 3149 mnuopcsitn

626 3167 720 3228 estin
738 3173 844 3227 sancto
867 3174 1052 3248 sanctornm,
1074 3168 1308 3248 sacerdotesqrw
1322 3168 1445 3248 cinqnnt
1466 3185 1552 3228 cnm:
1575 3169 1753 3247 inoccatqne
1763 3167 1911 3230 sacerdos
1923 3169 1999 3248 Spi-

624 3266 713 3326 ritum
735 3271 882 3342 sanctam,
904 3268 957 3346 qni
977 3269 1139 3348 requiescit
1158 3269 1191 3328 in
1208 3285 1291 3347 ponc
1313 3275 1343 3328 ct
1363 3268 1507 3328 miscetur
1528 3267 1559 3327 in
1582 3267 1686 3331 calice.
1720 3266 1764 3328 Ea
1786 3265 1880 3328 verba
1903 3267 1997 3328 mira-

626 3363 725 3426 culum
748 3362 927 3446 significant,
951 3374 981 3428 et
993 3366 1190 3429 immediatam
1208 3366 1416 3447 operationem
1434 3364 1562 3446 Spiritus
1574 3367 1670 3428 saneti
1685 3368 1715 3428 in
1733 3365 1812 3428 dona
1827 3366 1997 3446 proposita,

624 3471 765 3543 tanquam
788 3464 919 3527 auctoris
942 3471 973 3528 et
996 3465 1244 3528 consummatoris
1267 3465 1397 3527 omnium
1419 3463 1690 3528 sacramentorum.
1720 3466 1764 3528 lla
1786 3483 1879 3546 porro
1893 3464 1998 3527 Thec-

625 3562 708 3644 logia
739 3578 796 3622 nec
817 3561 973 3628 salebrosa
996 3573 1061 3643 est,
1090 3582 1149 3627 nec
1177 3581 1273 3639 nova,
1305 3581 1373 3627 cum
1394 3563 1549 3645 liturgiae
1579 3581 1683 3626 omncs
1720 3571 1753 3626 et
1773 3567 1870 3626 sancti
1892 3565 1997 3627 Patres

626 3653 735 3721 Graeci
757 3668 789 3722 et
810 3658 904 3726 Latini
927 3665 968 3726 ita
990 3662 1161 3745 loquantur,
1196 3681 1296 3743 neque
1318 3679 1406 3725 sacro
1429 3661 1626 3726 Sacerdotem
1649 3663 1813 3726 ministerio
1837 3663 1998 3746 quidquam

627 3757 743 3836 aufert,
767 3767 800 3821 ιιι
823 3761 893 3824 alibi
917 3761 1010 3826 fusius
1032 3762 1190 3845 probatum
1213 3769 1269 3824 est.

713 3857 844 3922 Tandem
874 3861 953 3925 illius
983 3862 1180 3943 similiumque
1215 3861 1380 3924 orationum
1411 3861 1560 3922 sententia
1590 3859 1627 3922 ad
1657 3860 1841 3924 Graecorum
1870 3860 1908 3924 de
1936 3879 1996 3943 qua

626 3965 784 4039 tantopere
808 3978 824 4021 a
847 3960 984 4024 ducentis
1007 3962 1092 4025 annis
1110 3968 1262 4044 pugnatur
1276 3960 1447 4041 opinionem
1470 3959 1618 4023 accedero
1640 3960 1766 4037 dicetur,
1790 3961 1828 4024 de
1851 3979 1909 4042 qua
1931 3963 1998 4024 Ne-

625 4057 751 4120 storiani
775 4075 834 4120 non
858 4063 952 4143 magis
975 4080 1064 4144 quam
1087 4059 1156 4143 Syri
1178 4059 1338 4123 lllelchitae
1362 4068 1392 4122 et
1413 4057 1580 4138 lacebitae,
1605 4059 1744 4141 Coptitae
1766 4068 1797 4122 et
1819 4060 1869 4124 alii
1892 4079 1997 4124 omnes

626 4155 796 4219 Orientales
820 4174 948 4239 unquam
972 4163 1197 4244 cogitaverunt,
1226 4161 1256 4222 in
1286 4159 1413 4241 simplici
1442 4159 1645 4222 Ecclesiamm
1674 4178 1794 4222 suarum
1824 4160 1997 4239 traditione,

626 4255 742 4335 absque
770 4254 831 4317 ulla
859 4261 973 4322 erroris
1004 4267 1054 4322 aut
1076 4260 1216 4323 novitatis
1239 4259 1412 4340 suspicione
1435 4266 1678 4339 perseverantes.
1724 4258 1813 4332 Quod
1836 4260 1861 4321 si
1883 4275 1998 4320 recen-

624 4355 752 4416 tioribus
776 4354 952 4434 quibusdam
976 4359 1101 4423 eraditis
1124 4359 1347 4422 luvocationem
1375 4357 1501 4438 Spiritus
1533 4359 1645 4434 sancti,
1678 4366 1707 4422 et
1737 4362 1890 4421 orationes
1919 4375 1998 4437 quae

626 4454 691 4535 ejus
714 4456 922 4533 operationem
953 4460 983 4521 in
1013 4459 1092 4522 dona
1113 4460 1270 4540 proposita
1292 4464 1446 4539 spectant,
1476 4457 1563 4520 aliter
1592 4459 1784 4539 interpretari
1812 4459 1910 4521 visum
1938 4463 1996 4535 est,

625 4553 765 4616 lecerunt
786 4551 816 4614 id
839 4557 957 4619 nimium
980 4541 1225 4640 praecipitanter,
1250 4575 1316 4619 cum
1334 4557 1428 4619 verba
1441 4554 1553 4620 Christi
1566 4558 1681 4620 oomni
1696 4575 1808 4620 summe
1822 4557 1998 4620 necessaria

626 4651 664 4714 ad
695 4655 956 4720 consecrationem
989 4657 1128 4735 credant,
1170 4665 1201 4720 et
1237 4674 1360 4739 semper
1391 4658 1602 4737 pronuntient:
1636 4657 1889 4738 subsequentibus
1919 4673 1996 4719 vero

629 4749 816 4814 orationibus
846 4757 905 4818 vim
935 4756 1053 4820 illorum
1080 4758 1225 4838 imminui,
1253 4774 1315 4820 non
1337 4756 1433 4838 magis
1456 4757 1692 4819 existimaverint
1715 4773 1804 4838 quam
1826 4756 1998 4819 Gallicanae

628 4859 750 4915 veteres
774 4858 805 4914 et
827 4851 1037 4919 Mozarabicae
1059 4856 1224 4933 Ecclesiae,
1247 4874 1325 4938 quae
1347 4853 1490 4918 similibus
1513 4855 1656 4936 precibus
1679 4873 1753 4919 usae
1775 4855 1845 4919 olim
1866 4855 1998 4917 luerunt.

712 4949 883 5017 Notandum
905 4961 1066 5036 praeterea
1088 4957 1162 5018 ritus
1191 4955 1306 5038 aliquos
1330 4954 1487 5039 adjunctos
1511 4957 1541 5017 in
1564 4955 1676 5018 Missae
1699 4955 1900 5019 Melabaricae
1921 4973 1999 5017 ver-

626 5053 723 5129 sione,
746 5053 880 5135 ignorari
903 5053 981 5134 apud
995 5053 1176 5134 Orientales,
1199 5063 1231 5117 ιιι
1253 5055 1334 5117 illum
1357 5054 1672 5118 accedensliiccenas
1693 5055 1736 5116 nd
1757 5055 1864 5133 citare,
1887 5073 1999 5118 sacer·-
