4814 6060
1250 537 1482 616 NOTAE

863 847 898 916 l.
940 844 996 914 Nc
1023 843 1171 938 odnepea
1194 865 1259 915 uos
1285 845 1343 937 qui
1369 863 1437 912 nou
1464 841 1704 936 obncpuoimus
1731 845 1775 930 te,
1802 847 1866 912 etc.

785 1037 888 1115 Locus
911 1047 960 1109 bic
983 1047 1125 1110 convenit
1158 1045 1420 1128 persecutionibus
1449 1063 1524 1126 quas
1547 1044 1604 1108 sub
1627 1043 1852 1106 llubamedanis
1874 1041 2057 1107 Antiocheni

645 1224 653 1232 ,
680 1153 838 1215 Jacobitae
861 1150 1040 1231 frequenter
1060 1151 1144 1231 passi
1166 1157 1246 1225 sunt,
1268 1151 1481 1229 patianturque
1504 1147 1651 1228 quotidie:
1674 1163 1801 1228 quarum
1818 1146 1944 1208 historia
1967 1147 2057 1228 plena

681 1260 737 1315 est.
789 1250 932 1324 Quamvis
962 1250 1040 1311 enim
1075 1249 1342 1330 Pseudopropheta
1373 1247 1549 1310 Christianis
1584 1248 1723 1328 injuriam
1760 1245 1825 1308 fieri
1855 1245 2056 1326 prohibuerit,

679 1349 762 1412 nulla
785 1357 833 1411 est
854 1349 962 1429 injuria
985 1347 1034 1410 cui
1058 1349 1182 1410 obnoxii
1205 1365 1264 1409 non
1288 1346 1407 1411 luerint.
1447 1348 1505 1409 Per
1523 1347 1653 1427 populos
1674 1347 1791 1407 abacos
1812 1344 1954 1407 uidentur
1976 1363 2058 1425 quo-

683 1467 744 1531 que
767 1447 922 1528 designari
944 1447 1053 1509 Franci
1077 1449 1183 1522 nostri,
1206 1449 1257 1526 qui
1279 1445 1438 1508 Antiochia
1461 1453 1566 1526 captu,
1600 1452 1631 1507 et
1653 1461 1708 1524 per
1732 1443 1839 1505 multos
1863 1460 1958 1505 annos
1981 1461 2059 1525 pos-

561 1579 565 1590 ,
681 1564 780 1624 sessa,
802 1545 956 1609 Jacobitas
972 1546 1162 1609 Patriarchas
1186 1547 1353 1626 eJecerunt,
1377 1545 1572 1626 reliquosque
1587 1543 1772 1606 Christianos
1785 1541 1956 1604 Orientales
1980 1541 2057 1604 adeo

681 1653 883 1722 vexaverunt,
907 1653 940 1706 ut
963 1645 999 1706 ab
1023 1647 1137 1708 unitate
1160 1644 1337 1707 Ortbodoxa
1367 1643 1567 1706 alienissimos
1595 1641 1739 1704 fecerint:
1769 1642 1947 1722 praesertim
1976 1639 2058 1720 quod

682 1745 783 1808 nullus
806 1752 889 1807 esset
911 1745 989 1807 inter
1023 1752 1068 1807 tot
1098 1762 1189 1807 cruce
1218 1744 1354 1828 signatos
1377 1742 1628 1818 Ecclesiasticos,
1659 1743 1710 1821 qui
1738 1740 1775 1803 ab
1805 1741 1963 1802 erroribus
1989 1740 2057 1802 illos

563 1855 567 1866 ’
682 1860 740 1924 per
764 1860 868 1906 sanam
892 1843 1059 1906 doctrinam
1079 1861 1229 1912 revocare
1251 1852 1420 1926 satageret,
1451 1850 1501 1904 aut
1530 1844 1556 1904 si
1579 1848 1749 1920 conaretur,
1780 1840 1937 1922 potuisset
1981 1841 2059 1902 llinc

682 1941 732 2003 illa
755 1943 835 2004 Petri
857 1941 1003 2023 Episcopi
1030 1943 1177 2005 Melicbae
1207 1942 1352 2005 adversus
1382 1943 1516 2004 Francos
1545 1939 1685 2022 querela:
1718 1941 1800 2020 quod
1826 1959 1847 2002 a
1874 1959 1908 2002 re
1940 1942 1973 2002 ia
1996 1941 2059 2018 fide

681 2042 891 2104 dissentientes
913 2042 1117 2103 irctmnecione
1138 2041 1279 2104 delerent.

1052 2335 1088 2405 5.
1125 2333 1304 2416 lnoocute'o
1332 2332 1484 2426 Spiritus
1510 2335 1631 2404 cuncti.

777 2525 833 2606 Ex
857 2555 947 2618 quam
975 2537 1097 2601 exhibet
1127 2538 1202 2600 baec
1224 2537 1376 2619 liturgia,
1411 2537 1516 2600 iisdem
1545 2536 1648 2598 verbis
1683 2543 1712 2598 et
1741 2535 1898 2598 sententiis
1928 2533 2062 2616 constat,

683 2640 791 2722 quibus
814 2641 952 2722 reliquae
974 2659 1073 2722 prope
1097 2658 1211 2705 omnes.
1256 2641 1331 2703 Nam
1354 2642 1464 2720 verba,
1489 2640 1624 2722 illapsus,
1647 2640 1863 2721 requietionis,
1895 2639 2064 2702 obumbra-

683 2739 784 2816 tionis,
798 2747 839 2818 ¹et
861 2740 919 2802 alia
941 2758 1069 2820 quorum
1091 2741 1151 2803 vim
1181 2740 1251 2803 alibi
1278 2740 1345 2804 luse
1368 2741 1581 2820 exposuimus,
1615 2739 1805 2803 adhibentur.
1858 2739 1892 2801 ln
1921 2739 2061 2803 omnibus

682 2838 848 2902 secundum
871 2840 1027 2920 exemplar
1050 2839 1287 2919 antiquissimum
1309 2839 1465 2922 liturgiae
1488 2838 1624 2901 Graecae
1646 2837 1763 2915 Jacobi,
1786 2838 1911 2919 illapsus
1934 2838 2063 2899 mirabi-

683 2937 730 3000 les
753 2939 828 2999 varii
851 2939 947 3008 sancti
972 2937 1099 3018 Spiritus
1123 2946 1347 3018 enumerantur,
1369 2941 1533 3020 praecipue
1557 2937 1707 3000 inlesum
1732 2936 1882 3000 Christum
1905 2937 1974 2999 dum
1997 2937 2060 2997 ba-

683 3037 847 3117 ptisaretur
869 3040 898 3098 in
920 3037 1069 3102 Jordane:
1093 3040 1175 3101 etin
1199 3037 1365 3120 Apostolos
1388 3039 1546 3120 ignearum
1568 3037 1738 3119 linguarum
1761 3037 1866 3099 forma.
1904 3037 1959 3100 Hic
1982 3054 2059 3128 uem

684 3135 878 3218 singulariter
900 3139 1012 3200 mentio
1036 3137 1067 3200 lit
1089 3137 1215 3220 illapsus
1237 3137 1303 3217 ejus
1319 3137 1355 3198 *in
1366 3137 1531 3220 Virginem,
1555 3137 1592 3199 ad
1614 3136 1830 3218 perficiendum
1843 3135 2061 3198 lncamationis

684 3236 870 3316 mysterium.
916 3236 959 3298 lta
984 3244 1131 3300 testantur
1153 3236 1321 3314 Jacobitae,
1345 3236 1473 3300 credere
1504 3256 1549 3314 se,
1572 3254 1633 3299 non
1655 3238 1752 3298 minus
1775 3236 1965 3299 descendere
1988 3234 2063 3315 Spi-

684 3336 773 3397 ritum
796 3344 931 3398 sanctum
954 3336 986 3396 in
1008 3336 1085 3399 dona
1108 3339 1275 3418 proposita,
1300 3353 1389 3418 quam
1411 3336 1568 3400 descendit
1590 3335 1621 3396 in
1644 3334 1804 3414 Christum,
1828 3343 1858 3398 et
1880 3335 2063 3417 inAposto-

684 3434 743 3509 los,
766 3437 929 3515 praecipue
952 3453 1028 3498 vero
1052 3438 1082 3499 in
1103 3434 1136 3499 B.
1161 3437 1334 3519 Virginem,
1365 3435 1485 3516 quando
1515 3436 1544 3496 in
1569 3453 1606 3497 eo
1629 3433 1769 3498 lormavit
1799 3451 1910 3514 corpus
1940 3436 1971 3496 in
1999 3449 2062 3514 quo

685 3533 819 3595 Verbum
849 3534 906 3596 Dei
935 3551 1057 3597 carnem
1091 3537 1266 3616 assumpsit:
1305 3535 1444 3614 idemque
1474 3537 1505 3597 in
1533 3534 1619 3597 altari
1647 3533 1783 3609 edicere,
1813 3533 1952 3596 mutando
1982 3533 2064 3596 dona

685 3633 844 3713 proposita
868 3634 898 3695 in
922 3651 1033 3714 corpus
1056 3643 1087 3697 et
1108 3636 1286 3717 sanguinem
1320 3633 1439 3696 Christi.
1492 3633 1596 3696 Omnia
1625 3641 1723 3738 autem
1751 3634 1872 3713 priora,
1903 3651 1970 3694 cum
1999 3648 2062 3693 non

685 3731 753 3792 sine
775 3731 921 3796 miraculo
944 3751 1059 3796 summo
1082 3733 1162 3796 lacta
1190 3733 1313 3796 luerint:
1343 3732 1420 3794 idem
1450 3732 1496 3796 de'
1518 3733 1705 3796 Eucharistia
1734 3731 1862 3793 credere
1892 3749 1926 3794 se
1956 3731 2061 3812 paucis

687 3831 790 3894 verbis
815 3838 978 3910 testantur,
999 3853 1106 3916 nempe
1129 3833 1302 3896 miraculum
1326 3831 1391 3893 lieri
1412 3820 1517 3913 primis
1540 3832 1598 3894 illis
1621 3829 1868 3912 comparandum:
1900 3831 1981 3911 quod
2003 3848 2063 3891 ne-

687 3931 853 3993 cessarium
876 3951 945 3995 esse
968 3951 1056 3996 nemo
1079 3933 1158 3995 dicat
1181 3933 1219 3995 ad
1241 3940 1339 3996 actum
1361 3931 1431 3994 fidei
1454 3931 1643 4009 eliciendum,
1666 3949 1743 4012 quae
1766 3949 1806 3992 ex
1827 3931 2063 3993 Protestantiurn

687 4031 848 4107 sententia,
870 4031 1000 4094 medium
1023 4040 1070 4094 est
1093 4051 1153 4113 quo
1178 4032 1290 4096 Christi
1313 4050 1423 4114 corpus
1453 4031 1608 4112 accipitur.
1659 4030 1766 4110 Neque
1793 4029 1870 4091 haec
1900 4027 2062 4092 divinando

687 4126 833 4202 dicuntur,
855 4148 922 4192 cum
946 4150 982 4194 ea
1003 4130 1071 4195 fuse
1095 4139 1126 4194 et
1148 4131 1178 4192 in
1202 4131 1337 4194 eamdem
1361 4132 1538 4194 sententiam
1561 4130 1714 4232 explicent
1735 4129 1855 4191 illomrn
1879 4128 2037 4209 'theologi

1151 4425 1204 4498 ⁴6.
1243 4428 1374 4520 Rapum
1400 4383 1578 4497 Fidetium.

799 4616 854 4692 ln
879 4627 908 4688 in
931 4626 1068 4708 pluribus
1090 4627 1235 4710 liturgiis
1252 4629 1435 4705 Jacobiticis‚
1458 4631 1547 4692 etiam
1569 4627 1750 4692 recentioris
1773 4627 1851 4704 aevi,
1875 4633 1908 4687 ut
1922 4625 2065 4688 Dioscori

689 4726 861 4810 Cordueni,
883 4731 1038 4793 Michaelis
1061 4729 1253 4806 Antiochen,
1276 4732 1393 4814 lgnatii,
1416 4731 1522 4796 Jacobi
1539 4731 1733 4814 Serugensis,
1756 4729 1879 4792 alterius
1900 4728 2065 4808 Edesseni,

691 4834 721 4890 et
743 4827 839 4908 Xysti.
885 4829 992 4893 lllirum
1016 4829 1045 4891 id
1073 4848 1160 4909 sane,
1184 4850 1251 4895 cum
1274 4830 1310 4892 ab
1340 4830 1511 4896 lnfidelibus
1540 4848 1636 4912 grave
1666 4829 1855 4911 impenderet
1884 4826 2065 4909 periculum,

688 4925 716 4988 si
737 4942 848 5006 preces
869 4946 927 5008 pro
951 4928 1085 4993 hostibus
1110 4932 1172 4993 suis
1195 4929 1315 5012 publice
1338 4931 1413 5010 lieri,
1437 4931 1495 4993 imo
1519 4937 1549 4992 et
1570 4929 1727 4992 victoriam
1750 4929 1788 4992 de
1812 4947 1846 4990 se
1869 4928 1942 5008 ipsis
1965 4925 2066 4990 aDeo

686 5023 846 5107 postulari,
869 5025 1026 5092 deserente
1051 5047 1240 5111 quocumque
1265 5037 1413 5112 apostata,
1437 5029 1665 5093 intellexissent.
1711 5028 1880 5093 Formulam
1903 5027 1980 5089 tueri
2002 5044 2068 5108 po-
