4784 6040
379 1383 719 1503 censoru
762 1401 784 1466 1-
834 1305 1205 1502 cursuum
1243 1384 1579 1530 urrunnu,

511 1605 575 1693 lllll
601 1605 889 1682 menstrualis
916 1606 963 1680 ET
989 1605 1201 1682 clu-imru]
1227 1605 1365 1684 DIGTUS
1392 1605 1474 1684 EST.

791 1859 913 1970 Oratip
940 1866 1021 1931 onte
1046 1859 1185 1930 Pacem.

374 2055 533 2158 Dourna
560 2081 653 2153 Deus
679 2084 834 2154 virtutum
868 2079 983 2169 fortis,
1018 2085 1227 2175 omnipotens
1264 2091 1298 2153 et
1329 2079 1490 2169 bellator,
1531 2087 1586 2178 qui
1621 2109 1683 2180 per

305 2200 478 2269 caritatem
504 2206 591 2268 tuam
618 2218 703 2292 pace
729 2195 944 2292 reples„qui
970 2219 1031 2292 per
1057 2201 1198 2289 gratiam
1227 2209 1316 2270 tuam
1330 2198 1508 2270 confirmas
1527 2203 1561 2270 iu
1582 2224 1682 2296 pace:

244 2407 249 2414 Ι
307 2315 362 2408 qui
388 2335 461 2386 cum
489 2334 640 2385 essemus
664 2315 702 2383 in
728 2311 849 2401 nihilo,
878 2311 997 2384 dedisti
1022 2311 1121 2385 nobis
1147 2323 1183 2384 ut
1210 2335 1382 2401 essemus,
1415 2321 1450 2384 et
1475 2336 1538 2409 per
1562 2313 1682 2387 Filium

307 2439 397 2500 tuum
424 2428 597 2515 dilectum,
625 2432 679 2524 qui
706 2432 839 2520 genitus
867 2451 913 2500 ex
938 2437 973 2500 le
1000 2439 1052 2499 est
1078 2429 1120 2502 ab
1149 2440 1309 2519 aeterno,
1335 2432 1506 2503 innovasti
1531 2439 1683 2503 naturam

308 2555 457 2618 nostram
489 2553 654 2629 creatam,
690 2543 796 2617 salute
829 2540 928 2614 nobis
959 2547 1138 2639 praestita,
1171 2548 1254 2616 iram
1286 2547 1386 2616 etiam
1420 2545 1584 2644 adversus
1618 2568 1681 2619 nos

308 2661 561 2757 compescuisti,
588 2660 786 2753 seruistique
813 2656 970 2730 innubis
997 2669 1031 2730 et
1061 2659 1103 2732 ad
1130 2681 1193 2732 nos
1217 2663 1379 2749 invicem,
1406 2659 1685 2753 tranquillitatem,

307 2779 498 2866 caritatem,
526 2784 560 2846 et
586 2774 807 2846 concordiam.
861 2774 913 2846 'lu
939 2797 1027 2846 nuno
1052 2774 1196 2848 Domine
1225 2779 1280 2870 qui
1295 2797 1388 2848 amas
1405 2774 1684 2870 tranquillitatem,

308 2899 341 2962 et
368 2896 423 2986 qui
449 2913 535 2986 pace
561 2889 758 2978 delectaris,
784 2889 909 2983 largire
936 2889 1034 2963 uobis
1060 2900 1096 2962 ut
1123 2895 1225 2964 simus
1252 2891 1327 2962 Filii
1354 2893 1501 2965 caritatis
1525 2901 1559 2963 et
1585 2902 1683 2962 tran-

214 3069 216 3074 ,
308 3007 483 3102 quillitatis.
538 3003 715 3099 conjunge
750 3027 813 3078 nos
853 3028 970 3078 omues
1006 3005 1063 3078 illo
1105 3004 1363 3078 benevolentiae
1387 3005 1548 3094 'vinculo,
1585 3005 1684 3101 quale

307 3126 535 3196 necessarium
552 3132 604 3195 est
622 3120 665 3192 ad
691 3119 958 3194 conservandam
985 3143 1182 3216 compagem
1210 3132 1244 3192 et
1270 3121 1485 3194 concordiam
1506 3121 1682 3195 membro-

309 3261 380 3311 rum
409 3241 563 3334 corporis
583 3235 822 3310 Ecclesiastici.
875 3237 1007 3308 Averte
1026 3237 1155 3310 anobis
1174 3259 1306 3310 omnem
1321 3234 1444 3325 dolum,
1472 3236 1683 3326 divisionem,

308 3354 419 3427 cordis
448 3354 690 3450 duplicitatem,
717 3352 930 3448 linguamque
956 3351 1173 3424 infraenatam
1207 3361 1240 3424 et
1268 3352 1462 3446 loquentem
1497 3352 1683 3446 magnilica.
1753 3368 1760 3378 ·

307 3469 360 3541 Da
387 3473 485 3543 etiam
512 3468 610 3540 nobis
637 3477 672 3540 ut
698 3468 935 3562 amplectentes
962 3472 1125 3558 invicem,
1151 3472 1185 3540 iu
1213 3471 1329 3563 spiritu
1363 3467 1495 3558 humili,
1531 3471 1681 3564 accipia-

170 3575 179 3588 ’
308 3607 380 3658 mus
408 3593 576 3657 monetam
602 3587 701 3677 siguo
728 3587 819 3655 vitae
846 3587 1061 3680 impressam,
1091 3607 1188 3680 quam
1225 3583 1336 3656 docuit
1370 3606 1453 3670 uos,
1490 3587 1545 3678 qui
1577 3587 1683 3656 vitam

307 3697 405 3773 nohis
432 3702 596 3794 praestitit
622 3697 772 3773 Christus
799 3699 899 3772 lesus
925 3700 1087 3774 Dominus
1114 3709 1249 3788 noster,
1278 3711 1312 3772 et
1337 3703 1410 3794 pari
1436 3701 1565 3770 ratione
1591 3702 1682 3770 inra-

308 3817 438 3908 ginem,
466 3812 509 3886 ad
535 3813 708 3910 exemplar
735 3823 890 3886 exactum
914 3814 1060 3889 lenitatis
1086 3819 1179 3909 regis
1205 3817 1313 3889 nostri
1329 3814 1537 3902 delineatam,
1565 3818 1683 3909 spiritu

308 3928 419 4002 humili
445 3939 481 4001 et
507 3933 616 4002 anima
642 3953 739 4026 pura,
765 3933 843 4004 uuio
870 3943 985 4005 nostra
1012 3937 1191 4029 exprimat,
1217 3933 1398 4004 constricta
1420 3928 1560 4002 vinculis
1588 3933 1683 4002 cari-

311 4049 386 4118 tatis
414 4054 448 4116 et
475 4044 661 4118 dilectionis
687 4043 945 4134 indissolubilis,
971 4058 1037 4119 tam
1065 4059 1194 4138 tecum,
1222 4071 1320 4144 quam
1337 4049 1424 4119 inter
1442 4066 1506 4117 uos
1523 4047 1681 4137 invicem,

308 4183 370 4256 per
396 4183 471 4233 eum
497 4164 605 4256 ipsum
631 4162 823 4253 largitorem
850 4161 1112 4256 tranquillitatis,
1140 4167 1194 4258 qui
1222 4173 1255 4234 et
1281 4167 1355 4260 ipsa
1373 4161 1591 4255 tranquillitas
1619 4168 1682 4246 est,

306 4279 509 4369 unigenitum
536 4276 654 4349 Filium
682 4287 788 4367 tuum,
815 4299 889 4349 cum
917 4300 982 4373 quo
1010 4290 1043 4350 te
1071 4278 1168 4352 decet
1184 4278 1293 4372 gloria
1321 4290 1353 4351 et
1369 4277 1476 4352 honor
1492 4277 1587 4352 simul
1607 4298 1681 4346 cum

309 4390 434 4487 Spiritu
458 4401 517 4464 tuo
545 4403 661 4466 sancto
689 4415 792 4479 nuuc,
820 4403 882 4465 etc.

410 4508 574 4602 Populea.
627 4509 746 4580 Arnen.

412 4623 597 4696 Socmdos.
649 4625 734 4697 Pax.

413 4739 576 4834 Populus.
629 4738 774 4811 Etcum
801 4741 916 4835 spiritu
943 4748 1010 4812 tuo.

413 4854 602 4927 Diaconos.
655 4855 721 4927 Det
747 4857 973 4950 unusquisque
999 4879 1127 4951 pacem.

418 4969 579 5064 Populus.
633 4970 878 5064 Unusquisque.

412 5085 602 5158 Diaconos.
655 5085 746 5159 Post.
