4728 6028
747 589 821 665 114
954 595 966 604 ‘
1120 588 1736 668 oosnnvnrlonns

457 892 488 945 ι’.
506 892 550 945 ao.
568 893 585 948 t
605 893 647 946 rr.
1286 879 1420 951 Sancta
1445 882 1583 951 sanclis.

463 1100 581 1153 blevam
605 1100 734 1153 Euchari-
837 1073 904 1150 Vix
925 1084 986 1148 ulla
1009 1085 1263 1148 caeremoniarum
1290 1082 1508 1166 liturgicarum
1537 1098 1609 1163 pars
1638 1089 1701 1158 cst,
1731 1101 1807 1162 quae
1834 1100 1902 1144 aum
1929 1081 1987 1144 ista
2015 1083 2111 1164 possit

425 1189 489 1240 stiae
508 1196 535 1240 et
552 1187 674 1240 adomnia.
748 1187 786 1250 de
809 1187 983 1268 antiquitate
1006 1184 1201 1261 contendere,
1223 1183 1401 1263 praesertim
1424 1184 1454 1242 in
1476 1180 1622 1243 Ecclesiis
1645 1181 1857 1245 Orientalibus.
1905 1182 1979 1244 Nam
2002 1182 2038 1245 de
2061 1183 2111 1246 itta

459 1275 530 1327 nom.
553 1275 598 1326 ⁵¹·
622 1275 658 1325 Μ’
672 1273 734 1344 ¹³⁰?-
747 1286 885 1365 iormula,
909 1303 977 1366 qua,
1000 1293 1033 1346 ut
1055 1285 1096 1346 ait
1119 1284 1364 1364 chrysostomus,
1386 1282 1481 1342 sancti
1503 1279 1541 1341 ad
1563 1279 1771 1344 Eucharistiae
1792 1283 2027 1344 communionem
2054 1281 2111 1344 soli

424 1360 483 1411 ‘⁴⁸‘
501 1358 531 1412 ¹⁸·
549 1361 619 1413 ΗΜ·
637 1361 681 1412 ⁶⁰·
700 1361 912 1463 avocantur,
950 1391 980 1445 et
1015 1381 1093 1444 illius
1123 1391 1153 1444 et
1183 1380 1311 1442 omnium
1341 1379 1466 1442 aliorum
1495 1381 1613 1441 Patrum
1643 1380 1827 1442 Graecorum
1862 1381 1976 1452 infinita
2008 1387 2112 1442 extant

424 1446 485 1498 Μ’
505 1447 547 1497 ¹⁷⁸
747 1485 926 1547 testimonia.
970 1482 1054 1544 lllam
1076 1480 1262 1563 disciplinam
1283 1481 1413 1541 imitatae
1436 1486 1505 1540 sunt
1528 1485 1559 1540 et
1580 1477 1639 1540 huc
1666 1497 1763 1559 usque
1790 1479 1979 1542 retinuerunt
2008 1498 2111 1542 omnes

748 1583 918 1646 Orientales
940 1581 1117 1659 Ecclesiae,
1148 1599 1216 1643 curn
1240 1579 1376 1660 Liturgia
1405 1576 1488 1638 nulla
1517 1579 1555 1640 sit
1578 1576 1711 1653 Graeca,
1742 1576 1882 1658 Syriaca,
1912 1577 2112 1661 Aegyptiace,

747 1681 925 1763 Aethiopica
949 1688 999 1744 aut
1027 1681 1150 1742 alterius
1178 1679 1392 1761 cujuscumque
1419 1675 1557 1758 linguae,
1585 1695 1662 1757 quae
1692 1676 1772 1738 illam
1801 1693 1861 1738 non
1891 1685 2110 1756 repraesentet.

747 1781 793 1842 De
814 1780 993 1861 Aethiopica
1017 1778 1154 1843 fortassis
1176 1777 1258 1840 litem
1280 1775 1443 1838 movebunt
1465 1774 1605 1848 erudituli
1627 1775 1755 1855 quidam,
1780 1777 1830 1855 qui
1845 1773 1955 1836 nullum
1968 1775 2110 1840 derebus

747 1879 948 1961 Aethiopicis,
972 1878 1192 1942 Ecclesiasticis
1216 1878 1313 1954 etiam,
1337 1883 1471 1937 autorem
1493 1874 1603 1938 habent
1625 1882 1749 1956 praeter
1770 1873 1938 1950 Ludollum,
1965 1872 2003 1936 de
2025 1877 2111 1957 cujus

747 1980 895 2059 imperitia
918 1997 1019 2042 rerum
1041 1996 1205 2056 sacrarum,
1228 1983 1259 2038 et
1281 1974 1358 2037 mala
1379 1973 1456 2053 lide,
1483 1974 1603 2035 nimium
1626 1972 1757 2038 lortasse
1778 1972 1869 2035 multa
1892 1973 2038 2054 aliquibus
2062 1973 2111 2036 di-

747 2079 831 2140 xisse
853 2077 1034 2141 videbimur:
1061 2095 1175 2158 pauca,
1204 2083 1237 2137 ut
1260 2073 1419 2156 apparebit
1442 2091 1481 2134 ex
1503 2072 1770 2135 Dissertationibus
1793 2072 1830 2136 de
1853 2073 1912 2135 hac
1935 2080 2111 2156 argumento

747 2177 871 2253 nostris,
895 2177 1009 2240 dixisse
1031 2194 1087 2238 nos
1111 2180 1304 2258 agnoscetur.
1355 2173 1430 2233 Nam
1462 2171 1617 2234 formulam
1647 2173 1724 2234 illam
1755 2174 1795 2234 ita
1823 2175 2034 2253 interpretatus
2066 2179 2112 2234 est

748 2279 956 2338 sanctuarium
984 2277 1114 2351 sanctis,
1149 2273 1229 2355 quod
1251 2271 1493 2334 absurdissimum
1517 2281 1579 2349 est,
1606 2271 1737 2353 nihilque
1758 2271 1924 2354 significat,
1954 2279 1988 2334 ut
2016 2269 2111 2332 fusius

644 2407 649 2418 κ
749 2373 943 2440 ostendemus
966 2376 997 2437 in
1019 2373 1105 2436 Natis
1128 2372 1167 2435 ad
1188 2371 1351 2453 liturgiam
1373 2371 1591 2452 Aethiopicam.

462 2496 593 2558 Quomodo
611 2496 662 2549 flat.
837 2473 911 2536 Cum
932 2481 1041 2536 sancta
1062 2474 1188 2546 sanctis,
1211 2471 1385 2550 aDiacono,
1409 2479 1459 2533 aut
1482 2487 1499 2532 a
1522 2469 1686 2534 Sacerdote
1709 2469 1895 2532 inclamatum
1919 2477 1976 2546 est,
1999 2468 2111 2532 Sacer-

749 2572 804 2635 dos
834 2571 934 2635 elevat
960 2572 1196 2635 Eucharistiam:
1226 2571 1392 2651 praemissa
1422 2568 1587 2632 secundun
1616 2566 1764 2630 Graecum
1793 2567 1928 2631 codicem
1958 2588 1994 2631 ea
2023 2585 2111 2647 quam

748 2673 875 2736 diximus
898 2672 1043 2733 oratione.
1080 2659 1169 2753 ‘'Ayte
1192 2660 1211 2731 d
1232 2662 1266 2730 ἐν
1293 2657 1400 2751 αἰγίοις
1430 2656 1695 2745 ἆναπαυόμενοςι
1725 2667 1835 2729 Sancte
1861 2667 1913 2746 qai
1939 2667 1971 2727 in
1998 2669 2113 2728 sanctia

748 2773 922 2852 requiescas.
967 2770 999 2832 ln
1028 2769 1171 2850 liturgiis
1200 2766 1400 2850 Aegyptiacis
1429 2775 1459 2830 et
1486 2766 1610 2829 Graecis
1639 2765 1837 2830 Alexandrini
1863 2765 1954 2836 ritus,
1984 2764 2111 2827 elevatio

748 2871 885 2932 similiter
907 2869 1143 2950 praescribitur,
1171 2884 1249 2948 quae
1277 2868 1303 2929 si
1326 2886 1366 2930 ex
1388 2866 1574 2928 rubricarum
1596 2865 1717 2928 delectu
1738 2885 1799 2929 non
1821 2865 1933 2945 legitur
1954 2865 1984 2925 in
2007 2865 2113 2946 Syria·

750 2971 793 3032 cis
816 2970 981 3050 plerisque,
1004 2966 1185 3030 observatur
1206 2975 1316 3041 tamen,
1333 2974 1365 3028 ut
1388 2987 1428 3029 ex
1449 2966 1566 3028 Rituum
1580 2966 1796 3047 Interpretibus
1820 2973 1850 3027 et
1864 2965 2026 3047 Theologis
2049 2962 2112 3025 dc-

749 3075 940 3132 monstratur.
983 3065 1017 3128 ln
1040 3065 1260 3129 Commentario
1282 3066 1318 3128 ad
1341 3066 1441 3128 Basilii
1462 3065 1625 3148 Liturgiam
1652 3065 1745 3128 multa
1771 3065 1809 3128 de
1838 3063 1894 3128 hac
1923 3063 2112 3125 caeremonia

746 3168 910 3250 jamdicta
932 3174 1013 3245 sunt,
1035 3184 1096 3228 non
1118 3165 1207 3229 modo
1230 3184 1308 3246 quac
1331 3164 1368 3227 ad
1385 3165 1520 3244 Coptitas
1542 3165 1666 3245 proprie
1689 3170 1837 3246 spectant,
1860 3163 1914 3226 se'd
1931 3163 2019 3224 etiam
2035 3178 2112 3242 quae

751 3267 857 3349 Syros,
886 3285 1012 3347 quorum
1035 3265 1095 3327 illic
1117 3264 1258 3327 nonnulla
1279 3265 1448 3327 testimonia
1471 3265 1564 3326 relata
1587 3272 1664 3326 sunt.
1714 3263 1788 3326 Cum
1818 3265 1897 3326 enim
1927 3261 1964 3324 ad
1994 3260 2112 3322 illorum

750 3366 916 3450 biturgiam
939 3363 1146 3446 explicandam
1169 3364 1381 3445 adjecissemus
1403 3365 1541 3439 animum,
1562 3362 1695 3426 noandum
1710 3362 1849 3445 Syriacas
1870 3360 2062 3443 interpretari
2081 3364 2113 3419 et

750 3465 905 3547 publicare
928 3465 1118 3526 constitutum
1139 3464 1225 3525 nobis
1248 3462 1354 3527 luerat.
1389 3462 1493 3545 ltaque
1514 3481 1575 3525 non
1597 3462 1789 3524 revolvemus
1803 3462 1852 3524 illa
1866 3463 2014 3543 quaejam
2034 3459 2112 3520 dicta

749 3572 820 3628 sunt
842 3582 879 3628 co
902 3553 982 3641 loco,
1004 3570 1036 3625 et
1058 3562 1096 3625 ad
1121 3581 1224 3625 omnes
1248 3561 1377 3625 Orientis
1401 3563 1554 3648 Ecclesias
1577 3579 1673 3641 aeque
1694 3563 1857 3642 pertinent,
1885 3580 1922 3623 ea
1945 3561 2012 3624 sola
2035 3575 2112 3638 quae

750 3664 835 3747 Syris
856 3664 980 3744 propria
1003 3669 1083 3737 sunt,
1106 3663 1296 3744 attingamus.
1320 3662 1364 3724 Eo
1378 3663 1446 3726 loco
1465 3661 1572 3725 Jacobi
1585 3661 1741 3739 Edesseni,
1757 3661 1954 3742 Dionysiiquc
1968 3657 2112 3723 Bmsalibi

749 3763 844 3826 verba
866 3761 963 3824 relata
985 3768 1072 3836 sunt,
1104 3777 1181 3841 quae
1205 3761 1402 3824 elevationem
1426 3761 1610 3825 Sacramenti
1633 3760 1844 3839 praescribunt
1874 3766 2033 3835 accurate,
2064 3754 2114 3836 qui

751 3863 857 3927 Severi
880 3877 1000 3941 quoque
1022 3858 1203 3922 Antiocheni
1225 3861 1383 3923 autoritate
1406 3859 1591 3940 disciplinam
1613 3877 1698 3920 suam
1720 3858 1904 3923 confirmant.
1927 3858 2035 3939 Sipnat
2050 3855 2113 3917 Sa-

751 3962 860 4024 cerdos
881 3968 927 4020 ter
948 3961 1034 4039 aipoo
1057 3962 1157 4020 eramo
1174 3959 1326 4038 papulam,
1350 3960 1444 4038 inquit
1464 3959 1596 4021 lacobus
1619 3957 1809 4037 Edessenus,
1832 3978 1954 4040 eamque
1976 3957 2116 4019 admonet

751 4060 832 4140 qaod
853 4064 962 4119 sancta
983 4057 1069 4132 haec,
1090 4059 1178 4136 puris
1200 4064 1231 4118 et
1247 4061 1363 4120 scaeda
1384 4059 1457 4120 solis
1479 4059 1597 4121 dantur.
1643 4057 1714 4119 Tam
1735 4057 1833 4120 elevat
1852 4066 1882 4119 et
1902 4056 2032 4119 ostendit
2051 4053 2114 4114 Sa-

752 4163 908 4219 cramenta
934 4159 1016 4218 amni
1038 4157 1165 4234 popolo,
1199 4165 1340 4237 maqaam
1365 4159 1396 4219 ia
1425 4159 1641 4219 testimoniam:
1675 4164 1705 4217 et
1733 4157 1881 4218 emmam:
1916 4155 1997 4217 Unus
2027 4154 2115 4216 Pater

752 4263 889 4334 sanatus,
913 4263 970 4319 etc.
994 4255 1127 4320 Severus
1148 4255 1372 4330 Antiochenus,
1395 4256 1504 4336 Signat
1520 4257 1660 4336 papatum
1682 4256 1802 4318 dicens:
1826 4255 1927 4318 Gratia
1949 4254 1988 4316 sit
2011 4253 2114 4314 vobis-

752 4372 838 4434 cum,
868 4362 925 4417 etc.
948 4355 1113 4426 Diaconos.
1160 4353 1234 4418 Cum
1256 4355 1363 4417 timore
1386 4356 1572 4436 aspiciamus.
1606 4355 1769 4418 Sacerdos.
1792 4354 1948 4417 Accedant
1969 4352 2020 4433 qui
2041 4367 2114 4413 san·

752 4452 873 4516 ctilicati
893 4462 972 4516 sunt.
1017 4455 1127 4516 Sancta
1150 4454 1278 4515 sanctis:
1308 4464 1337 4517 et
1363 4455 1460 4516 elevat
1480 4454 1689 4518 Sacramenta.
1733 4454 1873 4533 Popadas.
1918 4451 1999 4512 Unus
2028 4452 2115 4530 Pater

751 4560 884 4616 sanctus.
943 4552 1035 4615 Addit
1063 4553 1225 4615 Barsalibi:
1258 4553 1452 4616 Sacerdotem
1486 4555 1605 4616 elevare
1637 4563 1668 4616 et
1696 4553 1888 4632 circumferre
1917 4551 2116 4612 Sacramenta

753 4653 912 4714 clamando
928 4652 1037 4716 Sancta
1058 4654 1185 4714 sanctis:
1209 4653 1381 4716 circumfert
1394 4660 1502 4726 autem,
1526 4654 1613 4714 itaut
1632 4652 1701 4716 loco
1719 4671 1779 4715 non
1791 4671 1826 4715 se
1842 4657 1977 4714 moveat:
2002 4649 2115 4722 Quam-

752 4752 799 4814 vis
821 4752 851 4813 in
872 4751 1026 4832 plerisque
1048 4750 1176 4830 Ciliciis,
1211 4751 1248 4814 de
1277 4751 1445 4814 elevatione
1476 4751 1578 4814 calicis
1608 4752 1680 4813 nihil
1708 4753 1928 4833 praescriptum
1951 4749 2007 4823 sit,
2035 4747 2116 4810 illum

752 4848 872 4912 tandem
894 4851 1007 4932 pariter
1029 4867 1096 4911 cum
1119 4849 1202 4913 disco
1226 4851 1319 4914 attolli
1342 4857 1468 4914 testatur
1489 4851 1519 4912 in
1536 4849 1755 4913 Commentario
1779 4869 1834 4913 sun
1856 4847 2011 4912 Barsalibi.
2053 4847 2116 4908 Το-

754 4956 814 5011 tam
836 4949 1069 5024 caeremoniam,
1093 4950 1188 5029 qualis
1211 4950 1289 5031 apud
1314 4948 1449 5030 Coptitas
1472 4949 1660 5028 observatur,
1684 4950 1845 5034 diligenter
1867 4948 2030 5029 explicavit
2053 4946 2116 5007 Ga-

753 5046 832 5111 briel
853 5047 1077 5111 Alexandrinus
1100 5049 1271 5113 Patriarcba
1293 5049 1379 5131 cujas
1401 5047 1495 5112 verba
1517 5048 1672 5112 retulimus
1694 5051 1725 5112 in
1748 5048 1983 5126 Commentario,
2003 5063 2117 5110 secun-
