<?xml version="1.0" encoding="UTF-8"?>
<!DOCTYPE html PUBLIC "-//W3C//DTD XHTML 1.0 Transitional//EN"
    "http://www.w3.org/TR/xhtml1/DTD/xhtml1-transitional.dtd">
<html xmlns="http://www.w3.org/1999/xhtml" xml:lang="en" lang="en">
 <head>
  <title>
</title>
<meta http-equiv="Content-Type" content="text/html;charset=utf-8" />
  <meta name='ocr-system' content='tesseract 3.04.00' />
  <meta name='ocr-capabilities' content='ocr_page ocr_carea ocr_par ocr_line ocrx_word'/>
</head>
<body>
  <div class='ocr_page' id='page_1' title='image "./liturgiarumorie04renagoog_0274.png"; bbox 0 0 4712 6032; ppageno 0'>
   <div class='ocr_carea' id='block_1_1' title="bbox 690 555 1789 640">
    <p class='ocr_par' dir='ltr' id='par_1_1' title="bbox 690 555 1789 640">
     <span class='ocr_line' id='line_1_1' title="bbox 690 555 1789 640; baseline 0.004 -8"><span class='ocrx_word' id='word_1_1' title='bbox 690 555 720 632; x_wconf 87' lang='lat' dir='ltr'>S.</span> <span class='ocrx_word' id='word_1_2' title='bbox 747 555 948 632; x_wconf 83' lang='lat' dir='ltr'>llUSTbTHlI</span> <span class='ocrx_word' id='word_1_3' title='bbox 973 557 1237 635; x_wconf 80' lang='lat' dir='ltr'><strong>PATRIARGHAE</strong></span> <span class='ocrx_word' id='word_1_4' title='bbox 1263 561 1506 640; x_wconf 80' lang='lat' dir='ltr'>bllllllGllElll.</span> <span class='ocrx_word' id='word_1_5' title='bbox 1712 563 1789 637; x_wconf 80' lang='lat'>237</span> 
     </span>
    </p>
   </div>
   <div class='ocr_carea' id='block_1_2' title="bbox 413 738 1789 1420">
    <p class='ocr_par' dir='ltr' id='par_1_2' title="bbox 413 738 1787 945">
     <span class='ocr_line' id='line_1_2' title="bbox 413 738 1787 848; baseline 0.009 -36"><span class='ocrx_word' id='word_1_6' title='bbox 413 750 522 812; x_wconf 86' lang='lat' dir='ltr'>ctam:</span> <span class='ocrx_word' id='word_1_7' title='bbox 549 751 585 811; x_wconf 91' lang='lat' dir='ltr'>ut</span> <span class='ocrx_word' id='word_1_8' title='bbox 612 738 653 812; x_wconf 86' lang='lat' dir='ltr'>ab</span> <span class='ocrx_word' id='word_1_9' title='bbox 682 739 833 814; x_wconf 90' lang='lat' dir='ltr'>omnibus</span> <span class='ocrx_word' id='word_1_10' title='bbox 860 740 1080 834; x_wconf 83' lang='lat' dir='ltr'>glorificeris,</span> <span class='ocrx_word' id='word_1_11' title='bbox 1108 768 1181 817; x_wconf 90' lang='lat' dir='ltr'>oum</span> <span class='ocrx_word' id='word_1_12' title='bbox 1208 749 1377 839; x_wconf 90' lang='lat' dir='ltr'>unigenito</span> <span class='ocrx_word' id='word_1_13' title='bbox 1397 747 1483 822; x_wconf 88' lang='lat' dir='ltr'>Filio</span> <span class='ocrx_word' id='word_1_14' title='bbox 1512 761 1580 838; x_wconf 87' lang='lat' dir='ltr'>tuo,</span> <span class='ocrx_word' id='word_1_15' title='bbox 1610 761 1643 821; x_wconf 90' lang='lat' dir='ltr'>et</span> <span class='ocrx_word' id='word_1_16' title='bbox 1662 747 1787 848; x_wconf 80' lang='lat' dir='ltr'>Spiritu</span> 
     </span>
     <span class='ocr_line' id='line_1_3' title="bbox 413 865 726 945; baseline -0.006 -17"><span class='ocrx_word' id='word_1_17' title='bbox 413 867 470 929; x_wconf 84' lang='lat' dir='ltr'>tuo</span> <span class='ocrx_word' id='word_1_18' title='bbox 498 868 634 945; x_wconf 82' lang='lat' dir='ltr'>sancto,</span> <span class='ocrx_word' id='word_1_19' title='bbox 663 865 726 927; x_wconf 89' lang='lat' dir='ltr'>etc.</span> 
     </span>
    </p>

    <p class='ocr_par' dir='ltr' id='par_1_3' title="bbox 519 957 854 1064">
     <span class='ocr_line' id='line_1_4' title="bbox 519 957 854 1064; baseline 0 -22"><span class='ocrx_word' id='word_1_20' title='bbox 519 971 680 1064; x_wconf 81' lang='lat' dir='ltr'>Populos.</span> <span class='ocrx_word' id='word_1_21' title='bbox 733 957 854 1042; x_wconf 65' lang='lat' dir='ltr'>Mmen.</span> 
     </span>
    </p>

    <p class='ocr_par' dir='ltr' id='par_1_4' title="bbox 414 1081 1789 1300">
     <span class='ocr_line' id='line_1_5' title="bbox 517 1081 1789 1190; baseline 0.008 -32"><span class='ocrx_word' id='word_1_22' title='bbox 517 1087 702 1160; x_wconf 73' lang='lat' dir='ltr'><strong><em>Sacerdos.</em></strong></span> <span class='ocrx_word' id='word_1_23' title='bbox 758 1085 889 1160; x_wconf 86' lang='lat' dir='ltr'>Coerce</span> <span class='ocrx_word' id='word_1_24' title='bbox 916 1097 950 1158; x_wconf 94' lang='lat' dir='ltr'>et</span> <span class='ocrx_word' id='word_1_25' title='bbox 976 1088 1071 1159; x_wconf 82' lang='lat' dir='ltr'>aufer</span> <span class='ocrx_word' id='word_1_26' title='bbox 1098 1113 1118 1162; x_wconf 90' lang='lat' dir='ltr'>a</span> <span class='ocrx_word' id='word_1_27' title='bbox 1144 1081 1241 1163; x_wconf 90' lang='lat' dir='ltr'>nobis</span> <span class='ocrx_word' id='word_1_28' title='bbox 1267 1091 1431 1183; x_wconf 82' lang='lat' dir='ltr'>Domine,</span> <span class='ocrx_word' id='word_1_29' title='bbox 1467 1115 1600 1165; x_wconf 89' lang='lat' dir='ltr'>omnem</span> <span class='ocrx_word' id='word_1_30' title='bbox 1631 1105 1789 1190; x_wconf 88' lang='lat' dir='ltr'>poteste-</span> 
     </span>
     <span class='ocr_line' id='line_1_6' title="bbox 414 1202 1190 1300; baseline 0.001 -26"><span class='ocrx_word' id='word_1_31' title='bbox 414 1211 479 1274; x_wconf 90' lang='lat' dir='ltr'>tem</span> <span class='ocrx_word' id='word_1_32' title='bbox 506 1205 671 1275; x_wconf 87' lang='lat' dir='ltr'>inimicam</span> <span class='ocrx_word' id='word_1_33' title='bbox 696 1213 899 1300; x_wconf 79' lang='lat' dir='ltr'>pugnantem</span> <span class='ocrx_word' id='word_1_34' title='bbox 927 1202 1091 1276; x_wconf 88' lang='lat' dir='ltr'>adversus</span> <span class='ocrx_word' id='word_1_35' title='bbox 1117 1226 1190 1278; x_wconf 90' lang='lat' dir='ltr'>nos.</span> 
     </span>
    </p>

    <p class='ocr_par' dir='ltr' id='par_1_5' title="bbox 518 1317 1789 1420">
     <span class='ocr_line' id='line_1_7' title="bbox 518 1317 1789 1420; baseline 0.01 -32"><span class='ocrx_word' id='word_1_36' title='bbox 518 1319 669 1390; x_wconf 82' lang='lat' dir='ltr'>Eleoaos</span> <span class='ocrx_word' id='word_1_37' title='bbox 694 1341 820 1390; x_wconf 81' lang='lat' dir='ltr'>nocem.</span> <span class='ocrx_word' id='word_1_38' title='bbox 874 1317 918 1389; x_wconf 86' lang='lat' dir='ltr'>Et</span> <span class='ocrx_word' id='word_1_39' title='bbox 943 1318 1093 1414; x_wconf 84' lang='lat' dir='ltr'>concede</span> <span class='ocrx_word' id='word_1_40' title='bbox 1119 1319 1261 1391; x_wconf 89' lang='lat' dir='ltr'>Domine</span> <span class='ocrx_word' id='word_1_41' title='bbox 1287 1320 1518 1395; x_wconf 75' lang='lat' dir='ltr'>liberationem</span> <span class='ocrx_word' id='word_1_42' title='bbox 1549 1324 1732 1420; x_wconf 78' lang='lat' dir='ltr'>perfectam</span> <span class='ocrx_word' id='word_1_43' title='bbox 1769 1353 1789 1401; x_wconf 86' lang='lat' dir='ltr'>n</span> 
     </span>
    </p>
   </div>
   <div class='ocr_carea' id='block_1_3' title="bbox 413 1431 1900 1535">
    <p class='ocr_par' dir='ltr' id='par_1_6' title="bbox 413 1431 1900 1535">
     <span class='ocr_line' id='line_1_8' title="bbox 413 1431 1900 1535; baseline 0.009 -32"><span class='ocrx_word' id='word_1_44' title='bbox 413 1431 522 1522; x_wconf 87' lang='lat' dir='ltr'>bellis,</span> <span class='ocrx_word' id='word_1_45' title='bbox 562 1433 770 1520; x_wconf 76' lang='lat' dir='ltr'>tumultibus,</span> <span class='ocrx_word' id='word_1_46' title='bbox 813 1440 847 1504; x_wconf 93' lang='lat' dir='ltr'>et</span> <span class='ocrx_word' id='word_1_47' title='bbox 884 1433 1129 1506; x_wconf 86' lang='lat' dir='ltr'>incursiombus</span> <span class='ocrx_word' id='word_1_48' title='bbox 1163 1434 1403 1527; x_wconf 86' lang='lat' dir='ltr'>barbarorum,</span> <span class='ocrx_word' id='word_1_49' title='bbox 1431 1439 1555 1535; x_wconf 93' lang='lat' dir='ltr'>populo</span> <span class='ocrx_word' id='word_1_50' title='bbox 1591 1451 1647 1515; x_wconf 91' lang='lat' dir='ltr'>tuo</span> <span class='ocrx_word' id='word_1_51' title='bbox 1684 1442 1788 1516; x_wconf 88' lang='lat' dir='ltr'>lideli:</span> <span class='ocrx_word' id='word_1_52' title='bbox 1894 1477 1900 1490; x_wconf 94' lang='lat'><strong>·</strong></span> 
     </span>
    </p>
   </div>
   <div class='ocr_carea' id='block_1_4' title="bbox 368 1551 1789 2458">
    <p class='ocr_par' dir='ltr' id='par_1_7' title="bbox 414 1551 1789 1851">
     <span class='ocr_line' id='line_1_9' title="bbox 415 1551 1789 1648; baseline 0.008 -28"><span class='ocrx_word' id='word_1_53' title='bbox 415 1558 515 1644; x_wconf 87' lang='lat' dir='ltr'>atque</span> <span class='ocrx_word' id='word_1_54' title='bbox 542 1552 574 1620; x_wconf 94' lang='lat' dir='ltr'>in</span> <span class='ocrx_word' id='word_1_55' title='bbox 603 1571 709 1644; x_wconf 90' lang='lat' dir='ltr'>pace,</span> <span class='ocrx_word' id='word_1_56' title='bbox 737 1570 823 1643; x_wconf 87' lang='lat' dir='ltr'>quae</span> <span class='ocrx_word' id='word_1_57' title='bbox 850 1571 870 1620; x_wconf 90' lang='lat' dir='ltr'>a</span> <span class='ocrx_word' id='word_1_58' title='bbox 897 1551 931 1619; x_wconf 75' lang='lat' dir='ltr'>te</span> <span class='ocrx_word' id='word_1_59' title='bbox 964 1559 1032 1637; x_wconf 88' lang='lat' dir='ltr'>est,</span> <span class='ocrx_word' id='word_1_60' title='bbox 1066 1571 1234 1623; x_wconf 90' lang='lat' dir='ltr'>conserva</span> <span class='ocrx_word' id='word_1_61' title='bbox 1267 1573 1399 1623; x_wconf 92' lang='lat' dir='ltr'>omnem</span> <span class='ocrx_word' id='word_1_62' title='bbox 1434 1575 1578 1648; x_wconf 84' lang='lat' dir='ltr'>gregem</span> <span class='ocrx_word' id='word_1_63' title='bbox 1610 1567 1717 1630; x_wconf 91' lang='lat' dir='ltr'>tuum:</span> <span class='ocrx_word' id='word_1_64' title='bbox 1754 1569 1789 1631; x_wconf 89' lang='lat' dir='ltr'>ut</span> 
     </span>
     <span class='ocr_line' id='line_1_10' title="bbox 415 1663 1788 1766; baseline 0.009 -32"><span class='ocrx_word' id='word_1_65' title='bbox 415 1663 549 1758; x_wconf 87' lang='lat' dir='ltr'>assidue</span> <span class='ocrx_word' id='word_1_66' title='bbox 576 1663 800 1755; x_wconf 79' lang='lat' dir='ltr'>glorificemus</span> <span class='ocrx_word' id='word_1_67' title='bbox 828 1672 874 1753; x_wconf 93' lang='lat' dir='ltr'>te,</span> <span class='ocrx_word' id='word_1_68' title='bbox 900 1665 1169 1760; x_wconf 86' lang='lat' dir='ltr'>unigenitumque</span> <span class='ocrx_word' id='word_1_69' title='bbox 1190 1665 1308 1738; x_wconf 89' lang='lat' dir='ltr'>Filium</span> <span class='ocrx_word' id='word_1_70' title='bbox 1335 1677 1442 1758; x_wconf 92' lang='lat' dir='ltr'>tuum,</span> <span class='ocrx_word' id='word_1_71' title='bbox 1464 1679 1498 1741; x_wconf 91' lang='lat' dir='ltr'>et</span> <span class='ocrx_word' id='word_1_72' title='bbox 1515 1670 1673 1766; x_wconf 85' lang='lat' dir='ltr'>Spiritum</span> <span class='ocrx_word' id='word_1_73' title='bbox 1701 1697 1788 1746; x_wconf 87' lang='lat' dir='ltr'>san-</span> 
     </span>
     <span class='ocr_line' id='line_1_11' title="bbox 414 1781 605 1851; baseline -0.016 0"><span class='ocrx_word' id='word_1_74' title='bbox 414 1781 605 1851; x_wconf 89' lang='lat' dir='ltr'>ctissimum.</span> 
     </span>
    </p>

    <p class='ocr_par' dir='ltr' id='par_1_8' title="bbox 518 1893 854 1986">
     <span class='ocr_line' id='line_1_12' title="bbox 518 1893 854 1986; baseline -0.003 -22"><span class='ocrx_word' id='word_1_75' title='bbox 518 1893 681 1986; x_wconf 82' lang='lat' dir='ltr'>Populus.</span> <span class='ocrx_word' id='word_1_76' title='bbox 734 1894 854 1966; x_wconf 84' lang='lat' dir='ltr'>Amen.</span> 
     </span>
    </p>

    <p class='ocr_par' dir='ltr' id='par_1_9' title="bbox 368 2007 1789 2316">
     <span class='ocr_line' id='line_1_13' title="bbox 518 2007 1789 2094; baseline 0.009 -14"><span class='ocrx_word' id='word_1_77' title='bbox 518 2009 695 2080; x_wconf 74' lang='lat' dir='ltr'>Sacerdos</span> <span class='ocrx_word' id='word_1_78' title='bbox 720 2007 913 2077; x_wconf 79' lang='lat' dir='ltr'>inclinatas.</span> <span class='ocrx_word' id='word_1_79' title='bbox 966 2008 1136 2080; x_wconf 83' lang='lat' dir='ltr'>Memento</span> <span class='ocrx_word' id='word_1_80' title='bbox 1170 2009 1315 2084; x_wconf 90' lang='lat' dir='ltr'>Domine</span> <span class='ocrx_word' id='word_1_81' title='bbox 1348 2025 1485 2088; x_wconf 87' lang='lat' dir='ltr'>sanctae</span> <span class='ocrx_word' id='word_1_82' title='bbox 1522 2013 1697 2091; x_wconf 87' lang='lat' dir='ltr'>Genitricis</span> <span class='ocrx_word' id='word_1_83' title='bbox 1724 2022 1789 2094; x_wconf 91' lang='lat' dir='ltr'>Dei</span> 
     </span>
     <span class='ocr_line' id='line_1_14' title="bbox 368 2115 1788 2228; baseline 0.008 -31"><span class='ocrx_word' id='word_1_84' title='bbox 368 2115 372 2132; x_wconf 77' lang='lat'>&#39;</span> <span class='ocrx_word' id='word_1_85' title='bbox 412 2126 560 2216; x_wconf 82' lang='lat' dir='ltr'>Mariae,</span> <span class='ocrx_word' id='word_1_86' title='bbox 588 2135 621 2196; x_wconf 89' lang='lat' dir='ltr'>et</span> <span class='ocrx_word' id='word_1_87' title='bbox 647 2119 836 2195; x_wconf 82' lang='lat' dir='ltr'>sanctorum</span> <span class='ocrx_word' id='word_1_88' title='bbox 862 2121 1104 2218; x_wconf 83' lang='lat' dir='ltr'>Apostolorum</span> <span class='ocrx_word' id='word_1_89' title='bbox 1132 2135 1272 2216; x_wconf 88' lang='lat' dir='ltr'>tuorum,</span> <span class='ocrx_word' id='word_1_90' title='bbox 1299 2140 1335 2200; x_wconf 87' lang='lat' dir='ltr'>ut</span> <span class='ocrx_word' id='word_1_91' title='bbox 1360 2133 1460 2201; x_wconf 83' lang='lat' dir='ltr'>etiem</span> <span class='ocrx_word' id='word_1_92' title='bbox 1476 2130 1607 2204; x_wconf 92' lang='lat' dir='ltr'>illorum</span> <span class='ocrx_word' id='word_1_93' title='bbox 1634 2137 1688 2228; x_wconf 82' lang='lat' dir='ltr'>qrd</span> <span class='ocrx_word' id='word_1_94' title='bbox 1702 2137 1788 2208; x_wconf 89' lang='lat' dir='ltr'>iuter</span> 
     </span>
     <span class='ocr_line' id='line_1_15' title="bbox 413 2243 897 2316; baseline -0.008 -3"><span class='ocrx_word' id='word_1_95' title='bbox 413 2264 474 2316; x_wconf 89' lang='lat' dir='ltr'>eos</span> <span class='ocrx_word' id='word_1_96' title='bbox 500 2243 672 2313; x_wconf 89' lang='lat' dir='ltr'>recenseri</span> <span class='ocrx_word' id='word_1_97' title='bbox 697 2248 897 2310; x_wconf 89' lang='lat' dir='ltr'>meruerunt.</span> 
     </span>
    </p>

    <p class='ocr_par' dir='ltr' id='par_1_10' title="bbox 515 2353 1786 2458">
     <span class='ocr_line' id='line_1_16' title="bbox 515 2353 1786 2458; baseline 0.009 -30"><span class='ocrx_word' id='word_1_98' title='bbox 515 2357 665 2428; x_wconf 82' lang='lat' dir='ltr'>Eleooos</span> <span class='ocrx_word' id='word_1_99' title='bbox 690 2376 816 2426; x_wconf 78' lang='lat' dir='ltr'>vocem</span> <span class='ocrx_word' id='word_1_100' title='bbox 869 2353 942 2426; x_wconf 90' lang='lat' dir='ltr'>Nos</span> <span class='ocrx_word' id='word_1_101' title='bbox 970 2356 1068 2426; x_wconf 88' lang='lat' dir='ltr'>etiam</span> <span class='ocrx_word' id='word_1_102' title='bbox 1093 2355 1239 2447; x_wconf 88' lang='lat' dir='ltr'>robora,</span> <span class='ocrx_word' id='word_1_103' title='bbox 1275 2369 1310 2430; x_wconf 92' lang='lat' dir='ltr'>ut</span> <span class='ocrx_word' id='word_1_104' title='bbox 1335 2360 1487 2452; x_wconf 86' lang='lat' dir='ltr'>gloriose</span> <span class='ocrx_word' id='word_1_105' title='bbox 1514 2363 1725 2458; x_wconf 89' lang='lat' dir='ltr'>perficiamur</span> <span class='ocrx_word' id='word_1_106' title='bbox 1751 2370 1786 2440; x_wconf 92' lang='lat' dir='ltr'>in</span> 
     </span>
    </p>
   </div>
   <div class='ocr_carea' id='block_1_5' title="bbox 412 2470 1926 2558">
    <p class='ocr_par' dir='ltr' id='par_1_11' title="bbox 412 2470 1926 2558">
     <span class='ocr_line' id='line_1_17' title="bbox 412 2470 1926 2558; baseline 0.007 -13"><span class='ocrx_word' id='word_1_107' title='bbox 412 2476 550 2547; x_wconf 86' lang='lat' dir='ltr'>scientia</span> <span class='ocrx_word' id='word_1_108' title='bbox 583 2493 686 2558; x_wconf 90' lang='lat' dir='ltr'>vera,</span> <span class='ocrx_word' id='word_1_109' title='bbox 721 2479 754 2540; x_wconf 89' lang='lat' dir='ltr'>et</span> <span class='ocrx_word' id='word_1_110' title='bbox 786 2470 990 2542; x_wconf 87' lang='lat' dir='ltr'>conscientia</span> <span class='ocrx_word' id='word_1_111' title='bbox 1023 2473 1169 2552; x_wconf 83' lang='lat' dir='ltr'>sincera:</span> <span class='ocrx_word' id='word_1_112' title='bbox 1208 2483 1243 2544; x_wconf 92' lang='lat' dir='ltr'>ut</span> <span class='ocrx_word' id='word_1_113' title='bbox 1277 2497 1318 2546; x_wconf 91' lang='lat' dir='ltr'>ea</span> <span class='ocrx_word' id='word_1_114' title='bbox 1352 2479 1483 2549; x_wconf 90' lang='lat' dir='ltr'>ratione</span> <span class='ocrx_word' id='word_1_115' title='bbox 1516 2480 1642 2551; x_wconf 89' lang='lat' dir='ltr'>similes</span> <span class='ocrx_word' id='word_1_116' title='bbox 1676 2482 1787 2555; x_wconf 84' lang='lat' dir='ltr'>effecti</span> <span class='ocrx_word' id='word_1_117' title='bbox 1922 2501 1926 2508; x_wconf 85' lang='grc'><strong>’</strong></span> 
     </span>
    </p>
   </div>
   <div class='ocr_carea' id='block_1_6' title="bbox 410 2585 1787 3607">
    <p class='ocr_par' dir='ltr' id='par_1_12' title="bbox 411 2585 1783 2798">
     <span class='ocr_line' id='line_1_18' title="bbox 412 2585 1783 2683; baseline 0.009 -23"><span class='ocrx_word' id='word_1_118' title='bbox 412 2591 536 2664; x_wconf 89' lang='lat' dir='ltr'>sanctis</span> <span class='ocrx_word' id='word_1_119' title='bbox 562 2593 642 2676; x_wconf 74' lang='lat' dir='ltr'>tuiS,</span> <span class='ocrx_word' id='word_1_120' title='bbox 670 2591 725 2683; x_wconf 87' lang='lat' dir='ltr'>qui</span> <span class='ocrx_word' id='word_1_121' title='bbox 752 2585 811 2658; x_wconf 89' lang='lat' dir='ltr'>tibi</span> <span class='ocrx_word' id='word_1_122' title='bbox 836 2589 972 2675; x_wconf 90' lang='lat' dir='ltr'>vivunt,</span> <span class='ocrx_word' id='word_1_123' title='bbox 1000 2597 1033 2658; x_wconf 90' lang='lat' dir='ltr'>et</span> <span class='ocrx_word' id='word_1_124' title='bbox 1060 2588 1147 2683; x_wconf 86' lang='lat' dir='ltr'>apud</span> <span class='ocrx_word' id='word_1_125' title='bbox 1174 2595 1207 2660; x_wconf 86' lang='lat' dir='ltr'>te</span> <span class='ocrx_word' id='word_1_126' title='bbox 1233 2590 1399 2682; x_wconf 88' lang='lat' dir='ltr'>custoditi,</span> <span class='ocrx_word' id='word_1_127' title='bbox 1426 2615 1501 2664; x_wconf 89' lang='lat' dir='ltr'>curn</span> <span class='ocrx_word' id='word_1_128' title='bbox 1516 2592 1580 2666; x_wconf 92' lang='lat' dir='ltr'>illis</span> <span class='ocrx_word' id='word_1_129' title='bbox 1595 2593 1783 2672; x_wconf 87' lang='lat' dir='ltr'>referamus</span> 
     </span>
     <span class='ocr_line' id='line_1_19' title="bbox 411 2703 746 2798; baseline -0.012 -21"><span class='ocrx_word' id='word_1_130' title='bbox 411 2704 469 2777; x_wconf 92' lang='lat' dir='ltr'>tibi</span> <span class='ocrx_word' id='word_1_131' title='bbox 496 2703 656 2798; x_wconf 82' lang='lat' dir='ltr'>gloriam,</span> <span class='ocrx_word' id='word_1_132' title='bbox 683 2713 746 2775; x_wconf 87' lang='lat' dir='ltr'>eto.</span> 
     </span>
    </p>

    <p class='ocr_par' dir='ltr' id='par_1_13' title="bbox 515 2819 1048 2914">
     <span class='ocr_line' id='line_1_20' title="bbox 515 2819 1048 2914; baseline -0.006 -24"><span class='ocrx_word' id='word_1_133' title='bbox 515 2820 676 2914; x_wconf 77' lang='lat' dir='ltr'>Populus.</span> <span class='ocrx_word' id='word_1_134' title='bbox 729 2819 849 2892; x_wconf 74' lang='grc' dir='ltr'>Αιιιθιι.</span> <span class='ocrx_word' id='word_1_135' title='bbox 1042 2901 1048 2914; x_wconf 26' lang='grc' dir='ltr'>ι</span> 
     </span>
    </p>

    <p class='ocr_par' dir='ltr' id='par_1_14' title="bbox 410 2934 1787 3242">
     <span class='ocr_line' id='line_1_21' title="bbox 517 2934 1787 3016; baseline 0.006 -8"><span class='ocrx_word' id='word_1_136' title='bbox 517 2937 691 3008; x_wconf 77' lang='lat' dir='ltr'>Sacerdos</span> <span class='ocrx_word' id='word_1_137' title='bbox 725 2934 917 3007; x_wconf 82' lang='lat' dir='ltr'>inclinatae.</span> <span class='ocrx_word' id='word_1_138' title='bbox 978 2934 1146 3008; x_wconf 90' lang='lat' dir='ltr'>Memento</span> <span class='ocrx_word' id='word_1_139' title='bbox 1180 2936 1324 3009; x_wconf 93' lang='lat' dir='ltr'>Domine</span> <span class='ocrx_word' id='word_1_140' title='bbox 1358 2938 1492 3010; x_wconf 84' lang='lat' dir='ltr'>Patmm</span> <span class='ocrx_word' id='word_1_141' title='bbox 1528 2951 1718 3014; x_wconf 89' lang='lat' dir='ltr'>sanctorum</span> <span class='ocrx_word' id='word_1_142' title='bbox 1752 2953 1787 3016; x_wconf 86' lang='lat' dir='ltr'>et</span> 
     </span>
     <span class='ocr_line' id='line_1_22' title="bbox 412 3049 1786 3147; baseline 0.004 -23"><span class='ocrx_word' id='word_1_143' title='bbox 412 3051 605 3142; x_wconf 90' lang='lat' dir='ltr'>beatorum,</span> <span class='ocrx_word' id='word_1_144' title='bbox 633 3055 687 3147; x_wconf 91' lang='lat' dir='ltr'>qui</span> <span class='ocrx_word' id='word_1_145' title='bbox 715 3049 928 3147; x_wconf 85' lang='lat' dir='ltr'>spiritualiter</span> <span class='ocrx_word' id='word_1_146' title='bbox 953 3073 1016 3124; x_wconf 92' lang='lat' dir='ltr'>nos</span> <span class='ocrx_word' id='word_1_147' title='bbox 1043 3062 1246 3144; x_wconf 89' lang='lat' dir='ltr'>genuerunt,</span> <span class='ocrx_word' id='word_1_148' title='bbox 1275 3051 1522 3144; x_wconf 87' lang='lat' dir='ltr'>educaverunt,</span> <span class='ocrx_word' id='word_1_149' title='bbox 1555 3067 1589 3127; x_wconf 89' lang='lat' dir='ltr'>et</span> <span class='ocrx_word' id='word_1_150' title='bbox 1625 3055 1786 3147; x_wconf 81' lang='lat' dir='ltr'>aluerunt,</span> 
     </span>
     <span class='ocr_line' id='line_1_23' title="bbox 410 3167 1299 3242; baseline -0.008 -2"><span class='ocrx_word' id='word_1_151' title='bbox 410 3171 444 3240; x_wconf 95' lang='lat' dir='ltr'>in</span> <span class='ocrx_word' id='word_1_152' title='bbox 471 3173 560 3242; x_wconf 91' lang='lat' dir='ltr'>omni</span> <span class='ocrx_word' id='word_1_153' title='bbox 588 3171 707 3240; x_wconf 91' lang='lat' dir='ltr'>timore</span> <span class='ocrx_word' id='word_1_154' title='bbox 733 3167 808 3238; x_wconf 90' lang='lat' dir='ltr'>Dei.</span> <span class='ocrx_word' id='word_1_155' title='bbox 1296 3169 1299 3176; x_wconf 88' lang='lat'>&#39;</span> 
     </span>
    </p>

    <p class='ocr_par' dir='ltr' id='par_1_15' title="bbox 410 3281 1785 3607">
     <span class='ocr_line' id='line_1_24' title="bbox 514 3281 1785 3379; baseline 0.003 -24"><span class='ocrx_word' id='word_1_156' title='bbox 514 3285 665 3355; x_wconf 78' lang='lat' dir='ltr'>Edonum</span> <span class='ocrx_word' id='word_1_157' title='bbox 689 3305 815 3354; x_wconf 88' lang='lat' dir='ltr'>oocem.</span> <span class='ocrx_word' id='word_1_158' title='bbox 867 3282 992 3355; x_wconf 90' lang='lat' dir='ltr'>Eorum</span> <span class='ocrx_word' id='word_1_159' title='bbox 1033 3286 1089 3379; x_wconf 91' lang='lat' dir='ltr'>qui</span> <span class='ocrx_word' id='word_1_160' title='bbox 1123 3281 1282 3354; x_wconf 86' lang='lat' dir='ltr'>doctores</span> <span class='ocrx_word' id='word_1_161' title='bbox 1327 3285 1402 3355; x_wconf 85' lang='lat' dir='ltr'>veri</span> <span class='ocrx_word' id='word_1_162' title='bbox 1443 3282 1576 3366; x_wconf 78' lang='lat' dir='ltr'>suerunt</span> <span class='ocrx_word' id='word_1_163' title='bbox 1608 3284 1785 3360; x_wconf 83' lang='lat' dir='ltr'>Ecclesiae</span> 
     </span>
     <span class='ocr_line' id='line_1_25' title="bbox 411 3385 1784 3488; baseline 0.003 -17"><span class='ocrx_word' id='word_1_164' title='bbox 411 3410 487 3473; x_wconf 87' lang='lat' dir='ltr'>tuae</span> <span class='ocrx_word' id='word_1_165' title='bbox 514 3411 668 3486; x_wconf 87' lang='lat' dir='ltr'>sanotae,</span> <span class='ocrx_word' id='word_1_166' title='bbox 696 3409 730 3470; x_wconf 90' lang='lat' dir='ltr'>et</span> <span class='ocrx_word' id='word_1_167' title='bbox 756 3422 776 3468; x_wconf 91' lang='lat' dir='ltr'>a</span> <span class='ocrx_word' id='word_1_168' title='bbox 803 3397 1050 3471; x_wconf 89' lang='lat' dir='ltr'>seductionibus</span> <span class='ocrx_word' id='word_1_169' title='bbox 1079 3400 1221 3486; x_wconf 90' lang='lat' dir='ltr'>erroris,</span> <span class='ocrx_word' id='word_1_170' title='bbox 1248 3419 1323 3468; x_wconf 89' lang='lat' dir='ltr'>eam</span> <span class='ocrx_word' id='word_1_171' title='bbox 1356 3385 1610 3488; x_wconf 76' lang='lat' dir='ltr'>subverterunt,</span> <span class='ocrx_word' id='word_1_172' title='bbox 1643 3412 1677 3472; x_wconf 93' lang='lat' dir='ltr'>et</span> <span class='ocrx_word' id='word_1_173' title='bbox 1709 3406 1784 3475; x_wconf 86' lang='lat' dir='ltr'>vias</span> 
     </span>
     <span class='ocr_line' id='line_1_26' title="bbox 410 3512 1784 3607; baseline -0.001 -20"><span class='ocrx_word' id='word_1_174' title='bbox 410 3527 520 3588; x_wconf 87' lang='lat' dir='ltr'>rectas</span> <span class='ocrx_word' id='word_1_175' title='bbox 548 3516 720 3588; x_wconf 90' lang='lat' dir='ltr'>advitam</span> <span class='ocrx_word' id='word_1_176' title='bbox 746 3513 981 3603; x_wconf 87' lang='lat' dir='ltr'>immortalem,</span> <span class='ocrx_word' id='word_1_177' title='bbox 1017 3514 1063 3585; x_wconf 96' lang='lat' dir='ltr'>illi</span> <span class='ocrx_word' id='word_1_178' title='bbox 1099 3512 1424 3587; x_wconf 86' lang='lat' dir='ltr'>demonstraverunt:</span> <span class='ocrx_word' id='word_1_179' title='bbox 1457 3524 1649 3587; x_wconf 87' lang='lat' dir='ltr'>numeratos</span> <span class='ocrx_word' id='word_1_180' title='bbox 1683 3517 1784 3607; x_wconf 89' lang='lat' dir='ltr'>igitur</span> 
     </span>
    </p>
   </div>
   <div class='ocr_carea' id='block_1_7' title="bbox 286 3627 1828 3720">
    <p class='ocr_par' dir='ltr' id='par_1_16' title="bbox 286 3627 1828 3720">
     <span class='ocr_line' id='line_1_27' title="bbox 286 3627 1828 3720; baseline 0 -16"><span class='ocrx_word' id='word_1_181' title='bbox 286 3709 291 3716; x_wconf 57' lang='grc'><strong>,</strong></span> <span class='ocrx_word' id='word_1_182' title='bbox 410 3635 497 3704; x_wconf 87' lang='lat' dir='ltr'>inter</span> <span class='ocrx_word' id='word_1_183' title='bbox 523 3631 657 3704; x_wconf 89' lang='lat' dir='ltr'>ordines</span> <span class='ocrx_word' id='word_1_184' title='bbox 684 3652 799 3703; x_wconf 90' lang='lat' dir='ltr'>eorum</span> <span class='ocrx_word' id='word_1_185' title='bbox 832 3627 886 3700; x_wconf 86' lang='lat' dir='ltr'>iac</span> <span class='ocrx_word' id='word_1_186' title='bbox 921 3650 1003 3720; x_wconf 92' lang='lat' dir='ltr'>nos,</span> <span class='ocrx_word' id='word_1_187' title='bbox 1043 3637 1078 3699; x_wconf 93' lang='lat' dir='ltr'>ut</span> <span class='ocrx_word' id='word_1_188' title='bbox 1104 3651 1178 3698; x_wconf 89' lang='lat' dir='ltr'>oum</span> <span class='ocrx_word' id='word_1_189' title='bbox 1211 3627 1275 3700; x_wconf 91' lang='lat' dir='ltr'>illis</span> <span class='ocrx_word' id='word_1_190' title='bbox 1311 3641 1345 3701; x_wconf 83' lang='lat' dir='ltr'>et</span> <span class='ocrx_word' id='word_1_191' title='bbox 1369 3633 1455 3700; x_wconf 88' lang='lat' dir='ltr'>inter</span> <span class='ocrx_word' id='word_1_192' title='bbox 1485 3629 1561 3704; x_wconf 90' lang='lat' dir='ltr'>illos</span> <span class='ocrx_word' id='word_1_193' title='bbox 1594 3629 1782 3704; x_wconf 82' lang='lat' dir='ltr'>referemus</span> <span class='ocrx_word' id='word_1_194' title='bbox 1806 3656 1828 3677; x_wconf 50' lang='grc' dir='ltr'>ι·</span> 
     </span>
    </p>
   </div>
   <div class='ocr_carea' id='block_1_8' title="bbox 362 3748 1784 4534">
    <p class='ocr_par' dir='ltr' id='par_1_17' title="bbox 362 3748 1784 4534">
     <span class='ocr_line' id='line_1_28' title="bbox 409 3748 804 3842; baseline -0.013 -21"><span class='ocrx_word' id='word_1_195' title='bbox 409 3749 466 3821; x_wconf 89' lang='lat' dir='ltr'>tibi</span> <span class='ocrx_word' id='word_1_196' title='bbox 492 3748 654 3842; x_wconf 81' lang='lat' dir='ltr'>gloriam,</span> <span class='ocrx_word' id='word_1_197' title='bbox 682 3757 744 3818; x_wconf 88' lang='lat' dir='ltr'>etc.</span> <span class='ocrx_word' id='word_1_198' title='bbox 801 3753 804 3758; x_wconf 84' lang='lat'>&#39;</span> 
     </span>
     <span class='ocr_line' id='line_1_29' title="bbox 514 3862 849 3956; baseline -0.006 -22"><span class='ocrx_word' id='word_1_199' title='bbox 514 3862 676 3956; x_wconf 83' lang='lat' dir='ltr'>Populus.</span> <span class='ocrx_word' id='word_1_200' title='bbox 729 3863 849 3934; x_wconf 90' lang='lat' dir='ltr'>Amen.</span> 
     </span>
     <span class='ocr_line' id='line_1_30' title="bbox 362 3975 1784 4070; baseline -0.002 -19"><span class='ocrx_word' id='word_1_201' title='bbox 362 4057 365 4063; x_wconf 57' lang='grc'><strong>,</strong></span> <span class='ocrx_word' id='word_1_202' title='bbox 512 3979 688 4051; x_wconf 76' lang='lat' dir='ltr'>Sacerdos</span> <span class='ocrx_word' id='word_1_203' title='bbox 714 3977 905 4048; x_wconf 81' lang='lat' dir='ltr'>inclinatus.</span> <span class='ocrx_word' id='word_1_204' title='bbox 958 3975 1123 4048; x_wconf 89' lang='lat' dir='ltr'>Miserere</span> <span class='ocrx_word' id='word_1_205' title='bbox 1149 3986 1185 4047; x_wconf 89' lang='lat' dir='ltr'>et</span> <span class='ocrx_word' id='word_1_206' title='bbox 1211 3998 1313 4070; x_wconf 87' lang='lat' dir='ltr'>parce</span> <span class='ocrx_word' id='word_1_207' title='bbox 1339 3976 1482 4048; x_wconf 89' lang='lat' dir='ltr'>Domine</span> <span class='ocrx_word' id='word_1_208' title='bbox 1510 3997 1572 4070; x_wconf 89' lang='lat' dir='ltr'>per</span> <span class='ocrx_word' id='word_1_209' title='bbox 1590 3975 1655 4047; x_wconf 90' lang='lat' dir='ltr'>boc</span> <span class='ocrx_word' id='word_1_210' title='bbox 1669 3981 1784 4049; x_wconf 88' lang='lat' dir='ltr'>sacri-</span> 
     </span>
     <span class='ocr_line' id='line_1_31' title="bbox 410 4089 1784 4187; baseline -0.001 -21"><span class='ocrx_word' id='word_1_211' title='bbox 410 4094 535 4182; x_wconf 83' lang='lat' dir='ltr'>ficium,</span> <span class='ocrx_word' id='word_1_212' title='bbox 565 4093 716 4168; x_wconf 89' lang='lat' dir='ltr'>omnibus</span> <span class='ocrx_word' id='word_1_213' title='bbox 744 4091 906 4164; x_wconf 81' lang='lat' dir='ltr'>defunctis</span> <span class='ocrx_word' id='word_1_214' title='bbox 933 4091 1104 4182; x_wconf 91' lang='lat' dir='ltr'>lidelibus,</span> <span class='ocrx_word' id='word_1_215' title='bbox 1131 4095 1186 4187; x_wconf 89' lang='lat' dir='ltr'>qui</span> <span class='ocrx_word' id='word_1_216' title='bbox 1212 4091 1340 4187; x_wconf 88' lang='lat' dir='ltr'>pridem</span> <span class='ocrx_word' id='word_1_217' title='bbox 1357 4089 1598 4181; x_wconf 87' lang='lat' dir='ltr'>decubuerunt,</span> <span class='ocrx_word' id='word_1_218' title='bbox 1625 4115 1700 4164; x_wconf 92' lang='lat' dir='ltr'>cum</span> <span class='ocrx_word' id='word_1_219' title='bbox 1721 4114 1784 4187; x_wconf 88' lang='lat' dir='ltr'>spe</span> 
     </span>
     <span class='ocr_line' id='line_1_32' title="bbox 411 4208 871 4299; baseline -0.007 -18"><span class='ocrx_word' id='word_1_220' title='bbox 411 4221 485 4299; x_wconf 87' lang='lat' dir='ltr'>tua,</span> <span class='ocrx_word' id='word_1_221' title='bbox 512 4213 545 4281; x_wconf 93' lang='lat' dir='ltr'>in</span> <span class='ocrx_word' id='word_1_222' title='bbox 571 4208 637 4281; x_wconf 91' lang='lat' dir='ltr'>lide</span> <span class='ocrx_word' id='word_1_223' title='bbox 665 4209 871 4282; x_wconf 87' lang='lat' dir='ltr'>Ortbodoxa.</span> 
     </span>
     <span class='ocr_line' id='line_1_33' title="bbox 467 4321 1783 4418; baseline -0.001 -22"><span class='ocrx_word' id='word_1_224' title='bbox 467 4401 469 4406; x_wconf 65' lang='grc'><em>,</em></span> <span class='ocrx_word' id='word_1_225' title='bbox 518 4325 668 4396; x_wconf 80' lang='lat' dir='ltr'>Elevane</span> <span class='ocrx_word' id='word_1_226' title='bbox 694 4348 819 4396; x_wconf 76' lang='lat' dir='ltr'>coceio.</span> <span class='ocrx_word' id='word_1_227' title='bbox 873 4321 997 4394; x_wconf 88' lang='lat' dir='ltr'>Omnes</span> <span class='ocrx_word' id='word_1_228' title='bbox 1031 4326 1198 4418; x_wconf 86' lang='lat' dir='ltr'>aspiciens</span> <span class='ocrx_word' id='word_1_229' title='bbox 1234 4346 1306 4395; x_wconf 88' lang='lat' dir='ltr'>curn</span> <span class='ocrx_word' id='word_1_230' title='bbox 1345 4322 1592 4413; x_wconf 87' lang='lat' dir='ltr'>misericordia,</span> <span class='ocrx_word' id='word_1_231' title='bbox 1627 4335 1783 4418; x_wconf 86' lang='lat' dir='ltr'>tanquam</span> 
     </span>
     <span class='ocr_line' id='line_1_34' title="bbox 410 4437 1782 4534; baseline 0 -22"><span class='ocrx_word' id='word_1_232' title='bbox 410 4439 563 4514; x_wconf 89' lang='lat' dir='ltr'>conditor</span> <span class='ocrx_word' id='word_1_233' title='bbox 589 4445 770 4514; x_wconf 87' lang='lat' dir='ltr'>animarum</span> <span class='ocrx_word' id='word_1_234' title='bbox 798 4451 832 4512; x_wconf 89' lang='lat' dir='ltr'>et</span> <span class='ocrx_word' id='word_1_235' title='bbox 858 4461 1036 4533; x_wconf 90' lang='lat' dir='ltr'>corporum</span> <span class='ocrx_word' id='word_1_236' title='bbox 1062 4438 1201 4511; x_wconf 91' lang='lat' dir='ltr'>illorum.</span> <span class='ocrx_word' id='word_1_237' title='bbox 1255 4439 1426 4534; x_wconf 84' lang='lat' dir='ltr'>Acceptas</span> <span class='ocrx_word' id='word_1_238' title='bbox 1453 4442 1552 4530; x_wconf 86' lang='lat' dir='ltr'>igitur</span> <span class='ocrx_word' id='word_1_239' title='bbox 1587 4437 1672 4510; x_wconf 90' lang='lat' dir='ltr'>habe</span> <span class='ocrx_word' id='word_1_240' title='bbox 1700 4443 1782 4512; x_wconf 87' lang='lat' dir='ltr'>istas</span> 
     </span>
    </p>
   </div>
   <div class='ocr_carea' id='block_1_9' title="bbox 409 4553 1898 4653">
    <p class='ocr_par' dir='ltr' id='par_1_18' title="bbox 409 4553 1898 4653">
     <span class='ocr_line' id='line_1_35' title="bbox 409 4553 1898 4653; baseline 0.003 -25"><span class='ocrx_word' id='word_1_241' title='bbox 409 4556 610 4644; x_wconf 89' lang='lat' dir='ltr'>oblationes,</span> <span class='ocrx_word' id='word_1_242' title='bbox 638 4581 724 4652; x_wconf 75' lang='lat' dir='ltr'>pune</span> <span class='ocrx_word' id='word_1_243' title='bbox 750 4579 812 4653; x_wconf 92' lang='lat' dir='ltr'>pro</span> <span class='ocrx_word' id='word_1_244' title='bbox 840 4553 903 4626; x_wconf 91' lang='lat' dir='ltr'>illis</span> <span class='ocrx_word' id='word_1_245' title='bbox 931 4554 989 4626; x_wconf 92' lang='lat' dir='ltr'>tibi</span> <span class='ocrx_word' id='word_1_246' title='bbox 1017 4555 1213 4627; x_wconf 89' lang='lat' dir='ltr'>olieruntur:</span> <span class='ocrx_word' id='word_1_247' title='bbox 1250 4565 1285 4627; x_wconf 90' lang='lat' dir='ltr'>et</span> <span class='ocrx_word' id='word_1_248' title='bbox 1310 4565 1445 4651; x_wconf 86' lang='lat' dir='ltr'>praesta</span> <span class='ocrx_word' id='word_1_249' title='bbox 1478 4555 1541 4628; x_wconf 90' lang='lat' dir='ltr'>illis</span> <span class='ocrx_word' id='word_1_250' title='bbox 1568 4553 1659 4626; x_wconf 88' lang='lat' dir='ltr'>bona</span> <span class='ocrx_word' id='word_1_251' title='bbox 1693 4578 1782 4650; x_wconf 88' lang='lat' dir='ltr'>pro·</span> <span class='ocrx_word' id='word_1_252' title='bbox 1821 4569 1831 4576; x_wconf 76' lang='grc'><strong>“</strong></span> <span class='ocrx_word' id='word_1_253' title='bbox 1891 4619 1898 4632; x_wconf 79' lang='lat'>..</span> 
     </span>
    </p>
   </div>
   <div class='ocr_carea' id='block_1_10' title="bbox 408 4672 1783 4995">
    <p class='ocr_par' dir='ltr' id='par_1_19' title="bbox 408 4672 1783 4995">
     <span class='ocr_line' id='line_1_36' title="bbox 408 4672 1782 4768; baseline -0.004 -24"><span class='ocrx_word' id='word_1_254' title='bbox 408 4676 510 4746; x_wconf 87' lang='lat' dir='ltr'>missa</span> <span class='ocrx_word' id='word_1_255' title='bbox 538 4673 749 4767; x_wconf 88' lang='lat' dir='ltr'>diligentibus</span> <span class='ocrx_word' id='word_1_256' title='bbox 777 4672 944 4746; x_wconf 86' lang='lat' dir='ltr'>Christum</span> <span class='ocrx_word' id='word_1_257' title='bbox 971 4681 1080 4761; x_wconf 81' lang='lat' dir='ltr'>tuum3</span> <span class='ocrx_word' id='word_1_258' title='bbox 1107 4694 1303 4768; x_wconf 88' lang='lat' dir='ltr'>perquem,</span> <span class='ocrx_word' id='word_1_259' title='bbox 1332 4682 1365 4742; x_wconf 90' lang='lat' dir='ltr'>et</span> <span class='ocrx_word' id='word_1_260' title='bbox 1392 4694 1465 4743; x_wconf 90' lang='lat' dir='ltr'>cum</span> <span class='ocrx_word' id='word_1_261' title='bbox 1494 4694 1559 4766; x_wconf 90' lang='lat' dir='ltr'>quo</span> <span class='ocrx_word' id='word_1_262' title='bbox 1583 4673 1782 4743; x_wconf 87' lang='lat' dir='ltr'>misericor-</span> 
     </span>
     <span class='ocr_line' id='line_1_37' title="bbox 409 4787 1783 4885; baseline -0.002 -27"><span class='ocrx_word' id='word_1_263' title='bbox 409 4787 495 4861; x_wconf 90' lang='lat' dir='ltr'>diam</span> <span class='ocrx_word' id='word_1_264' title='bbox 522 4793 684 4884; x_wconf 89' lang='lat' dir='ltr'>consequi</span> <span class='ocrx_word' id='word_1_265' title='bbox 717 4810 908 4885; x_wconf 84' lang='lat' dir='ltr'>speramus,</span> <span class='ocrx_word' id='word_1_266' title='bbox 942 4797 976 4858; x_wconf 89' lang='lat' dir='ltr'>et</span> <span class='ocrx_word' id='word_1_267' title='bbox 1008 4790 1239 4860; x_wconf 87' lang='lat' dir='ltr'>remissionem</span> <span class='ocrx_word' id='word_1_268' title='bbox 1272 4797 1486 4882; x_wconf 88' lang='lat' dir='ltr'>peccatorum</span> <span class='ocrx_word' id='word_1_269' title='bbox 1525 4809 1612 4882; x_wconf 76' lang='lat' dir='ltr'>quae</span> <span class='ocrx_word' id='word_1_270' title='bbox 1646 4795 1783 4881; x_wconf 86' lang='lat' dir='ltr'>propter</span> 
     </span>
     <span class='ocr_line' id='line_1_38' title="bbox 409 4902 925 4995; baseline -0.002 -21"><span class='ocrx_word' id='word_1_271' title='bbox 409 4925 485 4976; x_wconf 87' lang='lat' dir='ltr'>eum</span> <span class='ocrx_word' id='word_1_272' title='bbox 512 4915 580 4995; x_wconf 89' lang='lat' dir='ltr'>est,</span> <span class='ocrx_word' id='word_1_273' title='bbox 607 4915 642 4977; x_wconf 88' lang='lat' dir='ltr'>et</span> <span class='ocrx_word' id='word_1_274' title='bbox 667 4903 763 4978; x_wconf 91' lang='lat' dir='ltr'>nobis</span> <span class='ocrx_word' id='word_1_275' title='bbox 790 4916 826 4976; x_wconf 82' lang='lat' dir='ltr'>et</span> <span class='ocrx_word' id='word_1_276' title='bbox 852 4902 925 4976; x_wconf 91' lang='lat' dir='ltr'>illis.</span> 
     </span>
    </p>
   </div>
   <div class='ocr_carea' id='block_1_11' title="bbox 513 5020 1573 5209">
    <p class='ocr_par' dir='ltr' id='par_1_20' title="bbox 513 5020 1573 5209">
     <span class='ocr_line' id='line_1_39' title="bbox 513 5020 1052 5116; baseline -0.007 -24"><span class='ocrx_word' id='word_1_277' title='bbox 513 5020 675 5116; x_wconf 81' lang='lat' dir='ltr'>Papulae.</span> <span class='ocrx_word' id='word_1_278' title='bbox 729 5023 880 5109; x_wconf 80' lang='lat' dir='ltr'>Quietem</span> <span class='ocrx_word' id='word_1_279' title='bbox 907 5028 1052 5116; x_wconf 85' lang='lat' dir='ltr'>praesta.</span> 
     </span>
     <span class='ocr_line' id='line_1_40' title="bbox 1489 5133 1573 5209; baseline -0.012 0"><span class='ocrx_word' id='word_1_280' title='bbox 1489 5135 1538 5209; x_wconf 81' lang='lat'>33</span> <span class='ocrx_word' id='word_1_281' title='bbox 1551 5133 1573 5174; x_wconf 76' lang='lat'>¹*</span> 
     </span>
    </p>
   </div>
   <div class='ocr_carea' id='block_1_12' title="bbox 0 0 2360 6032">
    <p class='ocr_par' dir='ltr' id='par_1_21' title="bbox 0 0 2360 6032">
     <span class='ocr_line' id='line_1_41' title="bbox 0 0 2360 6032; baseline 0 2"><span class='ocrx_word' id='word_1_282' title='bbox 0 0 2360 6032; x_wconf 95' lang='lat' dir='ltr'> </span> 
     </span>
    </p>
   </div>
  </div>
 </body>
</html>
