4784 6040
747 572 939 652 inoliti}
978 573 1340 655 HERAGLEENSIS.
1657 575 1733 652 387

461 761 623 856 Populos.
677 761 830 848 Quietem
856 769 1001 856 praesta.

461 876 645 950 Sacerdos.
699 877 753 950 Ad
780 877 888 949 lucem
914 877 1199 968 inaccessibilem,
1236 902 1322 975 quae
1349 882 1383 950 in
1410 890 1444 952 te
1472 889 1542 971 ost,
1576 882 1732 968 Domine,

356 1012 419 1063 uos
452 998 632 1087 pervenire
667 993 739 1074 lac,
774 1002 807 1064 et
841 994 927 1065 inter
959 997 1128 1066 exercitus
1167 1005 1242 1068 tuos
1277 994 1436 1090 pacificos
1472 1018 1536 1070 uos
1571 1018 1731 1068 accense:

358 1115 456 1201 etque
489 1109 531 1182 e'd
564 1119 692 1204 partem
727 1108 900 1180 dexteram
927 1108 1023 1180 simul
1050 1132 1123 1180 cum
1152 1109 1267 1183 electis
1294 1114 1357 1183 tuis
1384 1134 1447 1184 uos
1475 1120 1509 1182 et
1534 1111 1612 1184 illos
1641 1133 1732 1183 con-

359 1224 473 1314 stitue;
501 1227 576 1319 quia
604 1228 833 1296 innumerum
862 1223 1056 1296 dilectorum
1083 1235 1212 1298 tuorum
1238 1229 1352 1298 uocati
1380 1248 1509 1299 sumus:
1545 1236 1581 1298 ut
1606 1231 1640 1298 in
1666 1225 1732 1298 hoo

358 1339 443 1408 sicut
469 1351 501 1412 et
539 1341 572 1410 iu
606 1339 758 1414 omnihus
792 1339 1012 1433 glorificetur,
1044 1349 1078 1412 et
1116 1341 1267 1414 laudetur
1298 1340 1576 1433 gloriosissimum
1608 1365 1731 1414 nomeu

358 1461 459 1541 tuum,
486 1463 520 1526 et
545 1452 767 1546 benedictum,
794 1454 956 1550 simulque
982 1455 1116 1528 Domini
1142 1459 1247 1531 nostri
1271 1457 1352 1530 Jesu
1371 1456 1505 1548 Christi,
1532 1465 1566 1528 et
1587 1457 1731 1554 Spiritus

358 1571 404 1640 tui
431 1573 547 1642 sancti.
1166 1557 1177 1566 ’

460 1686 622 1779 Populos.
675 1685 796 1759 Amen.

462 1799 646 1874 Sacerdos.
699 1802 783 1874 Pax.

461 1914 623 2008 Populos.
677 1918 720 1990 llt
747 1941 822 1990 cum
849 1921 964 2014 spiritu
991 1928 1057 1991 tuo.

461 2030 644 2106 Sacerdos.
697 2033 932 2107 lliserationes
958 2035 1021 2107 Dei
1048 2037 1122 2106 sint.

461 2147 642 2219 Diaconos
668 2150 753 2221 utcu
780 2150 1001 2222 Catholicom.
1054 2148 1230 2221 Sacerdos
1252 2153 1387 2246 [carpit
1413 2157 1448 2221 cl
1473 2155 1594 2246 monol.

461 2263 649 2336 moeonas.
696 2265 868 2358 Angelus,
896 2276 958 2337 etc.

593 2536 769 2611 Sooadm
795 2539 880 2609 dicit
908 2539 1106 2610 Orationem
1131 2545 1211 2610 onte
1237 2540 1338 2612 Pater
1365 2548 1492 2612 noster.

459 2727 554 2799 Deus
580 2727 698 2815 Pater,
733 2726 807 2798 Filii
840 2730 1020 2820 unigeniti,
1056 2727 1190 2800 Domini
1216 2727 1296 2815 Dei,
1333 2737 1367 2799 et
1399 2728 1589 2802 Salvatoris
1623 2732 1730 2803 nostri

357 2843 439 2916 lesu
466 2841 610 2933 Christi,
647 2846 702 2938 qui
728 2865 829 2940 supra
856 2866 973 2918 ornnes
1000 2842 1148 2933 ordines,
1176 2852 1362 2938 potestates
1389 2856 1423 2916 et
1449 2851 1583 2938 agmina
1610 2849 1729 2920 incor-

356 2981 460 3056 porea
496 2959 669 3033 extolleris
701 2971 735 3031 et
774 2957 970 3051 honoraris,
1001 2961 1161 3054 cujusque
1194 2958 1340 3050 gloriae,
1373 2959 1474 3032 millia
1506 2959 1662 3052 millium,
1696 2972 1731 3033 et

356 3075 525 3171 myriades
547 3075 730 3171 myriadum
751 3075 974 3148 indesinenter
995 3076 1207 3148 ministerium
1229 3073 1397 3146 exhibent
1425 3074 1478 3147 Tu
1496 3099 1584 3149 nunc
1604 3080 1730 3150 etiam-

358 3211 446 3281 num,
472 3192 625 3280 Domine,
652 3200 787 3288 praesta
814 3189 925 3280 nohis,
951 3202 987 3262 ut
1013 3213 1086 3262 oum
1114 3193 1318 3262 conscientia
1345 3211 1447 3286 puro,
1476 3203 1510 3263 et
1536 3213 1611 3263 cum
1637 3190 1730 3264 fidu-

358 3309 428 3394 cia,
461 3317 561 3402 atque
588 3329 703 3380 amore
730 3305 836 3402 qualis
868 3306 954 3379 lilios
989 3305 1104 3394 decet,
1141 3304 1322 3378 audeamus
1356 3310 1518 3379 iuvocare
1555 3317 1587 3379 te
1621 3307 1728 3379 Deum

358 3421 490 3494 Patrem
515 3427 785 3517 omnipotentem,
813 3413 1012 3516 oremusque
1033 3431 1066 3493 et
1081 3420 1246 3493 dicamus:
1274 3421 1509 3494 Pater-noster
1532 3425 1649 3516 quies,
1665 3434 1727 3495 etc.

458 3537 621 3631 Populus.
675 3537 916 3611 Sanctificetur.
1516 3521 1519 3526 ⁵

460 3653 644 3724 Sacerdos.
697 3654 764 3725 Per
789 3657 947 3726 virtutem
974 3661 1062 3723 tuam
1089 3661 1241 3748 potestas
1275 3661 1328 3726 est
1355 3655 1441 3724 inter
1467 3665 1660 3745 creaturas,
1695 3666 1730 3727 et
1761 3739 1768 3748 ⁵

358 3768 434 3842 illae
460 3779 494 3841 te
519 3768 719 3860 glorificant,
754 3792 775 3841 o
803 3769 881 3840 Rex
916 3770 1145 3858 saeculorum,
1181 3779 1215 3840 et
1239 3770 1383 3842 Domine
1409 3780 1621 3866 potestatum.
1676 3770 1729 3842 Tu

357 3887 455 3957 etiam
471 3895 713 3980 praeservatur
724 3895 903 3976 uosteres3
922 3887 1044 3958 salvati
1063 3889 1131 3958 cito
1150 3906 1265 3956 coram
1284 3895 1316 3956 te
1333 3907 1553 3981 appareamus
1575 3885 1729 3960 omnihus

356 3998 472 4074 diebus
499 4004 590 4072 vitae
617 4011 770 4074 nostroe:
804 4006 879 4097 quia
907 4000 1029 4076 honum
1057 4001 1115 4075 tihi
1140 4001 1273 4073 videtur
1299 4001 1439 4074 salutem
1466 4012 1668 4096 praestare:
1696 4011 1730 4072 et

357 4115 414 4190 tihi
440 4116 581 4210 gloriam
609 4116 795 4190 referemus
817 4117 980 4214 simulque
1006 4121 1177 4211 unigenito
1204 4117 1291 4190 Filio
1319 4127 1384 4191 tuo.

459 4233 620 4328 Populus.
674 4235 794 4308 Amen.

458 4349 643 4422 Sacerdos.
697 4350 780 4422 Pax.

461 4466 622 4560 Populos.
675 4465 719 4538 Et
746 4477 821 4538 cum
848 4468 964 4560 spiritu
991 4475 1059 4538 tuo.

458 4584 647 4655 Diaconos.
701 4583 801 4655 Ante.

458 4698 619 4792 Populus.
674 4696 798 4771 Coram
826 4707 859 4769 te
886 4697 1039 4769 Domine.

459 4812 644 4887 Sacerdos⁸
680 4817 791 4887 Animi
807 4816 994 4907 mentisque
1008 4810 1217 4908 perfectione
1236 4808 1334 4882 nohis
1353 4829 1517 4882 concessa
1537 4833 1599 4906 per
1612 4809 1727 4907 Spiri-

355 4937 421 5000 tum
449 4939 539 5002 tuum
567 4939 734 5019 sanctum,
763 4928 907 5002 heuedic
934 4927 995 5001 hos
1023 4950 1145 5002 servos
1173 4937 1207 4998 et
1233 4924 1431 4997 adoratores
1458 4935 1533 4998 tuos
1561 4929 1615 5033 qui
1641 4947 1729 4998 nuuc

355 5065 429 5115 cum
463 5049 584 5118 timore
618 5045 813 5117 inclinantur
845 5066 960 5117 coram
994 5053 1047 5135 te,
1086 5049 1307 5137 expectantes
1342 5040 1605 5114 misericordiam
1639 5053 1728 5114 tuam

393 5182 519 5229 romanu.
1474 5159 1522 5230 52
