4728 6028
688 611 743 686 IN
772 607 1061 686 titulatas
1095 605 1369 686 staticus.
1638 600 1709 679 115

349 795 418 860 dum
446 814 534 877 quam
557 793 705 858 Sacerdos
734 791 913 872 aliquamdiu
942 799 1057 874 partem
1086 791 1165 855 illam
1188 793 1312 857 Oblatae
1342 795 1537 853 consecratae
1565 790 1711 853 elevatam

348 902 439 974 tenet,
463 913 523 976 quo
546 891 704 956 intervallo
727 891 955 953 circumstantes
978 909 1074 972 usque
1097 889 1135 953 ad
1157 899 1267 956 terram
1289 889 1489 983 procumbere
1517 889 1713 952 venerabun-

349 993 415 1072 dos,
438 993 575 1073 deposita
599 993 687 1054 etiam
710 991 838 1070 capitum
861 987 964 1068 fascia,
989 996 1135 1052 testantur
1157 990 1289 1054 Antores
1313 990 1371 1052 alii.
1394 989 1426 1052 ln
1445 989 1561 1052 Graeca
1576 985 1714 1049 Alexan-

349 1092 433 1155 drina
456 1091 642 1172 simpliciter.
683 1079 717 1151 Ὀ
739 1076 845 1170 ispania
868 1078 953 1172 ὑψοῖ
971 1077 1010 1150 cd
1032 1079 1216 1152 orrovdtadv.
1260 1089 1412 1152 Sacerdos
1434 1090 1532 1152 elevat
1551 1087 1713 1166 Spodicorr,

348 1189 407 1254 hoc
430 1197 488 1268 est,
511 1198 543 1252 ut
566 1189 636 1251 alibi
657 1188 835 1265 notavimus,
859 1176 1061 1250 Aeomorrudv
1083 1183 1180 1264 σῶμα
1201 1187 1358 1269 videlicet,
1388 1207 1444 1252 seu
1467 1187 1583 1268 Corpus
1604 1185 1714 1246 Omni-

348 1307 458 1353 nemea.

436 1385 511 1450 Cum
532 1387 625 1469 igitur
653 1383 807 1466 plerique,
832 1384 1037 1446 Protestantes
1065 1386 1254 1466 praesertim,
1278 1384 1477 1450 elevationem
1504 1383 1711 1447 Eucharistiae
1750 1375 1920 1430 lassantes
1938 1377 2031 1429 lmen

350 1495 464 1549 certum
486 1485 592 1548 haberi
614 1483 708 1546 velint
730 1481 913 1546 adorationis
935 1482 1086 1561 indicium,
1109 1492 1140 1546 et
1161 1483 1332 1566 praefracte
1354 1484 1433 1547 illam
1456 1491 1514 1545 tam
1537 1501 1554 1546 a
1576 1482 1711 1560 Graecis,
1724 1471 1859 1564 ⁰³⁸⁸¹¹¹f³f⁰
1872 1471 2033 1562 ''imm“

351 1603 437 1667 quam
461 1586 498 1648 ab
522 1583 723 1646 Orientalibus
745 1582 903 1644 observari
924 1584 1115 1664 negaverint,
1138 1581 1248 1646 habent
1262 1583 1342 1666 quod
1356 1581 1557 1667 postulabant.
1601 1583 1710 1666 figere
1724 1547 2030 1688 ⁰}1⁰vf¹t¹.¹¹¹⁰¹¹⁰¹¹⁸ffl'¹'

349 1703 422 1748 sane
444 1683 571 1746 deberet
592 1701 647 1746 eos
677 1682 726 1763 qni
758 1681 912 1744 veritatem
940 1689 1094 1744 sectantur
1122 1683 1311 1762 ignorantiae
1340 1685 1551 1766 magistrorum
1578 1653 1739 1760 suorum,c
1758 1651 1875 1690 ‘mm‘

350 1785 486 1865 quirem
509 1800 587 1863 quac
609 1780 683 1844 solis
705 1781 801 1842 oculis
824 1778 968 1843 elucidari
990 1780 1104 1863 absque
1127 1781 1294 1868 Theologia
1316 1790 1452 1864 poterat,
1483 1800 1543 1844 non
1571 1781 1711 1857 viderint,

351 1885 418 1966 quia
442 1883 639 1946 elevationem
661 1881 848 1960 quaerebant
876 1878 944 1941 loco
973 1896 1033 1941 non
1061 1897 1127 1944 suo.
1173 1881 1320 1944 Volebant
1351 1881 1467 1944 scilicet
1494 1880 1574 1944 illam
1603 1881 1711 1957 statim,

349 1989 507 2064 postquam
529 1981 624 2060 verba
647 1977 757 2044 Christi
778 1979 975 2061 pronunciata
998 1986 1080 2060 sunt,
1104 1981 1249 2060 reperiri:
1272 1980 1360 2043 aliter
1381 1980 1491 2043 nullam
1513 1999 1582 2042 esse
1605 1981 1713 2043 existi-

350 2083 485 2159 mabant,
509 2079 588 2162 qnod
612 2077 827 2140 absurditatem
850 2077 940 2139 habet
964 2094 1029 2139 cum
1052 2095 1166 2142 summa
1194 2081 1342 2163 originum
1364 2080 1640 2143 Ecclesiasticarum
1662 2082 1712 2144 in-

351 2183 435 2246 scitia
458 2181 656 2262 conjunctam.
700 2177 774 2239 Nam
797 2177 823 2238 si
845 2175 1043 2240 elevationem
1066 2177 1272 2242 Eucharistiae
1295 2187 1410 2242 certum
1437 2180 1570 2262 judicant
1599 2180 1712 2243 adora-

351 2280 437 2342 tionis
460 2284 684 2363 argumentum,
718 2275 799 2357 quod
830 2293 890 2337 non
919 2276 960 2337 ita
988 2283 1120 2356 constat,
1155 2286 1187 2341 ut
1217 2278 1255 2341 de
1288 2297 1326 2342 eo
1349 2279 1476 2343 dubitari
1507 2297 1566 2341 non
1598 2281 1711 2360 possit:

350 2398 454 2461 parum
480 2378 574 2441 refert
597 2395 656 2457 quo
679 2383 817 2456 tempore
839 2375 918 2436 sacri
941 2373 1034 2438 Ollicii
1061 2375 1284 2442 Sacramentum
1308 2378 1459 2458 elevetur,
1488 2379 1577 2442 modo
1599 2378 1629 2441 id
1651 2378 1711 2441 liat.

351 2477 425 2542 Cum
446 2495 522 2540 vero
544 2476 658 2539 turbari
680 2473 908 2537 deformationis
930 2475 1034 2555 specie
1062 2474 1199 2539 Ecclesia
1230 2478 1345 2558 coepit,
1377 2476 1527 2540 debebant
1552 2477 1713 2541 Reforma-

350 2585 432 2640 tores
459 2577 609 2658 Litnrgias
637 2575 769 2638 Graecas
799 2592 876 2656 qnae
894 2575 957 2656 jam
979 2573 1078 2638 editae
1101 2575 1221 2638 fuerant
1242 2575 1292 2638 vel
1314 2576 1423 2640 leviter
1444 2579 1610 2658 inspicere:
1633 2577 1712 2642 illam

350 2695 422 2740 sane
445 2677 657 2760 agnovissent,
680 2676 706 2738 si
729 2689 789 2736 non
812 2691 849 2736 eo
872 2675 939 2756 ipso
962 2673 1048 2754 loco,
1073 2692 1133 2758 quo
1156 2676 1185 2736 in
1207 2674 1341 2738 Romana
1364 2677 1502 2740 Ecclesia
1530 2677 1596 2739 lieri
1623 2676 1713 2752 solet,

350 2783 380 2839 at
401 2775 490 2856 paulo
513 2782 581 2838 ante
606 2773 866 2850 Communionem,
898 2791 964 2836 cnm
998 2772 1173 2837 inclamatur
1193 2775 1309 2838 Sancta
1336 2779 1459 2839 abactis
1503 2776 1616 2838 Primos
1645 2775 1713 2838 illos

350 2875 495 2938 adversus
518 2873 686 2937 Ecclesiam
710 2872 899 2954 conjuratos,
933 2873 984 2952 qui
1011 2871 1181 2937 barbariem
1212 2882 1242 2936 et
1271 2875 1416 2938 inscitiam
1451 2885 1509 2938 tam
1540 2875 1714 2956 frequenter

348 2975 459 3037 nostris
482 2971 646 3057 'fbsologis
669 2970 904 3052 exprobrabant,
928 2971 1004 3036 haec
1027 2975 1186 3057 ignorasse
1209 2991 1297 3037 nemo
1321 2976 1489 3051 mirabitur,
1512 2976 1562 3056 qui
1584 2974 1712 3056 aliquam

347 3075 377 3136 in
399 3070 497 3136 studio
521 3071 702 3154 antiquitatis
724 3069 957 3134 Ecclesiasticus
980 3089 1104 3154 operam
1127 3074 1280 3153 posuerit,
1311 3092 1378 3136 cum
1408 3075 1497 3136 multa
1527 3075 1584 3137 alia
1616 3076 1712 3136 minus

345 3172 499 3235 recondita
521 3171 589 3255 illos
612 3169 780 3234 nescivisse
804 3177 937 3249 constet,
963 3179 993 3233 et
1015 3179 1155 3252 tanquam
1178 3174 1403 3254 superstitiosas
1425 3175 1577 3236 Romanae
1599 3173 1712 3236 Eccle-

347 3274 409 3336 siae
432 3272 599 3349 novitates,
623 3272 754 3334 instituta
776 3269 826 3351 pia
848 3285 946 3351 prope
968 3272 1065 3332 omnia
1089 3271 1324 3351 condemnasse,
1347 3289 1425 3353 qnae
1447 3282 1551 3336 sancta
1575 3279 1712 3335 veterum

347 3371 464 3434 Petrum
486 3370 712 3433 commendabat
734 3369 888 3430 autoritas.
933 3367 973 3431 At
995 3377 1093 3432 aetate
1114 3370 1323 3451 posteriores,
1354 3373 1481 3435 maxime
1513 3371 1712 3446 Albertinnm,

348 3473 443 3534 virum
465 3470 596 3532 infruitae
619 3469 774 3545 lectionis,
797 3469 847 3549 qui
870 3467 957 3530 etiam
981 3468 1204 3531 sordidissimas
1228 3469 1394 3550 scriptores
1418 3476 1614 3547 excusserat,
1638 3468 1713 3531 haec

349 3570 525 3653 ignorasse,
548 3577 617 3645 aut,
646 3566 726 3649 quod
753 3567 840 3648 pejus
871 3573 934 3646 est,
965 3566 1186 3644 dissimulasse,
1216 3569 1441 3631 excusationem
1470 3568 1579 3631 nnllam
1612 3568 1712 3630 habet.

348 3667 545 3752 Negaverunt
567 3675 666 3728 tamen
689 3665 804 3728 elevari
826 3673 876 3727 ant
898 3666 1017 3729 adorari
1039 3667 1266 3746 Eucharistiam,
1290 3669 1423 3748 quamvis
1446 3667 1598 3731 adoratam
1628 3665 1709 3728 illam

349 3784 469 3848 semper
490 3783 561 3829 esse
584 3774 718 3844 constet,
742 3766 830 3827 etiam
854 3782 921 3827 cum
943 3766 1120 3831 elevationis
1143 3769 1253 3831 mentio
1276 3768 1356 3830 nulla
1378 3766 1471 3830 foret:
1495 3768 1574 3830 etsi
1602 3768 1632 3828 in
1661 3766 1713 3828 illa

350 3867 431 3946 sola,
455 3866 553 3928 cultus
575 3866 712 3949 religiosi
735 3871 806 3927 nota
828 3874 911 3927 certa
935 3866 1143 3931 constituenda
1165 3877 1228 3947 est,
1251 3867 1330 3930 illam
1353 3867 1460 3930 Graeci
1490 3874 1521 3930 et
1543 3865 1713 3928 Orientales

349 3969 379 4030 in
401 3968 486 4030 libris
510 3967 572 4028 suis
595 3968 800 4048 consignatam
822 3965 967 4042 habeant,
990 3974 1021 4028 et
1043 3983 1109 4028 cum
1130 3966 1279 4049 religione
1294 3969 1468 4031 observent.
1512 3965 1556 4028 lta
1570 3964 1713 4028 Claudius

351 4066 612 4141 Carantoniensis,
636 4066 684 4128 cui
707 4063 834 4127 credere
856 4064 882 4126 si
905 4063 1006 4127 malint
1028 4073 1073 4127 tot
1095 4067 1160 4146 ejus
1183 4073 1367 4142 sectatores,
1389 4067 1489 4147 potius
1513 4083 1601 4147 quam
1623 4065 1713 4128 indu-

348 4167 449 4230 bitatis
472 4173 626 4242 autorum,
651 4165 853 4246 librorumque
876 4163 1034 4226 Ritualium
1065 4166 1257 4244 testimoniis,
1288 4165 1406 4229 illorum
1435 4183 1486 4227 res
1515 4167 1626 4249 agitur:
1657 4163 1713 4226 sed

349 4275 381 4329 ut
403 4265 473 4329 testi
496 4264 715 4344 imperitissimo
736 4282 838 4327 rernm
860 4262 990 4343 illarum,
1014 4265 1114 4346 potins
1136 4284 1224 4347 quam
1246 4265 1329 4327 libris
1351 4266 1478 4328 vetustis
1506 4274 1537 4328 et
1563 4265 1712 4348 indigenis

349 4366 499 4443 credatur,
522 4383 673 4446 nunquam
688 4364 880 4427 obtinebunt:
904 4381 963 4445 quo
987 4365 1064 4427 enim
1082 4365 1152 4446 jure
1175 4365 1242 4428 talis
1265 4365 1350 4428 testis
1373 4365 1469 4428 audiri
1484 4373 1600 4446 posset,
1624 4366 1712 4427 etiam

349 4486 366 4530 a
395 4465 621 4546 corruptissimo
647 4464 759 4546 Judice.
811 4464 851 4526 At
882 4463 1065 4527 eruditorum
1098 4464 1343 4543 Protestantium,
1372 4483 1477 4527 eorum
1505 4466 1632 4528 maxime
1661 4465 1712 4545 qui

349 4563 517 4646 linguarum
540 4565 732 4628 Orientalium
754 4565 862 4647 peritia
890 4565 1151 4642 commendantur,
1179 4563 1321 4646 judicium
1348 4581 1410 4627 non
1439 4561 1621 4648 refugimus:
1649 4565 1709 4626 imo

348 4663 385 4726 ad
422 4663 490 4726 illos
519 4681 736 4746 provocamus,
770 4672 802 4726 ut
834 4666 860 4726 si
891 4663 961 4746 quid
995 4665 1106 4727 habent
1134 4665 1163 4727 in
1191 4663 1354 4727 reconditis
1383 4663 1442 4726 illis
1471 4664 1533 4726 suis
1561 4661 1708 4725 thesauris

349 4761 566 4843 Orientalibus,
590 4782 650 4844 quo
672 4763 770 4827 refelli
793 4782 870 4846 quae
893 4763 1020 4826 diximus
1043 4763 1081 4826 de
1103 4764 1271 4827 elevatione
1301 4772 1330 4826 et
1357 4763 1532 4826 adoratione
1559 4762 1709 4825 Euchari-

349 4863 423 4926 stiae
452 4864 614 4944 perspicue
642 4865 776 4946 possint,
811 4880 847 4925 ea
874 4860 1043 4944 proferant,
1076 4863 1274 4945 publicaeque
1301 4863 1362 4926 luci
1393 4863 1511 4927 tandem
1544 4869 1708 4944 exponant,

348 4959 529 5044 heroemque
551 4962 632 5024 illum
655 4981 740 5026 suum
763 4981 780 5026 a
803 4961 870 5024 falsi
892 4961 1030 5042 crimine,
1055 4981 1114 5045 qno
1144 4981 1228 5024 reum
1256 4963 1338 5025 illum
1364 4961 1488 5026 facinus
1516 4981 1617 5026 coram
1644 4970 1707 5025 tota

351 5059 517 5124 Christiana
540 5061 709 5143 republica,
730 5064 757 5127 si
778 5069 922 5144 possunt,
947 5053 1106 5127 viddicent.
1150 5061 1183 5126 ld
1207 5071 1305 5126 autem
1327 5064 1521 5144 praestabunt
1543 5065 1569 5126 si
1591 5061 1708 5126 autori-

400 5197 523 5242 rormsu
1453 5181 1500 5255 18
