4728 6028
642 521 715 596 150
1139 526 1495 605 1111111111

740 711 889 783 11111111
913 733 1038 785 uocem.
1095 709 1139 783 Et
1163 721 1291 788 mentes
1319 736 1445 806 eorum,
1472 717 1527 812 qui
1551 735 1691 808 regnum
1717 737 1817 812 super
1841 715 1999 812 populum

637 839 726 902 tuum
753 828 908 916 ambiunt,
936 827 976 899 ad
1003 837 1037 899 te
1062 826 1192 921 inclina,
1218 829 1378 918 Domine,
1413 831 1513 902 etad
1548 831 1637 904 bona
1663 852 1848 927 propensos
1873 831 1999 929 perfice

635 945 725 1017 illos:
752 954 788 1017 ut
814 964 876 1016 nos
902 947 1027 1039 pariter
1053 942 1283 1016 Sacerdotium
1310 969 1385 1018 cum
1410 945 1486 1035 illis,
1513 949 1546 1018 in
1573 969 1613 1018 ea
1641 947 1884 1041 tranquillitate,
1912 970 1998 1044 quae

635 1084 709 1132 cum
742 1083 857 1133 eorum
888 1063 1145 1132 conservatione
1180 1070 1326 1149 constet,
1363 1057 1647 1153 administremus,
1678 1072 1712 1133 et
1743 1087 1815 1134 cum
1848 1061 1911 1136 illis
1938 1061 1998 1135 tibi

635 1177 777 1272 gloriam
803 1174 999 1265 referemus,
1025 1186 1059 1246 et
1084 1178 1254 1268 unigenito
1281 1177 1365 1251 Filio
1393 1187 1460 1250 tuo.
1852 1255 1859 1266 ,

737 1291 912 1364 Sacerdos
936 1293 1127 1362 inclinatur.
1180 1292 1329 1385 Dignare
1365 1296 1463 1366 etiam
1489 1296 1650 1385 Domine,
1677 1297 1883 1385 meminisse,
1910 1317 1996 1368 san-

634 1419 709 1482 ctae
735 1419 768 1480 et
793 1408 987 1504 praeclarae
1014 1430 1147 1502 semper
1172 1408 1321 1502 Virginis
1347 1411 1474 1482 Beatae
1500 1409 1639 1502 Mariae,
1666 1420 1701 1483 et
1726 1433 1800 1482 cum
1825 1434 1877 1498 ca,
1904 1413 1996 1485 Pro-

633 1524 805 1623 phetarum
833 1535 866 1596 et
892 1522 1145 1620 Apostolorum,
1172 1523 1374 1621 Martyrum,
1403 1524 1661 1616 Confessorum,
1688 1528 1839 1613 Piorum,
1865 1524 1996 1598 Sacer-

634 1642 745 1713 dotum
772 1650 806 1712 et
831 1640 1012 1730 iustorum,
1039 1642 1094 1734 qui
1120 1643 1153 1712 in
1179 1640 1244 1712 lide
1266 1663 1350 1712 vera
1374 1640 1515 1736 perfecti
1531 1647 1721 1730 extiterunt,
1749 1651 1783 1712 et
1809 1641 1845 1712 Β.
1860 1641 1997 1713 loannis

632 1759 862 1853 praecursoris
890 1765 924 1827 et
949 1757 1131 1851 Baptistae,
1158 1769 1192 1829 et
1219 1755 1254 1829 S.
1280 1757 1444 1853 praeclari
1459 1757 1618 1854 Stephani
1643 1761 1740 1854 primi
1756 1757 1994 1846 Diaconorum,

633 1875 957 1969 etprotomartyriS,
984 1883 1082 1968 atque
1108 1877 1252 1944 omnium
1278 1885 1477 1946 sanctorum.

736 1989 1035 2061 1111111111111.
1068 1989 1355 2084 Deprecationem
1382 1989 1438 2062 tibi
1466 1991 1645 2080 offerimus,
1672 2011 1694 2061 o
1719 1990 1875 2084 princeps
1887 1985 1994 2076 Deua,

632 2118 667 2180 ut
692 2106 755 2179 illis
783 2108 838 2201 qui
864 2106 909 2202 in¹
924 2106 1075 2196 angustia
1093 2107 1259 2176 constituti
1285 2108 1408 2176 exitum
1426 2128 1491 2177 non
1507 2105 1640 2193 babent,
1667 2102 1869 2176 latitudinem
1887 2125 1993 2198 prae-

632 2234 719 2298 stes:
746 2233 780 2294 et
805 2222 868 2293 illis
896 2224 950 2315 qui
977 2218 1102 2313 absque
1128 2228 1261 2292 rectore
1288 2231 1381 2311 sunt,
1407 2221 1657 2314 gubernationis
1690 2231 1766 2292 tuae
1797 2217 1993 2291 beuoiicium

631 2339 796 2414 conseras.
850 2336 920 2409 Fac
946 2357 1009 2408 nos
1037 2336 1157 2427 dignos
1183 2346 1277 2432 parte
1304 2359 1418 2410 eorum
1453 2340 1506 2433 qui
1540 2336 1599 2410 tibi
1624 2341 1658 2408 in
1688 2337 1830 2408 veritate
1856 2338 1993 2407 servie-

496 2529 499 2535 ,
630 2466 718 2545 runt,
744 2454 1004 2551 placueruntque
1030 2450 1106 2540 tibi,
1133 2462 1167 2524 et
1193 2475 1332 2546 quorum
1358 2457 1517 2525 memoria
1553 2458 1586 2524 in
1622 2463 1790 2525 aeternum
1825 2450 1992 2538 subsistet,

630 2583 665 2645 ut
697 2595 770 2645 cum
806 2573 855 2643 eis
888 2570 978 2662 digni
1010 2568 1187 2640 efficiamur
1218 2567 1383 2642 referendi
1419 2570 1560 2663 gloriam
1593 2579 1627 2641 et
1657 2568 1788 2641 laudem
1814 2569 1886 2638 sine
1912 2564 1991 2653 lune,

583 2727 585 2730 ·
629 2689 689 2761 tibi
715 2699 749 2760 et
774 2689 942 2778 unigenito
969 2683 1053 2756 Filio
1081 2694 1146 2757 tuo.

731 2800 906 2873 Sacerdoa
938 2799 1128 2872 inclinatur.
1181 2801 1348 2874 Memento
1382 2802 1524 2875 Domine
1566 2801 1696 2874 illorum
1730 2805 1785 2897 qui
1820 2803 1854 2870 in
1889 2798 1989 2872 domo
2067 2817 2072 2836 ·

590 2953 596 2964 ·
629 2929 817 2991 sanctorum
850 2940 912 2990 nos
948 2927 1221 3011 praecesserunt,
1263 2917 1487 2992 occubuerunt
1520 2929 1553 2990 et
1591 2922 1734 3014 quietem
1777 2897 1990 3012 acceperunt,

627 3035 761 3106 Patrum
788 3043 998 3122 sanctorum,
1024 3034 1206 3106 Doctorum
1233 3033 1524 3125 Ortbodoxorum,
1560 3037 1706 3106 maxime
1742 3055 1826 3106 vero
1858 3033 1990 3124 Ignatii,

543 3219 547 3238 ζ
628 3149 782 3244 Dionysii
809 3158 843 3219 et
868 3147 1069 3242 reliquorum
1095 3161 1300 3240 sanctorum,
1333 3161 1367 3223 ut
1391 3174 1453 3247 per
1480 3154 1649 3223 orationes
1677 3160 1710 3223 11
1736 3149 1989 3245 deprecationes

628 3286 743 3337 eorum
768 3263 947 3336 liberemur
974 3289 993 3336 a
1021 3265 1105 3338 dolis
1133 3271 1205 3360 ejus
1233 3269 1286 3361 qui
1314 3290 1360 3338 cx
1386 3267 1531 3340 adverso
1559 3277 1630 3357 est,
1663 3275 1697 3337 et
1731 3265 1772 3338 ab
1805 3259 1989 3335 hominibus

626 3405 777 3476 nequam.

728 3496 878 3567 Elecona
904 3518 1029 3580 uocem.
1077 3494 1122 3568 Et
1146 3495 1275 3569 illorum
1303 3499 1356 3590 qui
1381 3496 1564 3568 luculenter
1591 3493 1775 3566 detulerunt
1802 3495 1987 3564 annuncia-

625 3616 748 3685 tionem
784 3624 871 3685 tuam
906 3612 1092 3702 vivificam,
1123 3615 1156 3683 11
1192 3635 1322 3685 omnem
1355 3624 1479 3684 terram
1515 3634 1600 3706 quae
1633 3607 1694 3684 sub
1728 3608 1825 3682 coelo
1851 3618 1922 3697 est,
1955 3617 1989 3680 ct

623 3729 810 3802 Ecclesiam
838 3739 926 3800 tuam
953 3739 1100 3800 sanctam
1127 3729 1414 3818 confirmavcnmt,
1441 3751 1503 3823 per
1533 3727 1630 3800 iidem
1654 3726 1882 3800 Orthodoxam
1908 3747 1986 3797 me-

623 3855 748 3936 mento,
776 3854 809 3916 11
834 3867 896 3940 per
923 3849 1092 3917 orationes
1118 3867 1232 3918 eorum
1253 3867 1365 3940 puras,
1391 3867 1454 3919 nos
1483 3868 1614 3940 quoquc
1640 3866 1701 3940 per
1727 3842 1986 3915 misericordiam

624 3969 724 4046 tuam,
752 3969 786 4031 11
811 3981 903 4054 spem
931 3982 1016 4053 quae
1043 3983 1062 4030 a
1090 3971 1123 4032 te
1149 3969 1212 4050 est,
1238 3965 1323 4032 inter
1349 3973 1465 4034 coetus
1488 3985 1604 4034 corum
1617 3982 1779 4054 aggrega.

729 4072 904 4146 Sacerdos
929 4077 1120 4147 1111111111.
1172 4079 1240 4149 Ρ11
1265 4077 1329 4151 111
1355 4079 1551 4151 sacrificium
1573 4077 1659 4171 quod
1686 4075 1838 4148 manibus
1865 4077 1986 4147 nostris

625 4189 866 4284 peccatricibus
894 4190 951 4263 tibi
978 4186 1133 4282 ollertur,
1159 4194 1320 4283 Domine,
1347 4199 1539 4268 memoriam
1574 4193 1627 4265 iao
1654 4203 1801 4289 patrum,
1835 4188 1985 4276 fratrum,

625 4309 924 4402 magistrorumque
955 4319 1163 4397 nostrorum,
1200 4313 1254 4406 qui
1284 4309 1413 4406 pridem
1446 4311 1589 4384 defuncti
1620 4319 1654 4382 et
1689 4331 1734 4380 ex
1766 4306 1830 4379 hoc
1864 4304 1985 4376 mundo

623 4421 765 4517 proiecti
791 4423 834 4494 ad
868 4434 902 4496 te
928 4437 1165 4521 pervenerunt:
1200 4431 1409 4522 omniumque
1440 4427 1580 4500 {idolium
1614 4424 1844 4498 debructorum
1879 4420 1984 4513 bujuS,

623 4545 658 4607 et
683 4540 915 4635 cujuscumque
941 4541 1016 4632 loci,
1042 4546 1222 4639 praecipue
1247 4564 1331 4616 vero
1358 4544 1487 4617 illorum
1514 4567 1577 4640 pro
1596 4541 1713 4641 quibus
1740 4541 1876 4612 olicrtur
1901 4537 1984 4608 baec

622 4651 756 4724 oblatio.

725 4770 875 4843 Elecunr
900 4793 1024 4843 111111.
1076 4773 1235 4864 Domine,
1276 4776 1418 4848 Domino
1453 4785 1582 4849 amator
1620 4775 1806 4860 bominum,
1844 4773 1878 4842 in
1911 4772 1985 4841 sinu

622 4881 780 4959 Abrabae
807 4887 945 4974 colloca,
974 4899 1008 4960 et
1033 4893 1206 4985 quiescere
1233 4891 1315 4985 jube
1342 4913 1421 4981 eos,
1455 4895 1510 4986 qui
1542 4895 1574 4963 in
1608 4889 1672 4965 lide
1699 4887 1888 4963 orthodoxa
1915 4883 1983 4955 hu-

622 5023 741 5074 manae
768 5007 857 5075 vitae
883 5003 1054 5098 periodum
1082 5008 1350 5103 compleverunt,
1383 5018 1417 5080 et
1448 5011 1517 5082 vita
1549 5006 1612 5080 bac
1638 5004 1812 5104 temporali
1839 5001 1985 5076 exsoluti
