4784 6040
701 603 779 677 458
1215 601 1573 679 LITURGlll

805 789 982 862 Sacerdos
1013 790 1206 861 inclinatas.
1260 786 1423 878 Sanetus,
1463 785 1624 877 Sancus,
1666 787 1812 865 Sanctus
1856 815 1895 866 es
1934 795 2080 867 Domine

701 915 840 1001 potens,
870 910 925 1001 qui
953 911 1064 980 omnia
1092 904 1282 998 sanctificas
1299 926 1362 1000 per
1379 908 1598 976 sanctitatem.
1651 905 1795 980 Sanctus
1816 909 1918 981 Pater
1932 917 2079 1001 sanctus,

703 1022 757 1114 qui
797 1042 836 1093 es
872 1025 969 1115 origo
1005 1025 1201 1094 sanctitatis.
1261 1020 1404 1092 Sanctus
1440 1020 1543 1092 Filius
1586 1029 1741 1111 sanctus,
1781 1025 1837 1116 qui
1873 1045 1911 1095 es
1944 1021 2081 1095 effector

701 1139 895 1208 sanctitatis.
948 1137 1093 1211 Sanctus
1120 1138 1263 1233 Spiritus
1289 1145 1438 1222 sanctus,
1467 1139 1522 1230 qui
1548 1158 1586 1210 es
1614 1135 1690 1208 lons
1717 1140 1921 1228 sanctitatis,
1947 1143 2079 1212 sancti-

699 1250 762 1321 fica
789 1272 852 1324 uos
878 1275 941 1347 pcr
967 1264 1084 1326 saneta
1112 1263 1189 1344 tua,
1218 1276 1240 1323 o
1266 1251 1491 1325 sanctificator
1516 1251 1736 1340 Sanctomm3
1772 1252 1894 1324 munda
1925 1263 1990 1327 uos
2015 1273 2080 1349 per

699 1368 892 1460 puritatem,
920 1369 1098 1442 mundator
1124 1391 1240 1442 eorum
1268 1371 1323 1461 qui
1349 1369 1456 1441 minus
1482 1369 1558 1462 puri
1584 1377 1678 1455 sunt,
1705 1378 1740 1438 et
1765 1381 1902 1462 praesta
1919 1368 2017 1443 uobis
2043 1379 2081 1441 ut

700 1503 775 1552 cum
802 1486 964 1577 puritate,
991 1505 1179 1557 mereamur
1205 1484 1326 1556 initiari
1352 1484 1522 1579 mysteriis
1549 1482 1655 1571 illius,
1682 1487 1737 1577 qui
1765 1505 1811 1554 ex
1826 1487 1989 1556 immenso
2008 1506 2079 1579 pe·-

699 1595 779 1688 lago
805 1594 962 1673 bonitatis
990 1623 1072 1673 suae
1099 1601 1357 1673 communicavit
1382 1596 1481 1670 uobis
1508 1600 1669 1694 mysterio
1697 1619 1775 1686 sna,
1802 1608 1836 1670 et
1861 1597 2000 1671 deduxit
2012 1621 2078 1672 nos
2126 1667 2136 1679 ,

700 1710 742 1782 ad
769 1715 948 1806 imaginem
974 1719 1118 1809 regiam,
1146 1714 1321 1787 immolans
1347 1713 1447 1786 nobis
1480 1722 1609 1785 taumm
1642 1715 1845 1805 saginatum:
1879 1725 1914 1786 et
1947 1719 2079 1810 potavit

699 1849 762 1898 nos
788 1840 869 1925 potu
896 1851 978 1919 suo,
1005 1843 1086 1927 potu
1114 1835 1219 1916 vitae,
1256 1853 1355 1927 quem
1386 1833 1519 1925 paravit
1551 1828 1650 1902 nobis
1677 1849 1780 1923 super
1810 1840 1906 1923 prata
1938 1833 2077 1926 pinguia

699 1940 898 2016 fortitudinis
925 1947 1158 2041 spiritualiter:
1185 1951 1260 2043 ipse
1287 1945 1390 2017 Filius
1418 1942 1570 2017 Christus
1596 1943 1691 2016 Deus
1716 1965 1831 2016 verns.

803 2057 980 2132 Sacerdos
1002 2063 1139 2136 eleccos
1160 2084 1287 2134 aecem.
1341 2061 1406 2148 Qui
1432 2082 1506 2132 cum
1524 2058 1714 2132 voluntarie
1729 2057 1952 2134 humefactus
1971 2074 2076 2150 esset,
2094 2132 2099 2140 .

699 2185 798 2270 atque
830 2175 972 2248 bumana
1012 2183 1142 2264 omnia,
1178 2187 1325 2274 excepto
1356 2184 1512 2272 peccato,
1547 2173 1760 2271 perfecisset,
1795 2197 1862 2248 non
1897 2187 2008 2249 tamen
2041 2183 2077 2284 in

698 2292 807 2386 gloria
836 2312 895 2362 sua
923 2296 1181 2367 immutationem
1208 2314 1331 2390 passus
1358 2301 1426 2381 est,
1452 2313 1563 2386 neque
1589 2290 1745 2362 divinitas
1772 2292 1846 2382 ejus
1872 2296 1988 2386 periit,
2014 2295 2077 2366 sed

699 2406 817 2479 ditavit
843 2406 1076 2481 humanitatem
1103 2419 1255 2482 nostram
1282 2407 1453 2479 divinitate
1479 2428 1556 2478 sua:
1583 2415 1618 2477 et
1643 2405 1752 2478 lactus
1780 2415 1835 2478 est
1858 2404 1961 2479 bomo
1987 2431 2075 2505 per-

697 2519 826 2610 fectus,
853 2544 927 2592 cum
955 2533 1047 2596 esset
1071 2526 1166 2597 Dens
1200 2521 1387 2619 perlectus,
1421 2524 1466 2593 ita
1497 2533 1532 2593 ut
1558 2531 1650 2593 esset
1681 2530 1870 2617 utrumque,
1907 2543 1975 2595 non
2007 2522 2075 2596 duo

699 2644 756 2706 aut
782 2636 896 2733 plura,
924 2637 983 2710 sed
1011 2649 1205 2734 utrumque,
1231 2661 1294 2735 per
1320 2640 1567 2733 susceptionem
1593 2635 1757 2709 humanae
1790 2647 1946 2726 usurae,
1978 2638 2074 2710 Ver-

699 2747 778 2821 bum
811 2749 939 2823 scilicet
972 2775 1053 2826 caro
1079 2752 1203 2826 luctum
1231 2756 1393 2827 existens.
1448 2752 1620 2860 Quicum
1654 2760 1756 2824 totam
1793 2752 2075 2848 dispensationem

698 2887 793 2938 suam
819 2867 1007 2940 voluntarie
1035 2868 1305 2965 adimplevisset,
1332 2879 1366 2941 et
1392 2868 1435 2941 ad
1461 2871 1652 2963 passionem
1678 2867 1919 2958 voluntariam,
1954 2880 1988 2942 et
2011 2874 2075 2942 vi-

697 2978 847 3071 vificam,
883 2981 944 3054 scd
976 3005 1044 3056 uon
1071 2988 1221 3058 meritam
1255 2987 1406 3071 veniret,
1439 2994 1555 3080 typum
1590 2989 1747 3074 magnum
1784 2992 1818 3054 et
1851 3005 1945 3079 spem
1979 2989 2074 3058 vitae

668 3093 671 3100 ’
696 3094 829 3167 tradidit
856 3095 971 3186 nobis,
998 3120 1119 3195 penem
1151 3093 1165 3136 ³
1192 3101 1321 3174 scilicet
1347 3101 1403 3194 qui
1428 3097 1537 3170 lactus
1564 3109 1637 3170 erat
1657 3120 1780 3194 corpus
1796 3122 1892 3172 suum
1909 3111 2074 3188 sanctum,

696 3209 849 3284 manibus
876 3217 1001 3288 sanetis
1029 3225 1107 3287 ante
1133 3217 1250 3290 oculos
1273 3215 1388 3288 turbae
1409 3213 1644 3310 discipulorum
1661 3234 1796 3286 suontm
1816 3219 1945 3310 piorum
1964 3237 2072 3287 ucce-

695 3331 760 3422 pit,
789 3337 823 3398 et
849 3329 954 3401 oculis
981 3334 1014 3401 io
1042 3330 1173 3404 coelum
1199 3332 1341 3404 clevatis
1369 3333 1555 3427 aspiciens,
1583 3338 1617 3401 et
1642 3339 1675 3401 to
1701 3330 1794 3402 Deus
1812 3332 1912 3402 Pater
1927 3335 2068 3416 minens,
2154 3405 2157 3412 ,

696 3440 755 3512 tibi
791 3446 917 3535 gratim
951 3448 1038 3538 egit,
1077 3447 1359 3536 ⁴†benedixit,
1392 3453 1413 3529 †
1448 3444 1686 3532 sanctificavit,
1719 3452 1740 3528 †
1773 3445 1893 3538 fregit,
1929 3455 1963 3518 et
1994 3469 2071 3518 cum

697 3557 839 3645 edisset,
867 3558 957 3631 dedit
984 3561 1154 3659 discipulis
1181 3565 1250 3636 suis
1278 3565 1424 3651 sanctis,
1452 3572 1487 3633 et
1513 3561 1613 3648 dixit,
1641 3561 1803 3657 accipite,
1830 3560 1918 3633 edite
1945 3584 1991 3633 ex
2017 3584 2072 3635 eo.

696 3671 771 3744 Hoc
799 3681 852 3746 est
877 3697 1001 3772 corpus
1028 3699 1156 3766 meum,
1184 3682 1291 3772 ipsum
1319 3677 1407 3772 quod
1432 3699 1495 3773 pro
1521 3671 1628 3747 vobis'
1648 3684 1682 3748 et
1707 3698 1771 3771 pro
1805 3676 1914 3748 multis
1949 3679 1981 3747 in
2016 3700 2072 3751 me

697 3787 910 3862 credentibus
944 3789 1107 3884 frangitur
1135 3805 1168 3866 et
1195 3792 1350 3868 dividitur
1377 3792 1418 3866 ad
1446 3793 1672 3888 expiationem
1699 3790 1911 3879 delictorum,
1948 3803 1982 3864 et
2006 3815 2071 3863 re-

696 3906 889 3976 missionem
914 3918 1150 4001 peccatorum,
1176 3911 1346 4004 vitamque
1371 3929 1496 3981 novam
1523 3910 1556 3978 in
1583 3918 1763 3980 aeternum.

799 4018 961 4113 Populus.
1013 4024 1134 4095 Amen.

799 4133 985 4208 Sacerdos.
1038 4136 1082 4208 Et
1107 4141 1238 4226 vinum,
1266 4127 1363 4236 quod
1381 4136 1566 4235 perlectum
1593 4148 1666 4210 erat
1691 4141 1829 4230 sanguis
1857 4142 1930 4232 ejus
1947 4141 2071 4234 propi-

677 4252 866 4345 ·tiatoriuS,
893 4260 972 4347 post
998 4274 1138 4325 coenam
1165 4254 1255 4326 illam
1282 4256 1477 4350 mysticam,
1505 4277 1579 4326 cnm
1607 4278 1693 4349 aqua
1726 4263 1912 4349 temperate
1938 4258 2071 4328 miscu-

694 4369 795 4453 isset,
831 4370 957 4458 gratias
991 4371 1079 4460 egit,
1105 4376 1126 4452 †
1157 4367 1350 4460 benedixit,
1380 4371 1409 4458 †
1436 4369 1674 4457 sanctificavit,
1708 4371 1737 4458 †
1763 4369 1918 4466 deditque
1951 4369 2072 4442 turbae

673 4480 935 4574 'Apostolorum
962 4494 1171 4573 sanctorum,
1198 4494 1234 4556 et
1260 4485 1356 4556 dixit:
1382 4487 1555 4583 Accipite,
1581 4483 1684 4557 bibite
1711 4507 1756 4556 ex
1783 4508 1826 4560 eo
1851 4509 1918 4560 vos
1935 4508 2071 4560 omues:

693 4593 758 4666 llic
784 4604 836 4667 est
863 4601 1000 4690 sanguis
1028 4620 1122 4671 meus
1150 4601 1205 4694 qui
1230 4620 1292 4695 pro
1319 4599 1418 4674 vobis
1444 4611 1479 4673 et
1503 4623 1566 4697 pro
1593 4600 1702 4672 multis
1727 4602 1761 4672 in
1788 4623 1842 4672 me
1857 4600 2071 4674 credentibus

695 4706 888 4801 effunditur,
916 4722 950 4784 et
977 4711 1088 4802 datur,
1116 4712 1159 4786 ad
1186 4717 1413 4811 expiationem
1440 4715 1652 4804 delictorum,
1680 4719 1911 4790 remissionem
1937 4737 2070 4812 peeca-

694 4833 824 4915 torum,
854 4837 887 4899 et
912 4832 1017 4900 vitam
1043 4851 1167 4902 novam
1193 4833 1228 4901 iu
1255 4830 1388 4905 saecula
1416 4830 1637 4905 saeculorum.
1714 4880 1717 4886 ·

797 4940 959 5034 Populus.
1012 4946 1131 5018 Amen.

796 5055 981 5129 Sacerdos.
1034 5058 1179 5132 Etcum
1204 5065 1400 5158 mysterium
1425 5059 1489 5135 boe
1522 5060 1712 5136 tradidisset
1744 5065 1853 5134 coetui
1880 5062 2071 5160 discipulo-
