4728 6028
692 579 743 653 94
1067 579 1685 658 oasstvlttottss

382 739 678 840 ,ΓΟΨῙΜΜΜ
778 761 1007 826 Observandum
1035 760 1166 843 denique
1195 763 1290 842 Syros
1317 763 1349 823 in
1377 781 1413 824 ea
1436 762 1662 842 pronuncianda
1684 769 1820 825 veterem
1842 763 2064 845 simplicitatem

367 827 583 894 smptrercrapua
597 829 677 896 εἴη
690 863 787 945 magis
808 863 970 924 retinuisse
992 879 1080 942 mam
1094 859 1239 939 Graecos,
1262 862 1313 941 qui
1331 860 1475 924 formulas
1491 861 1603 942 aliquot
1618 862 1822 941 interponunt,
1837 868 1870 924 ut
1883 863 1914 923 in
1927 861 2064 945 Liturgia

367 912 539 1054 32:225:de
566 912 679 970 ⁶³⁰⁰&
690 960 793 1025 Basilii
803 959 952 1024 Sacerdos
972 966 1093 1023 secreto
1117 959 1205 1022 dicit:
1242 959 1370 1022 Domine
1392 959 1599 1040 puiSpiritum
1612 967 1750 1022 sonetum
1771 961 1851 1023 bore
1868 963 1958 1023 tertia
1978 960 2066 1042 Ape-

526 1036 534 1052 ·
690 1062 778 1124 stolis
805 1061 930 1133 misisti,
967 1059 1064 1134 illum,
1094 1077 1114 1120 ο
1136 1058 1229 1136 bone,
1250 1077 1289 1120 nc
1311 1057 1439 1136 ouferm
1460 1077 1480 1120 ο
1502 1078 1559 1122 me.
1605 1057 1668 1120 θον
1687 1057 1828 1120 mmrdum
1851 1077 1925 1120 crea
1952 1061 1985 1121 io
2005 1079 2064 1138 me,

689 1161 789 1236 Deo,
819 1167 850 1220 et
876 1157 1021 1236 Spiritum
1047 1162 1162 1218 rectum
1187 1157 1300 1218 innovo
1329 1158 1362 1218 in
1383 1157 1550 1220 uisceribus
1570 1159 1655 1220 mma.
1701 1155 1776 1218 lum
1798 1155 1950 1220 Diaconos
1973 1169 2065 1240 caput

689 1259 849 1336 inclinans,
874 1257 1013 1336 designat
1035 1256 1136 1317 orario
1160 1260 1296 1315 sanctum
1318 1271 1427 1334 panem
1449 1263 1480 1318 et
1502 1254 1573 1318 dicit
1595 1263 1731 1318 secreto:
1754 1254 1904 1333 Benedic,
1925 1256 2064 1335 Dominae,

690 1364 827 1420 sonetum
846 1375 974 1434 ponem:
1003 1361 1093 1435 atque
1115 1354 1156 1414 ita
1178 1351 1216 1415 ad
1239 1352 1341 1415 calicis
1363 1351 1622 1416 benedictionem:
1653 1371 1731 1434 quae
1751 1353 1858 1417 iisdem
1880 1356 1984 1418 verbis
2007 1374 2065 1419 oc-
2105 1421 2110 1424 .

691 1461 816 1519 currunt
838 1455 869 1515 in
892 1452 1026 1534 Liturgia
1051 1451 1275 1533 chrysostome
1298 1468 1359 1513 non
1380 1451 1411 1512 in
1435 1449 1551 1515 Graeca
1572 1451 1690 1531 iacobi,
1713 1468 1813 1533 neque
1836 1455 1867 1514 in
1886 1452 2010 1516 Graecis
2034 1461 2066 1517 et

691 1554 826 1635 Copticis
838 1549 1063 1628 Alexandrinis,
1085 1567 1186 1630 neque
1207 1550 1238 1611 in
1260 1549 1458 1613 Nestorianis.
1490 1549 1586 1612 Amen
1599 1557 1711 1612 tantum
1733 1550 1926 1634 subjungitur
1949 1571 1966 1615 a
1989 1551 2065 1615 Dia-

690 1668 780 1725 cono,
804 1651 840 1714 ad
863 1658 1021 1730 utramque
1044 1649 1191 1713 orationis
1213 1657 1340 1731 partem.

778 1750 885 1814 Obiter
901 1767 1021 1831 quoque
1042 1747 1203 1811 notandum
1226 1755 1284 1825 est,
1307 1746 1506 1810 Boderiauum
1529 1747 1648 1828 quoties
1671 1747 1786 1810 titulum
1810 1749 1897 1831 hujus
1919 1751 2065 1814 orationis

589 1879 593 1887 .
692 1851 798 1913 Latine
821 1848 986 1930 expressit,
1009 1865 1172 1928 perperam
1194 1847 1324 1909 vertisse
1347 1843 1519 1907 Lectionem
1541 1845 1672 1924 Spiritus
1693 1849 1808 1923 saneti,
1836 1847 1919 1910 nullo
1941 1865 2042 1912 sensu.

1083 2059 1089 2074 ι
1152 2106 1321 2177 Memento
1346 2102 1504 2191 Donaimc,
1531 2111 1595 2176 etc.

782 2315 847 2392 Huc
868 2325 1014 2404 incipiunt
1033 2321 1193 2403 Diptychn,
1217 2321 1385 2403 dequibus
1408 2341 1474 2385 cum
1497 2323 1588 2385 multa
1610 2323 1689 2386 dicta
1712 2324 1771 2387 sint
1792 2325 1823 2386 in
1837 2324 2061 2390 conmentario

693 2429 731 2492 ad
753 2428 856 2492 Basilii
879 2426 1035 2509 Copticam
1057 2425 1233 2508 Liturgiam,
1257 2423 1335 2505 quae
1358 2424 1492 2506 Syriacis
1515 2425 2000 2507 quoquellcclesilsconueniunt,
2023 2445 2062 2492 eo

691 2529 823 2592 lectores
846 2526 1032 2588 remittimus.
1062 2524 1152 2586 Utin
1175 2523 1301 2588 Graecis
1323 2525 1478 2604 incipiunt,
1500 2514 1684 2607 Mrp'cllpec
1706 2514 1807 2612 κύριε.
1830 2526 1976 2589 Μειιιειιιο
1989 2526 2062 2589 Do-

691 2628 781 2704 mine,
804 2626 899 2688 itain
922 2623 1056 2705 Syriacis
1071 2623 1215 2704 Litargiis
1238 2622 1275 2685 ab
1298 2631 1425 2701 tb'tnts,
1447 2621 1528 2702 quod
1550 2621 1628 2685 idem
1644 2630 1700 2686 est.
1729 2623 1841 2686 Orator
1855 2642 1912 2705 pro
1925 2625 2062 2689 omnibus

688 2723 782 2786 rebus
805 2730 836 2786 et
858 2723 1010 2803 personis,
1033 2723 1109 2784 vivis
1133 2728 1163 2785 et
1185 2723 1322 2785 mortuis.

778 2822 881 2886 Statim
904 2820 1014 2883 dicitur
1037 2822 1134 2884 oratio
1157 2838 1213 2900 pro
1236 2820 1375 2883 Ecclesia
1398 2818 1562 2897 Catlrolica,
1585 2820 1805 2900 etApostolica
1825 2819 1945 2886 lundata
1969 2840 2063 2903 supra

691 2927 808 3001 petram
830 2919 911 2996 lidei,
934 2927 968 2981 ut
990 2919 1020 2980 in
1044 2917 1161 2981 Graeca
1182 2918 1288 2981 Jacobi
1311 2925 1342 2980 et
1364 2919 1395 2980 in
1417 2918 1554 2980 omnibns
1577 2918 1659 2982 aliis:
1690 2927 1752 2982 tum
1774 2937 1830 3000 pro
1852 2920 1930 2983 locis
1952 2923 2064 2984 sanctis

692 3026 724 3080 et
754 3027 857 3081 sancta
887 3018 959 3081 Sion
982 3018 1112 3079 omnium
1133 3015 1338 3079 Ecclesiamm
1361 3022 1468 3091 matre,
1491 3018 1574 3078 utin
1600 3017 1715 3082 eadem.
1750 3013 1985 3104 Προςφέρομέκ
2010 3035 2066 3084 σοι

692 3109 841 3180 δέσποτα
852 3111 908 3179 καὶ
924 3105 1008 3196 ὑπὲρ
1025 3105 1126 3198 ἁγίων
1141 3131 1203 3180 σου
1214 3105 1332 3192 τόπων,
1348 3101 1406 3188 οὓς
1422 3101 1583 3191 ἐσόξασας
1596 3112 1638 3199 τῇ
1648 3109 1827 3200 ἐπιφανείᾳ
1840 3114 1901 3180 τοῦ
1915 3117 2068 3204 Χριστοῦ

691 3230 766 3292 σου,
797 3210 853 3276 καὶ
881 3213 922 3298 τῇ
945 3200 1155 3300 ἐπιφοιτήσει
1176 3212 1239 3276 τοῦ
1259 3205 1356 3296 c‘ylou
1378 3228 1440 3274 σου
1467 3202 1670 3291 πνεύματος·
1700 3210 1951 3300 προηγουμένως
1980 3209 2066 3303 ὑπὲρ

691 3310 749 3394 τῆς
771 3301 906 3390 e'odo‘50v¹
929 3301 1014 3376 Σιών
1034 3309 1092 3395 τῆς
1112 3302 1235 3398 μητρὸς
1255 3307 1371 3374 πασῶν
1391 3305 1663 3394 revinciuntur.
1707 3312 1868 3394 offerimus
1897 3315 1968 3392 tibi,
1995 3317 2065 3379 Do-

690 3413 786 3487 mine,
817 3420 847 3473 et
871 3431 929 3490 pro
956 3413 1073 3472 sancus
1093 3412 1162 3472 ostris
1184 3411 1277 3485 locis,
1303 3429 1379 3491 quos
1404 3411 1590 3490 plorisrcasti
1609 3412 1853 3490 manifestatione
1876 3411 1991 3476 Christi
2010 3417 2064 3491 tut,

690 3516 721 3569 et
741 3510 873 3571 aduentu
894 3511 995 3571 soracti
1015 3511 1059 3570 tui
1078 3509 1227 3588 Spiritus:
1254 3507 1424 3588 Praecipue
1451 3528 1510 3588 pro
1537 3510 1675 3589 plorioso
1695 3508 1786 3585 Sion,
1815 3517 1913 3572 matre
1934 3515 2065 3574 omnium

691 3605 906 3671 Scelestiorem.
942 3605 1066 3688 Syriaca
1090 3606 1273 3686 exemplaria
1297 3605 1402 3668 eadem
1424 3624 1521 3688 prope
1543 3607 1637 3670 verba
1660 3607 1781 3683 babent,
1803 3627 1844 3670 ex
1866 3609 1974 3688 quibus
1998 3611 2065 3672 elil-

690 3708 769 3767 citur
780 3705 930 3787 liturgias
944 3705 1022 3782 illas,
1042 3702 1188 3767 Graecam
1212 3712 1242 3766 et
1261 3704 1425 3785 Syriacam,
1448 3706 1588 3786 proprias
1601 3705 1758 3768 Ecclesiae
1772 3707 2064 3790 Hierosolymitanae

692 3802 802 3878 luisse,
832 3822 891 3867 nec
921 3802 1040 3866 aliunde
1064 3803 1284 3884 quaerendum,
1316 3821 1371 3865 cur
1391 3803 1508 3866 lacobo
1531 3811 1671 3884 tanquam
1693 3807 1791 3868 autori
1812 3806 1971 3870 attributae
1993 3809 2064 3872 sint.

693 3901 902 3964 Conveniebat
924 3902 1002 3964 enim
1025 3899 1103 3964 illius
1126 3901 1282 3964 Ecclesiae
1305 3901 1401 3981 primo
1424 3901 1589 3982 Episcopo,
1612 3911 1645 3965 ut
1659 3902 1697 3964 ab
1713 3921 1751 3964 eo
1765 3903 1898 3966 instituta
1912 3905 2065 3968 diceretur

647 4057 651 4064 .
692 3999 834 4062 sacrificii
856 3998 1030 4062 celebrandi
1053 3999 1159 4078 lorma,
1176 4018 1254 4080 quae
1274 3999 1435 4080 antiquitus
1446 3996 1507 4062 itttd
1520 4001 1692 4079 observata,
1706 4017 1764 4080 per
1777 4002 1944 4066 traditionis
1956 4003 2065 4066 lincam

692 4098 729 4160 ad
754 4099 818 4179 ejus
841 4115 1038 4160 successores
1060 4097 1235 4160 transmissa
1257 4097 1364 4161 iuerat.

396 4189 514 4243 nectem
528 4189 679 4257 ttierosoty-
780 4196 1051 4277 Hierosolymitaua
1072 4195 1223 4275 Ecclesia,
1245 4204 1341 4258 mater
1363 4196 1492 4258 omnium
1516 4196 1639 4258 aliarum
1661 4195 1787 4278 dicitur,
1818 4199 1888 4278 quia
1908 4199 2006 4280 prima
2028 4199 2065 4262 ab

369 4277 464 4374 aarum
486 4284 568 4330 'm'
584 4276 679 4336 ΕΜ·
693 4294 850 4375 Apostolis
874 4292 995 4357 lundata
1017 4302 1074 4373 est,
1098 4301 1130 4357 et
1151 4313 1192 4357 ex
1220 4294 1319 4358 Sionis
1348 4294 1530 4370 caenaculo,
1559 4296 1610 4358 ubi
1640 4294 1768 4376 Spiritus
1797 4305 1918 4361 sanctus
1948 4299 1978 4360 in
2009 4315 2066 4360 eos

369 4375 472 4412 rreum.
693 4393 904 4470 descenderat,
934 4391 1073 4472 proiecti,
1097 4391 1348 4472 praedicaverunt
1361 4393 1483 4474 ubique,
1507 4402 1538 4457 et
1550 4394 1684 4475 reliquas
1700 4397 1927 4459 constituerunt.
1957 4397 2066 4477 Neque

692 4492 807 4555 idcirco
832 4491 1061 4554 existimandum
1083 4499 1131 4554 est
1153 4491 1328 4572 ampliorem
1349 4493 1427 4556 inter
1442 4490 1702 4578 Syrosdacobitas
1726 4494 1900 4578 dignitatem
1922 4501 1953 4558 et
1976 4502 2066 4558 auto-

692 4593 812 4670 ritatem
835 4589 1109 4670 Hierosolymitano
1131 4589 1286 4670 Episcopo
1309 4591 1479 4654 attributam
1501 4592 1605 4656 luisse.
1635 4591 1755 4656 Habent
1775 4593 1805 4654 in
1828 4592 2065 4657 collectionibus

693 4689 849 4752 Canonum
871 4687 946 4766 suis,
969 4686 1121 4752 Canonern
1143 4687 1308 4752 Nicaenum
1328 4689 1378 4752 vt.
1400 4689 1575 4774 legitimum,
1597 4690 1763 4754 secundum
1785 4711 1874 4772 quem
1896 4692 2065 4756 Diocaeses

693 4789 755 4850 suis
779 4786 919 4850 limitibus
942 4787 1238 4867 circumscribuntur,
1261 4794 1292 4850 et
1314 4788 1378 4851 Vll.
1408 4790 1439 4850 in
1461 4807 1522 4870 quo
1545 4790 1685 4851 statuitur
1714 4799 1747 4852 ut
1767 4789 1874 4852 Aeliae
1895 4790 2066 4871 Episcopus

691 4885 869 4961 honoretur,
891 4892 963 4967 post
984 4886 1172 4949 Patriarcbas
1194 4886 1369 4967 Romanum,
1392 4886 1639 4966 Alexandrinum,
1655 4897 1686 4950 et
1695 4887 1925 4952 Antiochenum.
1948 4890 2065 4968 Nempe

691 4993 781 5054 uetus
813 4983 969 5048 canonum
997 4984 1142 5050 Collectio
1173 4985 1317 5066 Syriaca,
1348 4985 1488 5050 Canones
1515 4985 1585 5050 illos
1614 4995 1824 5068 repraesentat
1852 4995 1993 5052 accurate
2023 5006 2065 5050 ex
