4782 6068
705 637 782 712 616
1280 638 1511 715 NOTAE

699 822 766 886 aliis
790 821 827 884 ad
849 821 966 886 Iudicas
990 821 1145 884 Ecclesias
1169 823 1344 886 translatam
1368 821 1462 885 luisse
1486 829 1662 905 argumento
1686 830 1734 886 est
1755 823 1917 904 prohibitio
1948 827 1980 888 in
2000 829 2083 912 Syn-

699 920 758 984 odo
781 921 993 1002 Diamperensi
1021 920 1116 997 lacta,
1145 938 1184 984 ne
1213 923 1280 1003 quis
1304 922 1353 983 illa
1376 929 1530 986 uteretur:
1559 931 1593 985 ut
1615 941 1714 1004 neque
1738 922 1833 986 altera
1856 941 1934 1004 quae
1956 925 2084 992 iliodori

700 1036 810 1082 nomen
832 1018 1036 1100 praelerebat.
1082 1020 1171 1082 lstius
1193 1038 1269 1082 vero
1292 1020 1373 1083 nulla
1396 1021 1476 1102 apud
1506 1021 1706 1084 Nestorianos
1733 1022 1878 1104 memoria
1909 1029 1969 1086 est:
1999 1025 2081 1088 unde

698 1119 848 1198 suspicari
872 1119 942 1182 licet
965 1117 1111 1198 deceptos
1134 1119 1261 1182 nominis
1285 1119 1476 1182 similitudine
1500 1136 1647 1182 censores
1670 1118 1776 1197 luisse,
1799 1138 1866 1182 cunr
1878 1120 1974 1184 facilis
1989 1122 2083 1186 luerit

699 1217 787 1279 unius
811 1217 939 1280 nominis
963 1221 993 1280 in
1017 1209 1144 1280 alterurn
1168 1219 1389 1296 transmutatio,
1413 1220 1593 1298 praesertim
1616 1219 1645 1280 in
1669 1220 1795 1299 Syriaca
1818 1219 1980 1301 scriptura,
2002 1240 2083 1303 quae

699 1323 732 1378 ut
755 1313 887 1378 Arabica
910 1315 1036 1378 Graecis
1059 1316 1229 1378 nominibus
1253 1317 1459 1396 exprimendis
1481 1335 1586 1398 parurn
1617 1318 1774 1380 commoda
1804 1325 1868 1397 εει,
1897 1336 1956 1382 nec
1985 1323 2083 1403 magis

702 1433 791 1496 quam
815 1415 932 1479 Graeca
954 1415 1006 1478 ubi
1029 1416 1201 1478 Orientales
1225 1433 1317 1478 voces
1341 1415 1557 1497 exprimendae
1579 1423 1657 1478 suut.
1693 1415 1874 1498 Agnoscunt
1896 1417 2081 1499 Nestoriani,

704 1523 734 1576 et
766 1515 846 1576 iuter
876 1522 998 1578 sanctos
1034 1533 1107 1578 suos
1136 1515 1348 1594 Doctoresque
1377 1523 1535 1576 numerant
1565 1515 1731 1578 Diodorum
1762 1517 1960 1596 Tarsensem,
1994 1520 2081 1600 cujus

698 1614 874 1678 memoriam
896 1618 927 1676 in
949 1615 1028 1676 sesto
1052 1615 1240 1677 Graecorum
1261 1613 1388 1676 Petrum
1411 1613 1581 1677 celebrant:
1612 1623 1641 1678 at
1668 1614 1835 1696 Liturgiam
1865 1615 1931 1696 ejus
1959 1619 2082 1680 nomine

699 1715 811 1778 nullam
834 1715 955 1779 habent.
1002 1712 1193 1776 Theodorum
1215 1713 1343 1775 maxime
1367 1719 1551 1775 venerantur
1574 1721 1605 1776 et
1623 1713 1821 1793 interpretem
1842 1731 1899 1794 per
1921 1716 2082 1780 excelleu-

701 1815 771 1876 tiam
795 1821 926 1892 vocant,
957 1813 1027 1893 quia
1055 1812 1155 1874 multis
1180 1813 1210 1874 in
1233 1827 1336 1874 sacras
1358 1811 1474 1874 litteras
1497 1811 1717 1874 commentariis
1741 1811 1899 1891 inclaruit,
1930 1815 1981 1894 qui
2010 1815 2082 1878 licet

700 1914 737 1974 ab
761 1933 798 1977 eo
821 1914 942 1977 homine
965 1910 1096 1993 proiecti
1120 1912 1207 1992 cujus
1231 1910 1306 1974 fides
1329 1918 1472 1992 corrupta
1495 1919 1561 1972 erat
1585 1910 1881 1992 opinionibus'illis,
1911 1929 1987 1992 quas
2009 1914 2083 1978 Ne-

700 2015 812 2076 storius
843 2012 1021 2095 publicavit,
1052 2012 1125 2091 ipsis
1157 2010 1343 2073 0rthodoxis
1374 2028 1435 2073 non
1464 2009 1677 2072 contemnendi
1698 2010 1757 2072 visi
1779 2016 1864 2088 sunt,
1894 2010 1971 2074 adeo
1993 2021 2026 2074 ut
2050 2017 2083 2076 in

701 2111 822 2174 Catenis
851 2111 973 2194 graecis
1003 2109 1095 2171 multa
1126 2109 1244 2172 illorum
1274 2108 1441 2192 fragmenta
1471 2116 1644 2172 occurrant.
1697 2108 1846 2171 Discimus
1878 2127 1917 2170 ex
1946 2108 2081 2176 Liberali

698 2210 875 2291 Breviorio,
906 2210 997 2273 multa
1027 2218 1085 2272 taut
1108 2209 1359 2273 Nestorianorum
1388 2224 1477 2290 qnam
1499 2206 1702 2270 Jacobitarum
1732 2209 1899 2288 scriptain
1923 2207 2081 2272 Sectarum

699 2309 817 2373 illarum
847 2309 1019 2393 primordiis
1052 2309 1196 2371 translata
1223 2308 1318 2372 luisse
1346 2309 1376 2370 in
1399 2324 1588 2370 communem
1610 2307 1756 2388 Syrorum
1779 2307 1939 2370 Persarum
1962 2315 1993 2370 et
2015 2308 2082 2370 Ar-

697 2427 856 2471 menorum
880 2409 1024 2490 linguam.
1070 2407 1223 2470 Theodori
1246 2425 1340 2488 opera
1364 2408 1490 2488 Syriaca
1513 2405 1657 2468 translata
1679 2405 1774 2468 luisse
1797 2406 1997 2468 certissimum
2021 2414 2080 2488 est,

699 2526 767 2570 curn
790 2506 820 2569 id
842 2516 971 2572 testetur
986 2505 1176 2587 Hebcdjesu:
1201 2514 1231 2568 et
1254 2505 1364 2590 dudum
1387 2514 1445 2584 est,
1468 2524 1536 2569 curn
1548 2502 1698 2568 Arabicae
1722 2505 1896 2568 eorumdem
1918 2506 2079 2568 versiones

699 2605 798 2668 laetae
821 2615 890 2670 sunt
914 2627 954 2668 ex
977 2605 1121 2686 Syriacis.
1166 2605 1228 2666 lmo
1251 2624 1267 2666 a
1289 2604 1435 2668 Jacobitis
1457 2603 1620 2667 reformata
1649 2612 1695 2668 est
1719 2604 1768 2667 illa
1791 2606 1893 2668 versio
1917 2603 2081 2668 Commen-

699 2695 843 2768 tariorum
873 2706 904 2767 in
932 2703 1113 2785 Evangelia;
1144 2703 1268 2786 rejectis
1298 2703 1357 2766 illis
1388 2720 1465 2786 quae
1495 2702 1533 2766 ad
1555 2703 1766 2766 Nestorianam
1789 2703 1930 2767 haeresin
1952 2711 2080 2787 specta-

698 2802 782 2877 bant,
803 2811 836 2865 ut
860 2822 876 2865 a
899 2806 962 2866 suis
984 2803 1154 2866 bominibus
1177 2804 1244 2866 sine
1268 2802 1451 2866 ollendiculo
1474 2803 1537 2886 legi
1559 2809 1696 2884 possent,
1723 2801 1805 2881 quod
1828 2811 1957 2866 testatur
1978 2802 2080 2865 Abul-

698 2901 805 2966 bircat.
830 2903 903 2966 'lale
917 2902 1074 2983 exemplar
1085 2909 1142 2982 est,
1166 2902 1223 2964 nisi
1247 2902 1443 2966 vehementer
1464 2901 1605 2980 lallimur,
1629 2900 1709 2982 quod
1732 2908 1816 2963 extat
1835 2901 2079 2983 inSeguieriana

697 3000 900 3082 Bibliotheca,
930 3020 998 3064 nam
1020 3003 1051 3064 in
1073 3001 1124 3064 illo
1147 3002 1228 3084 quod
1252 3001 1442 3084 dogmatibus
1464 3001 1654 3064 Nestorianis
1678 3000 1779 3064 faveat
1801 3002 1933 3064 occurrit
1956 3005 2078 3066 omniuo

699 3099 785 3166 nihil.

786 3199 832 3262 De
855 3198 1014 3262 Theodoro
1037 3199 1254 3280 Mopsuesteno
1275 3206 1401 3279 praeter
1423 3218 1460 3262 ea
1483 3217 1560 3280 quae
1583 3198 1727 3282 leguntur
1756 3198 1835 3279 apud
1865 3205 1987 3262 autores
2010 3199 2075 3262 Ec-

698 3299 899 3377 clesiasticos,
922 3299 1046 3361 eruditis
1070 3299 1236 3378 notissima,
1258 3299 1331 3360 mira
1353 3307 1478 3363 narrant
1491 3296 1660 3375 Jacobitae,
1683 3305 1714 3360 et
1728 3298 1809 3360 inter
1824 3296 2076 3379 aliosllionysius

697 3396 845 3461 Barsalibi
867 3399 897 3459 in
920 3398 1067 3478 opusculo
1091 3398 1240 3461 adversus
1263 3397 1478 3477 Nestorianos,
1506 3397 1593 3478 quasi
1616 3415 1633 3458 a
1654 3395 1780 3458 ludaeis
1803 3398 1974 3476 institutus,
1998 3417 2078 3461 cou-

696 3498 807 3578 junctis
831 3497 965 3560 consiliis
988 3513 1087 3560 novae
1110 3497 1277 3559 haereseos
1300 3496 1482 3560 architectus
1504 3495 1612 3558 luerit:
1635 3495 1680 3557 Ea
1702 3496 1837 3558 narratio
1859 3514 1899 3558 ex
1922 3496 2078 3559 zeloreli-

697 3596 798 3676 gionis
828 3605 913 3673 nata,
944 3594 1067 3677 probari
1097 3602 1197 3657 tamen
1225 3613 1287 3657 non
1317 3603 1435 3676 potest,
1465 3614 1566 3677 neque
1598 3611 1665 3656 cum
1697 3593 1890 3658 historiarum
1912 3597 2078 3660 certiorem

699 3697 878 3758 testimoniis
902 3695 1069 3758 consentit:
1101 3703 1191 3776 atque
1215 3693 1291 3757 adeo
1316 3711 1333 3755 a
1355 3695 1443 3759 nobis
1466 3695 1626 3759 omittitur:
1655 3711 1752 3775 pauca
1780 3701 1893 3756 tantum
1923 3711 1979 3757 suo
2007 3695 2077 3758 loco

698 3812 739 3855 ex
760 3793 811 3856 illa
834 3793 1041 3858 delibavimus.

786 3893 861 3956 Cum
884 3911 960 3958 vero
983 3891 1202 3975 praescribitur
1224 3894 1254 3954 in
1277 3892 1410 3970 rubrica,
1434 3889 1585 3953 celebrari
1607 3911 1673 3954 eam
1695 3891 1861 3974 Liturgiam
1885 3893 2077 3956 aDominica

697 3991 794 4072 prima
813 3990 1062 4056 Annunciationis
1081 4010 1137 4054 seu
1152 3979 1411 4076 Εὖαγγελισμυῦ,
1433 3990 1512 4053 idem
1535 3999 1582 4052 est
1605 4010 1641 4053 ac
1662 3992 1689 4054 si
1710 3991 1817 4053 Latino
1840 3993 1900 4054 ritu
1922 3991 2077 4054 diceretur

696 4089 852 4153 Dominica
884 4093 979 4172 prima
1010 4091 1185 4154 Adventus:
1216 4093 1258 4152 ita
1287 4099 1319 4152 ut
1342 4090 1516 4154 celebretur
1538 4089 1612 4152 solis
1636 4089 1742 4152 diebus
1764 4089 1941 4154 Dominicis.
1986 4091 2076 4154 Plura

696 4189 830 4269 petenda
851 4198 994 4253 notantur
1024 4211 1064 4254 ex
1091 4191 1226 4272 Liturgia
1249 4190 1483 4271 Apostolorum,
1514 4189 1584 4269 quia
1617 4188 1668 4251 illa
1696 4189 1881 4269 reliquarum
1911 4197 1958 4252 cst
1987 4193 2075 4270 quasi

698 4285 818 4351 Canon:
840 4298 874 4352 ut
896 4290 975 4370 apud
999 4289 1135 4371 Coptitas
1158 4289 1275 4352 basilii:
1299 4289 1378 4370 apud
1401 4289 1497 4370 Syros
1519 4287 1673 4351 Jacobitas
1695 4288 1812 4352 iacobi.

1117 4551 1151 4622 2.
1193 4550 1334 4622 Smsnm
1361 4553 1397 4620 in
1425 4549 1583 4638 arcebo,
1611 4555 1676 4620 etc.

798 4741 972 4820 Srvnunxas
1001 4754 1060 4818 hoc
1083 4761 1114 4817 ct
1135 4753 1325 4818 Nestorianis
1347 4754 1502 4833 proprium
1525 4761 1589 4831 est,
1618 4760 1651 4814 ut
1672 4752 1768 4815 verba
1791 4771 1869 4833 quae
1891 4753 2073 4816 Praelationi

695 4859 926 4937 praemittuntur
946 4858 1184 4939 paraphrastice,
1207 4857 1404 4940 pluribusque
1429 4873 1516 4937 quarn
1539 4858 1693 4937 primaeva
1709 4855 1884 4936 simplicitas
1908 4855 2073 4920 tradiderat

695 4957 798 5020 verbis
822 4958 991 5020 enuncient.
1014 4958 1059 5020 De
1082 4957 1132 5020 illa
1154 4957 1387 5038 interpolatione
1408 4955 1482 5018 nibil
1503 4955 1590 5018 nobis
1614 4953 1772 5018 dicendum
1795 4955 1938 5017 occurrit.
1961 4955 1992 5018 ln
2017 4974 2072 5019 se-

697 5054 797 5132 cunda
823 5055 1012 5131 hortatione,
1041 5074 1103 5119 non
1130 5059 1216 5119 utin
1238 5058 1334 5138 prima
1362 5054 1493 5136 simplex
1522 5061 1570 5116 est
1596 5054 1808 5136 paraphrasis:
1836 5053 1892 5116 sed
1921 5056 2073 5118 sententia

698 5154 829 5219 diversa.
876 5155 950 5218 Cum
980 5157 1059 5218 enim
1089 5156 1166 5218 aliae
1193 5156 1350 5220 Ecclesiae
1380 5155 1525 5234 dixerint,
1556 5155 1684 5217 Gratias
1705 5173 1834 5235 cpcmns
1854 5153 1985 5218 Domino
2005 5153 2073 5216 Dec
