4782 6068
653 639 728 716 596
1224 642 1455 722 NOTAE

652 823 868 892 Catechumeni
896 827 1069 910 publiciquc
1097 827 1307 910 poenitentes,
1338 831 1467 894 statione
1494 839 1528 894 ut
1544 833 1712 916 ¹antiquitus
1742 851 1805 898 non
1831 834 2025 918 distinguun-

651 931 718 1006 tur,
756 944 834 1008 quae
865 929 995 1012 vestigia
1024 927 1112 1012 hujus
1142 929 1369 992 consuetudinis
1405 940 1571 1013 supersunt
1599 934 1630 996 in
1659 931 1823 998 codicibus
1849 934 2024 1018 liturgicis,

651 1033 703 1088 aut
723 1026 755 1088 in
776 1025 935 1090 Ritualium
957 1025 1190 1108 interpretibus,
1213 1045 1252 1090 ea
1280 1036 1442 1092 servantur
1471 1031 1509 1094 ad
1536 1033 1721 1114 antiquitatis
1751 1035 1940 1113 memoriam,
1969 1033 2026 1099 sed

655 1143 743 1188 usum
764 1141 825 1189 non
847 1125 978 1206 babent,
1007 1135 1041 1188 ut
1068 1126 1243 1190 observavit
1271 1127 1380 1191 dudum
1408 1128 1542 1193 lacobus
1569 1131 1756 1197 Edessauus.
1805 1132 1914 1214 Neque
1946 1135 2026 1196 enim

650 1225 812 1290 infidelium
843 1227 1033 1292 dominorum
1070 1227 1206 1310 tyrannis
1234 1227 1363 1310 patitur,
1398 1235 1432 1290 ut
1460 1228 1537 1292 baec
1564 1231 1662 1294 omnia
1692 1230 1791 1294 locum
1819 1231 1966 1310 babeant,
1993 1234 2025 1295 in

651 1324 853 1390 Orientalibus
875 1327 1032 1392 Ecclesiis.

849 1589 885 1660 7.
928 1589 1056 1683 lucipit
1081 1587 1258 1660 Sacerdos
1288 1588 1557 1684 Respausorium
1580 1594 1827 1683 mysteriorum.

760 1780 919 1859 larrium
942 1793 1032 1856 debet
1047 1791 1151 1857 Oratio
1166 1793 1369 1875 subsequens,
1394 1811 1411 1854 a
1426 1813 1484 1876 qua
1498 1792 1602 1875 incipit
1613 1791 1776 1876 Anaphara
1787 1797 1911 1877 proprie
1933 1797 2022 1876 dicta,

648 1918 707 1963 seu
728 1903 761 1959 ut
783 1897 907 1978 antiquo
929 1913 1014 1959 more
1035 1895 1208 1978 loquamur,
1236 1896 1333 1958 Missa
1361 1897 1524 1960 Fidetium:
1555 1899 1603 1961 cui
1631 1906 1732 1961 tamen
1757 1917 1819 1962 non
1841 1900 2023 1964 adscribitur

648 1997 721 2063 illud
743 1996 997 2078 Responsorium‚
1030 2012 1091 2075 quo
1121 1995 1246 2058 intentio
1268 1996 1407 2060 sacrificii
1435 1996 1583 2061 offerendi
1604 1996 1770 2061 secundum
1792 1998 1905 2062 Christi
1926 2018 2021 2082 prae-

649 2105 770 2181 ceptum
793 2096 982 2178 exprimitur,
1006 2095 1075 2176 quia
1099 2112 1257 2158 commune
1276 2101 1326 2157 cst
1348 2095 1413 2160 aliis
1436 2097 1589 2178 biturgiis.
1622 2094 1793 2161 inferuntur
1814 2107 1912 2162 autem
1934 2101 2022 2182 panis

649 2206 680 2262 et
701 2196 779 2261 calix
801 2214 820 2258 a
842 2193 1006 2260 Sacellario
1029 2202 1059 2257 et
1081 2193 1232 2271 Diacona,
1256 2201 1288 2256 et
1310 2213 1404 2275 super
1425 2195 1519 2258 altare
1542 2194 1742 2259 collocantur:
1764 2215 1803 2260 an
1820 2216 1896 2262 vero
1919 2200 1949 2262 id
1971 2200 2023 2263 liat

649 2298 757 2360 eadem
779 2314 900 2378 pompa,
924 2313 982 2376 qua
1005 2312 1132 2378 magnus
1155 2293 1310 2374 lntroitus‚
1334 2312 1352 2356 a
1374 2294 1510 2374 Graecis,
1532 2295 1695 2378 Aegyptiis
1719 2304 1751 2359 ct
1772 2297 1855 2374 aliis,
1877 2301 2022 2381 ignorare

648 2415 706 2460 nos
728 2397 830 2460 sinunt
851 2394 974 2458 codices
1002 2395 1214 2475 manuscripti,
1244 2394 1295 2476 qui
1326 2394 1365 2457 de
1394 2413 1431 2456 ea
1460 2393 1532 2457 nibil
1554 2396 1675 2458 omnbro
1697 2397 1916 2475 praescribunt.
1961 2398 2021 2463 Sed

648 2515 748 2580 neque
770 2515 812 2559 ex
833 2492 1052 2575 Diamperanae
1074 2491 1189 2575 Synodi
1210 2493 1351 2556 Decretis
1374 2492 1522 2578 colligere
1544 2493 1626 2573 licet,
1649 2512 1844 2575 suppressam
1867 2494 1960 2560 luisse
1983 2497 2019 2562 ab

647 2597 758 2662 Alexio
774 2594 911 2658 Menesia
928 2592 1005 2655 banc
1028 2592 1284 2672 consuetudinem,
1308 2592 1346 2656 de
1370 2611 1429 2675 qua
1451 2592 1531 2658 sorte
1554 2612 1614 2657 non
1637 2593 1725 2657 aliter
1742 2595 1909 2677 judicasset
1931 2616 2019 2680 quarn

646 2704 692 2760 tot
715 2695 879 2780 Theclam,
903 2695 954 2776 qui
976 2711 1043 2756 cam
1064 2691 1286 2773 superstitionis
1309 2700 1340 2755 ct
1361 2693 1521 2774 impietatis
1544 2693 1770 2770 damnaverunt,
1792 2712 1859 2758 cum
1883 2699 1941 2760 etsi
1961 2716 2019 2780 per

647 2815 683 2859 se
704 2793 900 2872 indifferens,
923 2801 1067 2858 nascatur
1088 2799 1188 2856 tamen
1210 2810 1250 2854 ex
1272 2809 1386 2854 summa
1409 2809 1484 2875 erga
1505 2792 1722 2858 Eucharistiam
1743 2797 1957 2874 veneratione,
1986 2805 2019 2859 ut

647 2894 718 2959 alibi
740 2893 943 2975 exposuimus.
987 2891 1035 2956 Ex
1057 2892 1163 2956 eadem
1185 2891 1274 2954 animi
1296 2891 1506 2972 dispositione,
1528 2893 1627 2956 statim
1649 2901 1739 2974 atque
1761 2893 1910 2958 clementa
1933 2895 2019 2960 altari

646 2995 849 3075 imponuntur,
876 2999 967 3056 vocat
989 3011 1026 3055 ea
1048 2991 1194 3054 sacerdos
1216 2993 1362 3076 mysteria
1383 2999 1502 3068 sancta,
1521 2993 1690 3072 praeclara
1711 3000 1742 3055 et
1761 2994 1897 3074 vivifica,
1920 2995 2019 3076 qualia

646 3103 747 3158 tamen
761 3093 893 3157 nondum
912 3100 992 3170 suut,
1014 3091 1070 3156 sed
1087 3091 1150 3173 jam
1172 3091 1212 3154 ita
1236 3098 1383 3154 vocantur
1404 3097 1436 3154 et
1457 3091 1654 3169 honorantur,
1677 3093 1746 3173 quia
1769 3093 1838 3156 talia
1861 3112 1918 3175 per
1940 3112 2020 3157 con-

646 3196 847 3258 secrationem
876 3192 975 3256 lutura
1004 3199 1084 3256 sunt.
1127 3191 1235 3255 blirum
1265 3199 1313 3254 est
1341 3191 1480 3254 intactam
1510 3177 1687 3254 aCe'usura
1702 3180 1786 3254 'hanc
1809 3191 1965 3257 formulam
1987 3198 2019 3258 in

645 3293 739 3358 Missa
751 3293 931 3356 Melabarica
947 3291 1140 3370 remansisse,
1164 3309 1231 3353 cum
1247 3289 1320 3354 alias
1333 3291 1440 3354 multas
1463 3289 1617 3353 orationes
1641 3293 1831 3371 mutaverint,
1853 3293 1885 3355 in
1907 3293 2016 3374 quibus

646 3393 685 3456 dc
707 3411 838 3474 corpore
861 3400 891 3456 et
914 3391 1062 3474 sanguine
1085 3390 1196 3454 Christi
1218 3389 1337 3453 Domini
1358 3401 1459 3453 sermo
1482 3397 1563 3468 erat,
1594 3398 1664 3453 ante
1688 3393 1961 3456 consecrationem:
1985 3401 2018 3456 ut

644 3493 696 3555 illa
718 3493 883 3576 praecipue
905 3489 1076 3554 benedictio
1099 3509 1166 3553 cum
1189 3489 1276 3552 calici
1298 3491 1399 3552 vinum
1411 3488 1586 3569 infunditur,
1608 3490 1775 3556 Misceatur
1796 3496 1922 3574 sumptis
1938 3514 2018 3575 pre-

339 3575 431 3670 sumat
439 3602 633 3676 bomensor
646 3596 743 3657 tiosas
763 3595 796 3656 iu
817 3593 913 3656 calice
934 3589 972 3656 b.
996 3590 1033 3653 N.
1055 3589 1131 3652 Jesu
1153 3588 1276 3666 Christi,
1299 3608 1377 3671 quae
1400 3591 1439 3653 ita
1461 3597 1571 3653 mutata
1594 3598 1650 3652 est.
1676 3591 1842 3655 misceatur
1863 3596 1965 3656 viuum
1986 3595 2019 3656 iu
2074 3615 2082 3636 =

322 3691 349 3741 5.
361 3687 436 3742 Decr.
448 3689 472 3741 1.

646 3695 743 3758 calice
763 3691 802 3759 D.
824 3691 861 3755 N.
885 3690 961 3754 Jesu
983 3689 1113 3768 Christi,
1133 3709 1173 3751 ue
1194 3691 1312 3751 erraris
1333 3689 1421 3751 detur
1443 3691 1581 3764 acrama,
1603 3691 1743 3753 coeundo
1764 3693 1866 3754 viuum
1886 3694 2019 3754 amodum

645 3800 865 3869 consecratum,
884 3792 1051 3872 pretiosam
1072 3789 1266 3871 compriment.-
1288 3790 1379 3870 quasi
1398 3787 1567 3850 alluderem
1586 3790 1629 3851 ad
1651 3792 1893 3854 emutatudiaem
1915 3791 2018 3855 Grae-

645 3913 761 3971 corum,
783 3894 972 3966 damnatum,
998 3891 1051 3972 qui
1066 3907 1179 3970 panem
1201 3894 1232 3949 et
1251 3890 1352 3949 cinam
1374 3885 1546 3968 offerentes,
1573 3889 1705 3952 adorant
1725 3897 1885 3972 autequam
1906 3911 2018 3955 corase-

645 4000 779 4072 creatur,
800 3992 835 4053 id
856 3989 1016 4070 sefacere
1038 3987 1237 4068 animantes,
1260 3988 1332 4068 quia
1353 4005 1426 4048 moa
1448 3989 1658 4050 cmmecrarrda
1668 3996 1743 4051 eruut.
1771 3987 1811 4051 At
1825 3989 1882 4052 ista
1896 3991 2017 4072 quddam

645 4094 692 4156 vis
715 4099 776 4156 est:
799 4109 889 4154 orare
912 4107 973 4152 non
994 4095 1122 4170 possunt
1143 4095 1177 4150 ut
1198 4087 1361 4150 misceatur
1383 4086 1483 4148 vinum
1506 4088 1537 4148 in
1559 4088 1672 4166 calice,
1695 4087 1775 4150 istud
1798 4089 1875 4152 enim
1897 4089 1928 4150 in
1950 4090 2016 4171 ipsa

644 4193 794 4256 inlusione
816 4189 924 4254 lactum
948 4196 1006 4268 est,
1029 4187 1085 4250 scd
1106 4205 1146 4250 ex
1167 4186 1227 4250 lide
1247 4187 1465 4268 promissorum
1483 4184 1593 4250 Christi
1606 4188 1814 4251 Eucharistiae
1835 4189 2016 4252 sacrificium

643 4293 842 4368 instituentis,
872 4296 975 4368 orant,
1003 4295 1037 4350 ut
1064 4288 1095 4350 in
1123 4286 1219 4350 calice
1241 4286 1402 4349 misceatur
1425 4287 1548 4369 sanguis
1572 4285 1699 4367 Christi,
1729 4287 1788 4351 hoc
1817 4295 1864 4350 est
1892 4297 1926 4352 ut
1954 4291 2018 4352 vini

644 4391 835 4456 consecratio
863 4390 915 4453 liat
941 4391 972 4452 in
1001 4387 1179 4470 sanguinem
1202 4385 1323 4450 Christi.
1367 4384 1432 4448 Nec
1461 4386 1549 4449 aliter
1577 4387 1704 4472 intelligi
1727 4388 1838 4452 debent
1861 4390 2016 4452 orationes

644 4491 892 4574 praeparatoriae
910 4489 1041 4571 aliquot,
1072 4505 1196 4569 quarum
1219 4485 1367 4549 sententia
1384 4493 1443 4548 tam
1465 4487 1627 4567 perspicua
1650 4496 1712 4564 est,
1734 4496 1768 4550 ut
1790 4489 1903 4570 absque
1928 4487 2016 4550 calu?

645 4591 725 4652 mnia
748 4589 922 4672 detorqueri
950 4588 988 4654 ad
1018 4602 1196 4668 perversam
1227 4585 1356 4666 aliquam
1378 4583 1551 4666 opinionem
1574 4594 1735 4670 nequeunt.
1781 4587 1863 4650 Talis
1886 4594 1933 4649 est
1955 4587 2018 4666 illa,

642 4689 835 4770 Exspectasse
863 4689 1041 4770 suspectaui
1066 4687 1235 4760 Dominum.
1281 4683 1400 4766 Corpus
1423 4682 1537 4747 Christi
1563 4693 1593 4747 et
1619 4690 1795 4772 sanquinem
1816 4689 1881 4768 ejas
1898 4689 2019 4768 pretio-

643 4809 709 4851 sam
732 4807 823 4868 suaper
843 4797 980 4852 eoactum
1002 4789 1102 4850 altare
1123 4784 1293 4876 offeramus.
1339 4785 1377 4846 Et
1398 4783 1485 4848 inira.
1529 4783 1629 4847 Ederet
1651 4804 1805 4867 pauperes
1832 4793 1864 4849 et
1890 4793 2019 4848 satura-

643 4885 768 4962 buntur,
802 4905 913 4967 corpus
944 4885 1059 4958 Christi
1084 4892 1115 4948 et
1141 4886 1316 4968 sarapaiaem
1346 4886 1411 4963 mus
1434 4885 1603 4963 predosam
1631 4903 1723 4966 super
1748 4887 1847 4948 altare
1878 4893 2017 4948 sanctum

645 4983 823 5066 offeramus,
855 5004 933 5066 quae
962 5005 1027 5048 rena
1056 4985 1203 5063 suturam,
1232 5002 1294 5047 non
1323 5001 1398 5046 vero
1429 4982 1537 5045 laetam
1564 4984 1744 5066 significant.
1789 4985 1916 5049 Graecis
1938 5002 2015 5048 vero

645 5084 809 5148 attribuere
840 5084 921 5166 quod
950 5084 1099 5148 elementa
1129 5084 1302 5165 priusquam
1331 5089 1508 5146 consecrata
1538 5083 1612 5162 sint,
1643 5084 1787 5164 adorent,
1816 5085 2015 5148 excusatione

646 5193 747 5262 caret,
776 5205 843 5248 cmn
873 5184 1005 5267 quinque
1034 5184 1120 5248 annis
1151 5190 1310 5264 antequam
1331 5182 1463 5282 Decreta
1484 5182 1685 5264 Diamperana
1707 5184 1916 5248 Conimbricae
1938 5183 2017 5276 ede-
