4712 6032
641 565 895 654 alunnum
921 577 1282 658 uveueuiisvnn.
1572 583 1646 657 167

380 758 541 852 Populus.
567 760 687 834 Amen.

380 877 557 949 Sacerdos
583 880 774 954 inclinatus.
827 883 948 955 ltemm
975 906 1272 959 commemoramus
1288 908 1399 958 eoram
1417 895 1462 974 te,
1488 888 1645 982 Domine,

279 1015 395 1068 omnes
422 1003 558 1090 sanctos
585 1005 619 1066 et
644 1007 774 1092 patres,
800 1021 874 1069 cum
901 997 1095 1094 ProphetiS,
1126 1002 1320 1098 Apostolis,
1351 1001 1577 1100 Martyrihus,
1611 1015 1644 1078 et

278 1107 556 1185 confessoribus:
584 1121 683 1206 atque
709 1119 772 1189 Dei
799 1115 969 1189 Genitrice
996 1127 1030 1189 et
1056 1119 1207 1191 omnibus
1234 1123 1366 1192 sanctis.

378 1234 529 1310 Danaos
554 1257 679 1307 vocem.
705 1231 749 1304 Et
776 1233 906 1305 illorum
933 1245 1122 1306 sauctorum
1150 1239 1330 1306 amicorum
1356 1245 1484 1307 tuorum
1511 1258 1642 1310 memo-

276 1355 359 1426 riam
387 1366 547 1446 agentes,
575 1351 792 1423 obsecramus
820 1359 853 1420 et
879 1349 1096 1446 deprecamur
1123 1359 1177 1437 te,
1209 1351 1371 1439 Domine,
1402 1362 1439 1423 ut
1469 1373 1531 1447 per
1562 1352 1645 1426 illo-

274 1492 346 1541 rum
382 1474 553 1542 orationes
589 1489 689 1564 puras
723 1477 757 1538 et
790 1475 942 1553 sanctas,
975 1465 1063 1558 digni
1103 1467 1281 1538 efficiamur
1315 1466 1424 1538 locum
1462 1470 1548 1540 inter
1582 1489 1644 1541 eos

273 1583 427 1676 habendi,
455 1596 489 1659 et
515 1596 640 1660 sortem
659 1605 746 1678 quiae
772 1581 835 1653 illis
863 1582 997 1674 obtigit:
1023 1604 1085 1677 per
1111 1585 1251 1674 gratiam
1277 1594 1378 1671 tuam,
1405 1593 1447 1654 et·
1459 1606 1521 1679 per
1536 1586 1645 1659 mise-
1753 1653 1756 1662 ,

274 1702 472 1793 ricordiam,
510 1721 723 1794 amoremque
749 1720 831 1791 erga
859 1696 1008 1771 homines
1035 1701 1195 1790 unigeniti
1221 1699 1296 1770 Filii
1315 1702 1377 1788 tui,
1404 1720 1465 1794 per
1491 1721 1587 1794 quem
1612 1712 1646 1774 et

277 1839 351 1888 cum
379 1841 446 1913 quo
474 1829 508 1889 te
534 1817 631 1889 decet
656 1814 788 1912 gloria,
809 1824 871 1886 etc.
1078 1814 1240 1906 Populus.
1267 1816 1385 1888 Amen.

380 1933 556 2006 Sacerdos
582 1933 773 2004 inclinatos.
800 1929 969 2002 Memento
997 1935 1116 2018 etiam,
1143 1931 1304 2018 Domine,
1332 1931 1537 2021 Praesulum,
1563 1933 1643 2005 Do-

274 2059 420 2136 ctorum,
447 2061 481 2122 et
506 2049 683 2122 Pastorum
707 2031 884 2119 Ecclesiae
898 2055 987 2156 ‘tuae
1013 2057 1149 2120 sanetae
1176 2046 1403 2121 Orthodoxae.

379 2166 531 2238 Eleooas
556 2187 681 2236 oooem.
708 2162 836 2236 Eorum
862 2165 916 2256 qui
942 2185 1004 2258 per
1031 2162 1212 2235 doctrinam
1239 2185 1355 2235 veram
1377 2174 1411 2236 et
1425 2166 1644 2259 Dominieam,

229 2303 231 2306 ·
274 2284 516 2354 constituenmt
540 2280 712 2352 Ecclesiae
739 2289 812 2350 tuas
841 2289 995 2368 sanetas,
1023 2289 1057 2350 et
1083 2277 1125 2350 ab
1152 2279 1216 2351 illis
1243 2279 1501 2354 deturbaverunt
1527 2305 1644 2358 omnes

272 2397 435 2471 haereses
461 2401 689 2494 perniciosas,
716 2405 750 2467 et
774 2418 837 2491 per
862 2394 1018 2488 dogmata
1046 2417 1125 2485 sua,
1152 2399 1328 2468 veritatem
1354 2397 1432 2469 fidei
1449 2420 1553 2471 verae
1574 2423 1643 2495 pu-

272 2511 493 2586 blicaverunt.
549 2512 772 2585 Obsecramus
798 2522 851 2598 te,
878 2510 1040 2600 Domine,
1067 2523 1103 2583 nt
1128 2535 1190 2608 per
1215 2515 1475 2587 intercessiones
1510 2524 1643 2590 sanetas

274 2629 427 2719 illonrm,
454 2629 685 2703 confirmemur
712 2629 745 2699 in
772 2627 920 2700 doctrina
946 2627 1139 2701 vivificante
1164 2628 1310 2701 illomm:
1349 2639 1385 2702 ut
1417 2654 1481 2704 nos
1515 2641 1549 2704 et
1580 2635 1644 2726 ipsi

275 2743 460 2817 referamus
488 2744 564 2833 tibi,
592 2755 654 2816 etc.

379 2859 540 2954 Populus.
566 2862 686 2933 Amen.

377 2975 554 3049 Sacerdos
579 2977 769 3047 inclinatos.
796 2973 987 3066 Memento,
1013 2977 1168 3065 Domine,
1195 2982 1413 3072 pergratiam
1439 2991 1547 3067 tuam,
1575 3003 1643 3054 eo-

274 3115 346 3164 rum
373 3095 428 3187 qui
460 3117 479 3164 a
506 3091 603 3166 nobis
637 3096 782 3188 separati
809 3103 900 3180 sunt,
929 3103 963 3164 et
989 3092 1031 3164 ad
1058 3104 1091 3164 te
1124 3097 1366 3186 migraverunt:
1401 3099 1457 3190 qui
1492 3117 1643 3190 accepe-

275 3219 350 3280 runt
374 3231 498 3305 corpus
525 3219 559 3281 et
585 3211 781 3300 sanguinem
807 3218 895 3280 urum
928 3213 1127 3304 pretiosum,
1165 3222 1199 3282 et
1231 3207 1399 3302 obsignati
1431 3211 1563 3283 luerunt
1590 3216 1643 3284 si-

275 3325 418 3418 gnaculo
455 3336 527 3410 tuo,
568 3349 588 3396 a
629 3333 778 3421 tempore
816 3327 944 3419 primae
976 3327 1186 3397 institutionis
1221 3321 1443 3414 Christianae,
1481 3325 1523 3398 ad
1556 3325 1644 3399 hune

275 3425 383 3536 usque
410 3441 506 3515 diem.

376 3557 526 3628 Eteonos
551 3578 675 3627 vocem.
703 3555 755 3627 Tu
782 3577 820 3627 es
847 3558 934 3628 enim
960 3564 1092 3626 creator
1119 3558 1299 3626 animarum
1327 3566 1360 3627 et
1387 3577 1581 3654 corporum,
1610 3571 1644 3631 et

276 3683 310 3746 te
336 3682 536 3768 exspectant
562 3676 618 3768 qui
645 3671 886 3760 decubuerunt,
913 3681 947 3742 et
973 3693 1067 3766 spem
1093 3682 1181 3742 tuam
1201 3671 1424 3745 vivificantem
1452 3677 1642 3769 respiciunt.

274 3788 406 3862 Suscita
432 3789 526 3877 illos,
552 3788 714 3876 Domine,
741 3792 774 3860 in
801 3787 854 3860 die
879 3786 936 3859 illo
963 3790 1163 3859 novissimo:
1198 3788 1456 3884 tranquillusque
1491 3793 1533 3860 sit
1560 3812 1643 3882 erga

274 3907 348 3978 illos
374 3907 486 3978 vultus
513 3915 601 3977 tuus:
629 3915 662 3977 et
688 3904 812 3976 dimitte
839 3927 900 4000 per
925 3903 1187 3977 misericordiam
1215 3915 1303 3976 tuam
1330 3904 1449 3976 delicia
1477 3918 1510 3979 et
1537 3905 1596 3977 del
1615 3953 1640 3965 -

275 4032 345 4094 ctus
374 4045 505 4095 eorum:
542 4025 616 4115 quia
650 4043 765 4094 eorum
797 4024 851 4116 qui
884 4043 985 4118 super
1017 4031 1136 4092 terram
1172 4019 1305 4093 fuerunt
1338 4020 1445 4092 nullus
1478 4024 1643 4116 reperitur

275 4137 414 4210 mundus
441 4163 460 4210 a
489 4135 642 4211 sordibus
670 4140 817 4234 peccati,
851 4138 914 4208 nisi
945 4137 1106 4208 Dominus
1140 4136 1233 4208 Deus
1266 4147 1300 4208 et
1334 4134 1492 4207 Salvator
1526 4148 1642 4209 noster

275 4254 375 4326 lesus
403 4250 553 4326 christus
579 4255 766 4344 unigenitus
792 4252 894 4325 Filius
926 4261 1017 4342 tuus;
1056 4276 1117 4349 per
1149 4274 1247 4348 quem
1279 4273 1341 4326 nos
1373 4253 1472 4323 etiam
1506 4258 1642 4325 miseri-

276 4370 422 4442 cordiam
451 4373 611 4464 consequi
638 4378 831 4464 speramus,
858 4379 891 4440 et
917 4372 1146 4441 remissionem
1175 4379 1389 4464 peccatorum
1405 4391 1491 4463 quae
1504 4381 1641 4465 propter

276 4507 351 4556 eum
378 4495 447 4574 est,
474 4496 507 4557 et
532 4484 629 4558 nohis
656 4496 691 4557 et
716 4488 808 4581 ipsis.
923 4484 1084 4578 Populus.
1112 4487 1263 4572 Quietem
1289 4494 1433 4578 praesta.

377 4601 562 4673 Sacerdos.
590 4601 714 4691 Parce,
742 4611 775 4673 et
806 4599 899 4690 dele,
934 4602 1077 4674 Domine
1105 4603 1217 4689 Deus,
1256 4611 1395 4696 peccata
1427 4611 1461 4673 et
1493 4604 1640 4677 maculas

275 4727 427 4804 nostrae,
455 4728 489 4788 et
514 4717 663 4808 illorum,
691 4739 919 4813 quaecumque
943 4716 1031 4789 male
1058 4728 1091 4789 et
1117 4721 1226 4812 inique
1253 4741 1273 4788 a
1305 4717 1402 4789 nobis
1438 4730 1472 4791 et
1503 4719 1543 4792 ab
1576 4719 1640 4793 illis

276 4835 455 4906 commissa
472 4842 575 4906 sum:-
589 4832 737 4907 concede
751 4832 848 4905 nohis
862 4836 1037 4929 puritatem
1054 4842 1087 4905 et
1103 4837 1321 4922 sanctitatem,
1349 4841 1534 4930 statumque
1549 4837 1640 4907 vitae

274 4949 491 5045 inculpatum,
520 4960 553 5021 et
578 4949 728 5022 fiduciam
755 4949 936 5044 perlectam
964 4971 1079 5021 coram
1106 4961 1149 5036 te,
1177 4948 1304 5044 absque
1329 4937 1426 5044 lapsu
1451 4954 1486 5022 in
1510 4972 1641 5047 pecca-

275 5073 422 5140 tum:,ut
448 5088 581 5162 semper
607 5064 828 5158 glorificetur,
854 5065 1019 5155 laudetur,
1046 5075 1080 5137 et
1093 5064 1273 5137 honoretur
1285 5085 1407 5137 nomen
1426 5075 1515 5139 tuum
1533 5085 1641 5162 prae-
