4782 6068
690 599 738 674 IN
772 601 1031 680 tribuatis
1067 601 1472 680 bustoblnbobott.
1689 608 1764 684 605

394 788 445 844 ror
466 801 578 863 corpas
599 792 736 846 sancum
757 787 903 865 sanquine
921 788 1145 866 propitiatorio,
1168 795 1224 853 ete.
1248 786 1285 849 Ut
1307 795 1338 850 et
1360 789 1527 870 sequentia.
1554 790 1665 853 Divisa
1686 802 1765 873 sant,

394 883 596 960 sanctificato,
618 884 775 964 completa,
800 884 949 965 perfecta,
977 887 1063 948 arata
1090 893 1121 948 et
1146 887 1303 950 commista
1330 891 1475 970 mysterio
1496 890 1573 952 baec
1591 894 1766 973 praeclara,

394 988 513 1056 sancta,
535 981 728 1061 vivificantia
754 991 784 1045 et
804 983 919 1060 diuina,
940 1003 1032 1044 anum
1058 1003 1126 1046 cam
1147 987 1254 1064 attero,
1279 991 1333 1047 etc.
1376 986 1421 1049 Ea
1450 987 1546 1050 verba
1578 1007 1640 1052 non
1670 992 1765 1056 minus

395 1096 482 1160 quam
505 1080 571 1160 ipse
593 1082 669 1144 ritus
691 1082 884 1162 perspicuum
906 1083 1061 1146 continent
1089 1083 1245 1147 doctrinae
1269 1083 1307 1147 de
1329 1085 1405 1148 reali
1426 1087 1599 1166 praesentia
1623 1091 1765 1155 testimo-

394 1179 488 1253 nium,
521 1197 588 1242 oum
616 1179 786 1263 significent
814 1188 885 1243 ante
912 1183 1140 1262 perceptionem
1167 1185 1364 1262 sacramenti,
1399 1202 1508 1265 panem
1536 1203 1607 1249 esse
1638 1205 1762 1271 corpus,
1790 1181 1793 1185 ’

394 1279 494 1341 vinum
516 1280 693 1361 sanguinem
722 1279 849 1356 Christi3
878 1281 1044 1344 commistio
1073 1300 1128 1344 seu
1158 1283 1228 1346 unio
1257 1290 1417 1365 utrumque
1445 1285 1533 1347 unius
1569 1292 1600 1346 et
1629 1287 1765 1369 ejusdem

394 1379 532 1459 corporis
556 1396 626 1440 esse
649 1379 835 1462 sanguinem,
859 1380 910 1460 qni
932 1380 963 1441 in
980 1381 1074 1442 calice
1096 1383 1224 1444 seorsim
1247 1390 1305 1462 est,
1328 1390 1361 1444 ut
1384 1383 1561 1464 designetur
1583 1384 1663 1448 illius
1685 1384 1765 1450 eliu-

394 1477 451 1554 sio,
474 1494 531 1558 pro
554 1477 653 1540 salute
675 1476 796 1540 humani
820 1479 954 1559 generis.

766 1738 827 1810 18.
869 1739 995 1833 Incipit
1021 1739 1196 1812 Sacerdos
1219 1746 1398 1836 [rampone.

485 1927 577 2008 linc
592 1939 700 2004 fractio
723 1961 740 2003 a
763 1942 914 2022 superiori
936 1942 1146 2026 distinguenda
1171 1953 1228 2021 est,
1252 1948 1387 2027 quamvis
1409 1965 1469 2010 uno
1492 1955 1600 2012 tenore
1623 1948 1683 2026 ssat,
1711 1968 1766 2014 re-

395 2044 491 2106 citatis
514 2045 630 2108 interea
653 2047 851 2122 orationibus,
874 2065 951 2127 quae
974 2047 1057 2127 prius
1079 2050 1286 2130 praescriptae
1304 2057 1383 2114 sunt.
1406 2051 1492 2113 Prior
1506 2069 1572 2112 eam
1586 2051 1764 2117 fractionem

394 2143 561 2226 significat,
594 2163 651 2225 qua
682 2145 779 2208 hostia
807 2145 950 2208 dividitur
970 2146 1000 2207 in
1023 2153 1126 2226 partes
1149 2146 1242 2228 duas,
1272 2156 1323 2211 aut
1344 2149 1466 2230 pluras,
1497 2157 1528 2213 et
1559 2169 1683 2232 quarum
1705 2173 1764 2217 una

394 2243 540 2322 particula
564 2245 718 2321 eximitur,
743 2263 821 2325 quae
843 2245 930 2308 calici
952 2246 1131 2308 immittatur.
1176 2245 1283 2311 Altera
1306 2246 1382 2312 haec
1405 2249 1530 2328 fractio,
1561 2259 1609 2314 est
1631 2253 1766 2333 ejusdem

393 2341 509 2405 hostiae
531 2342 562 2404 in
583 2344 714 2406 minores
737 2343 900 2424 particulas
922 2344 960 2406 ad
983 2343 1217 2408 distribuendam
1239 2349 1485 2415 communionem.
1515 2349 1671 2423 Quomodo
1688 2371 1765 2415 vero

394 2441 599 2519 distribuatur,
622 2443 870 2507 enllubrioerum
893 2442 1014 2506 delectu
1036 2452 1121 2508 certo
1145 2445 1270 2521 delinire
1292 2464 1354 2510 non
1374 2465 1546 2527 possumus.
1579 2449 1653 2513 Cum
1666 2457 1765 2512 tamen

395 2542 559 2604 communis
582 2540 777 2604 Orientalium
807 2543 935 2605 omnium
966 2543 1153 2607 consuetudo
1182 2545 1237 2623 sit,
1268 2563 1356 2626 quam
1379 2565 1396 2608 a
1420 2546 1544 2610 Graecis
1568 2557 1764 2630 acceperunt,

393 2649 426 2703 ut
441 2639 655 2704 Sacerdotibus
677 2649 709 2703 et
729 2641 871 2705 Diaconis
901 2642 980 2704 calix
1008 2643 1208 2723 praebeatur,
1238 2660 1300 2706 non
1321 2646 1437 2725 Laicis,
1461 2648 1511 2728 qui
1534 2648 1684 2710 intinctam
1708 2667 1766 2712 oo-

395 2739 508 2802 cbleari
522 2739 700 2822 particulam
724 2741 885 2822 accipiunt,
907 2741 985 2805 idem
1008 2741 1223 2806 aNestorianis
1246 2743 1404 2808 observari
1427 2746 1590 2810 verisimile
1614 2755 1674 2810 est:
1697 2765 1765 2810 nam
1820 2773 1822 2778 ¹

394 2840 450 2902 sub
472 2848 600 2921 utraque
623 2841 738 2920 specie,
762 2841 817 2903 scd
839 2839 898 2902 hoc
919 2841 1009 2904 modo
1032 2844 1259 2907 communicant.
1296 2844 1419 2908 Certum
1435 2848 1513 2908 enim
1528 2853 1559 2908 et
1574 2847 1765 2929 exploratum

394 2947 442 3001 est
465 2957 482 3000 a
504 2940 602 3001 multis
624 2938 766 3017 saeculis,
788 2939 899 3001 nullam
922 2958 992 3003 esse
1014 2949 1065 3002 aut
1086 2940 1181 3004 luisse
1202 2943 1234 3004 in
1247 2941 1372 3005 Oriente
1385 2944 1552 3010 Ecclesiam
1565 2945 1594 3006 in
1612 2965 1669 3026 qua
1686 2948 1765 3010 calix

393 3036 493 3101 Laicis
521 3038 738 3120 praeberetur,
768 3039 895 3120 ejusque
916 3057 988 3102 usus
1012 3039 1104 3122 longe
1127 3040 1237 3103 diutius
1259 3041 1291 3102 in
1314 3041 1478 3106 Occidente
1501 3045 1614 3126 viguit,
1643 3053 1677 3107 ut
1702 3048 1765 3128 jam

394 3137 504 3201 dudum
535 3157 552 3200 a
580 3137 676 3199 doctis
706 3137 871 3220 Theologis
902 3138 1093 3201 observatum
1123 3147 1179 3204 est.
1224 3138 1268 3201 lta
1291 3140 1403 3203 nullum
1425 3140 1535 3204 babent
1557 3143 1764 3208 Protestantes

393 3238 425 3300 in
447 3237 696 3300 Nestorianorum
719 3236 876 3318 disciplina
897 3237 1089 3318 praesidium.

482 3336 716 3399 Observabimus
738 3335 857 3398 tandem
879 3339 910 3398 in
932 3337 1026 3418 prima
1055 3335 1217 3413 fractione,
1244 3335 1342 3400 Ritum
1372 3339 1559 3402 Nestorianis
1587 3341 1761 3422 proprium:

392 3454 501 3518 nempe
516 3434 711 3498 Sacerdotem
734 3453 800 3498 cum
822 3436 923 3519 signat
944 3436 1119 3518 particulam
1142 3454 1220 3516 quae
1242 3439 1273 3500 in
1295 3436 1379 3500 disco
1401 3446 1459 3518 est,
1482 3438 1576 3502 altera
1600 3459 1688 3522 quam
1712 3444 1762 3505 in-

393 3536 480 3599 tinxit
501 3537 531 3597 in
554 3534 665 3613 calice,
697 3536 795 3596 levem
823 3537 853 3597 in
881 3537 976 3617 prima
1005 3535 1143 3598 fissuram
1165 3553 1268 3618 ungue
1290 3536 1410 3617 pollicis
1432 3537 1552 3618 iacere,
1581 3547 1614 3600 ut
1636 3544 1761 3623 sanguis

326 3625 332 3634 '
393 3652 505 3717 corpus
527 3641 680 3716 penetret.
725 3635 771 3697 De
793 3634 844 3696 illo
868 3636 1021 3700 Censores
1043 3635 1278 3717 Diamperenses
1305 3638 1348 3700 ita
1369 3639 1648 3718 pronuntiaverunt.
1688 3640 1762 3702 Cam

392 3737 426 3798 in
447 3735 585 3817 Syriacis
611 3735 701 3796 istius
726 3733 928 3815 Episcopatus
949 3735 1123 3798 Missaiibas
1145 3737 1339 3816 praescripta
1360 3739 1530 3816 reperiatur
1551 3739 1645 3818 impio
1666 3758 1764 3820 pnoe-

393 3836 465 3898 dam
488 3843 517 3896 et
537 3835 689 3914 scampe
712 3837 913 3912 caeremonia,
935 3837 967 3898 in
988 3854 1048 3916 qno
1069 3836 1224 3898 sacerdoti
1240 3837 1438 3915 muccipimr,
1460 3843 1494 3898 nt
1511 3845 1669 3917 postquam
1681 3851 1763 3918 por·-

394 3935 526 4011 ticntom,
538 3951 628 4014 qnam
640 3933 950 4010 destramonntenet,
972 3935 1304 4017 intimaritinsanpnine,
1326 3935 1483 4015 bostiopne
1504 3937 1536 3996 in
1559 3937 1639 3998 duas
1657 3945 1764 4016 partes

394 4034 513 4109 diuisa,
535 4052 593 4114 qno
616 4040 748 4113 tempore
769 4034 887 4113 monam
909 4035 1009 4096 enims
1027 4033 1142 4114 [annot
1161 4053 1229 4095 cnm
1245 4033 1401 4115 partiendo
1421 4035 1548 4097 intincta
1570 4053 1663 4115 snper
1684 4037 1763 4098 olte-

394 4151 476 4210 ram,
504 4132 650 4193 sacerdos
676 4152 774 4212 unare
796 4133 917 4213 pollicis
943 4133 1047 4194 dextri
1073 4133 1202 4195 aberam
1230 4151 1309 4214 qnae
1335 4133 1368 4194 in
1394 4133 1479 4195 disco
1507 4140 1553 4194 est
1572 4135 1633 4197 iovi
1651 4136 1764 4216 fissma

394 4233 531 4313 operiat:
560 4232 676 4294 scilicet
702 4247 762 4312 poa
790 4232 953 4294 secundam
983 4232 1148 4294 absurdam
1177 4235 1346 4312 apirsiorrem
1374 4251 1478 4310 arram,
1507 4235 1633 4312 sanquis
1653 4254 1764 4315 corpas

388 4339 537 4411 penetret,
560 4339 590 4392 et
610 4331 656 4392 ito
676 4333 802 4412 sanpnis
823 4331 948 4410 corpori
967 4333 1182 4411 aonjunqomr:
1205 4349 1283 4411 meae
1304 4331 1406 4410 opinio
1420 4332 1463 4393 od
1476 4330 1619 4394 baeresim
1629 4331 1766 4398 Nestorii

393 4439 423 4492 et
443 4433 507 4510 ejas
528 4432 701 4510 sequacium
722 4431 900 4493 relationem
921 4429 1019 4492 babet.
1064 4429 1159 4511 Impia
1179 4432 1210 4491 si
1233 4430 1352 4512 pamm
1381 4427 1550 4510 affimnont,
1578 4431 1634 4493 ansb
1663 4437 1764 4512 specie

387 4530 560 4608 panisesse
570 4529 666 4592 solnm
679 4549 790 4610 corpas
801 4528 915 4592 Obristr'
926 4528 1040 4610 obsqne
1056 4531 1202 4610 sanquine
1205 4551 1220 4603 ;
1243 4537 1273 4591 et
1293 4529 1349 4591 areb
1370 4530 1471 4610 specie
1491 4531 1566 4606 uini,
1587 4535 1762 4612 sonpninem

392 4631 458 4690 sine
480 4647 615 4708 corpore.
660 4627 780 4692 Idcirco
802 4631 927 4692 mandat
948 4635 1057 4691 sancta
1078 4629 1211 4711 synnados
1231 4629 1263 4690 in
1284 4629 1396 4691 uirtute
1416 4634 1542 4690 sanatae
1563 4628 1761 4708 obedientiae,

392 4734 422 4789 et
442 4727 497 4789 snb
516 4745 618 4808 poena
639 4728 959 4791 excommonicationis
984 4729 1052 4807 ipso
1074 4728 1161 4807 [acto
1181 4728 1401 4803 incommodae,
1428 4733 1462 4788 at
1486 4727 1584 4790 naias
1606 4726 1761 4807 Caconor,

392 4830 457 4890 sioe
479 4829 636 4902 sacerdos,
658 4829 746 4890 talem
769 4827 989 4891 caeremoniam
1010 4825 1177 4890 obseruare
1198 4827 1321 4903 audeat,
1342 4833 1431 4907 utque
1450 4827 1505 4888 ilio
1526 4847 1567 4888 ea
1587 4827 1762 4890 diissaiibas

392 4925 544 4989 delemur.-
566 4943 602 4988 eo
624 4927 705 5006 qaod
724 4929 831 4990 innuat
850 4928 940 4989 tatem
961 4927 1114 5002 bonoria,
1136 4934 1167 4988 et
1182 4935 1345 5007 maen
1356 4925 1509 4988 inscitiam
1520 4929 1660 5003 cordinct,
1681 4927 1762 5007 qnod

392 5027 564 5088 existiment
592 5043 614 5086 o
642 5025 799 5105 metabus
821 5027 1057 5106 mundonem
1085 5044 1153 5088 esse
1180 5027 1224 5090 od
1252 5043 1363 5106 corpus
1390 5034 1420 5088 et
1440 5027 1615 5106 sanquinem
1637 5024 1760 5088 Christi.

392 5123 475 5190 Haec
496 5124 539 5188 illi
561 5141 671 5188 severe
694 5132 725 5188 et
747 5123 944 5190 confidenter.
987 5125 1139 5190 Fissuram
1160 5127 1191 5190 in
1212 5124 1360 5211 particula
1381 5124 1463 5206 lieri,
1487 5133 1534 5202 ut,
1562 5124 1644 5207 quod
1664 5124 1758 5206 vulgo

1476 5227 1557 5304 79*
