4712 6032
677 610 724 686 lll
753 609 1011 686 thUllGlAM
1040 607 1191 688 MARCI.
1544 605 1616 683 185

251 807 281 862 et
302 795 332 860 id
355 793 475 876 quidem
496 792 584 857 lacile
607 759 662 856 luit
684 793 763 874 apud
792 791 1022 875 Alexandriam,
1053 793 1156 858 sedem
1185 793 1222 858 D.
1245 792 1354 856 Marci:
1376 794 1407 856 in
1429 791 1620 857 Antiocheno

250 895 455 960 Patriarohatu
477 911 537 956 non
560 895 641 972 item,
663 893 714 957 ubi
738 891 872 956 Graecae
896 892 1032 976 alicujus,
1056 911 1135 976 quae
1157 911 1222 956 cum
1247 891 1370 975 Syriaca
1392 895 1449 957 ista
1472 895 1620 956 conveni-

250 1005 307 1075 ret,
329 1013 403 1059 usus
425 989 584 1076 aliquando
607 993 706 1056 nullus
731 993 796 1057 luit.
840 991 928 1066 Quod
957 1011 1033 1056 vcro
1064 993 1122 1056 hoc
1151 1010 1248 1074 usque
1271 993 1488 1073 incompertum
1510 991 1619 1068 luerat,

250 1113 359 1175 nempe
388 1097 575 1174 primaevum
604 1111 676 1152 esse
704 1091 860 1169 exemplar
887 1089 1051 1166 Graecum,
1079 1089 1280 1171 liturgiarum
1309 1105 1387 1169 qnae
1415 1086 1621 1150 Alexandriae

253 1198 444 1272 usurpantur,
466 1190 564 1270 palarn
585 1187 659 1250 lacit
680 1186 787 1250 Codex
807 1187 978 1251 rarissimus
1000 1187 1205 1251 Bibliothecae
1218 1187 1334 1271 Regiae
1357 1187 1387 1248 in
1409 1204 1469 1268 quo
1483 1186 1618 1250 Graecus

250 1298 351 1354 textus
372 1289 577 1372 liturgiarum
598 1286 700 1350 Basilii
722 1294 753 1348 et
767 1286 918 1368 Gregorii,
942 1305 1019 1366 quae
1042 1287 1198 1369 aCoptitis
1220 1305 1275 1348 sua
1298 1285 1402 1369 lingna
1423 1295 1618 1368 usurpantur,

252 1391 420 1470 descriptus
444 1396 491 1450 ost
513 1406 579 1449 curn
602 1386 745 1449 versione
758 1382 905 1448 Arabica:
930 1386 966 1447 ab
990 1404 1026 1448 ea
1049 1405 1137 1468 quarn
1160 1385 1277 1466 Coptici
1291 1385 1420 1449 Codices
1442 1384 1536 1468 vulgo
1560 1384 1618 1446 ad-

248 1492 379 1573 junctam
401 1486 513 1550 habent
535 1487 655 1549 omnino
680 1483 808 1549 diversa.
832 1485 906 1547 Eam
929 1503 1006 1566 quae
1028 1485 1122 1548 Marci
1144 1485 1252 1548 dicitur
1275 1484 1381 1548 Codex
1402 1484 1453 1547 ille
1475 1502 1536 1545 non
1559 1502 1618 1544 ex-

251 1589 346 1652 hibet:
384 1585 438 1650 sed
473 1585 625 1647 Romanus
660 1601 700 1646 ex
731 1601 792 1664 quo
821 1592 983 1665 procurata
1013 1583 1103 1648 editio
1135 1591 1196 1663 est,
1228 1600 1294 1646 eam
1324 1601 1394 1646 esse
1421 1583 1617 1659 demonstrat,

252 1704 329 1769 quae
357 1686 389 1748 in
419 1685 545 1766 Coptioo
573 1683 740 1765 exemplari
770 1680 876 1764 Cyrilli
903 1683 1082 1766 appellatur.
1127 1683 1173 1746 De
1201 1683 1259 1746 illis
1288 1682 1424 1746 omnibus
1454 1682 1523 1746 alibi
1546 1682 1617 1744 satis

252 1785 441 1849 dictumest.

335 1884 381 1947 De
403 1885 462 1946 ista
482 1883 556 1948 illud
577 1885 673 1965 primo
696 1881 916 1948 observandum
939 1889 995 1959 est,
1018 1901 1084 1946 earn
1106 1899 1175 1944 esse
1199 1882 1320 1944 omnino
1341 1883 1417 1944 ritus
1437 1879 1563 1961 Syriaci,
1586 1886 1619 1942 et

249 1984 286 2046 ab
309 1984 374 2046 aliis
397 2002 475 2065 quae
497 1983 604 2046 eodem
626 1982 746 2046 nomine
768 1982 982 2064 designantur,
1010 1981 1129 2044 omnino
1152 1981 1310 2044 diversam.
1355 1980 1424 2043 lllas
1447 1987 1546 2042 autem
1568 1980 1619 2041 in-

249 2084 421 2166 telligimus,
445 2100 522 2165 quae
538 2083 617 2164 apud
629 2082 765 2163 Coptitas
780 2089 973 2162 usurpantur,
996 2088 1046 2142 aut
1061 2080 1129 2142 olim
1145 2089 1308 2161 usurpatae
1327 2079 1457 2159 luerunt,
1473 2079 1618 2140 Graecam

248 2183 364 2246 scilicet
385 2189 534 2245 vetustam
556 2200 634 2263 quae
657 2201 696 2243 ex
719 2181 793 2244 Cod.
818 2179 1115 2262 Crypta-lerratensi
1138 2179 1216 2242 edita
1240 2187 1298 2259 est,
1321 2187 1351 2242 et
1364 2178 1518 2262 Copticam
1540 2192 1617 2257 quae

249 2281 355 2363 Cyrilli
377 2299 485 2343 nomen
507 2277 607 2343 h'abet.

334 2380 453 2442 Dudum
474 2396 569 2459 porro
592 2385 639 2441 est
661 2395 729 2440 cum
750 2395 787 2440 aa
809 2393 898 2458 qnam
920 2375 1095 2439 exhibemus
1109 2374 1265 2439 Jacobitae
1287 2383 1420 2454 utuntur,
1444 2392 1511 2438 cum
1534 2379 1620 2436 extet

247 2481 279 2542 in
300 2477 596 2557 Moerentbertinis,
624 2485 655 2540 et
680 2476 829 2540 nonnullis
857 2475 937 2538 aliis:
967 2476 1032 2558 ejus
1055 2477 1245 2539 meminerint
1265 2475 1433 2539 Maronitae
1456 2473 1620 2537 doctissimi

250 2580 371 2643 Gabriel
401 2579 533 2656 Sionita,
564 2586 595 2640 et
615 2575 767 2646 Abrabam
793 2575 998 2638 Echellensis:
1028 2574 1208 2655 tandemque
1231 2577 1310 2640 inter
1332 2576 1404 2638 alias
1428 2575 1507 2638 edita
1529 2573 1567 2636 sit
1589 2572 1621 2633 in

249 2676 363 2740 Missali
386 2676 561 2755 Chaldaioo,
584 2678 650 2739 sive
671 2675 884 2737 Maronitarum
903 2691 981 2737 anno
1003 2674 1166 2738 MDXClV.
1188 2675 1302 2738 Rornae
1323 2694 1395 2760 pag.
1418 2674 1490 2738 205.
1513 2681 1544 2736 et
1566 2689 1621 2736 se-

252 2777 421 2858 quentibus.
466 2775 536 2838 Non
559 2783 606 2838 est
629 2782 745 2852 tamen,
778 2780 810 2835 ut
833 2773 871 2837 de
894 2773 958 2836 aliis
982 2777 1165 2848 monuimus,
1186 2774 1266 2837 unde
1288 2776 1445 2856 qnisquam
1468 2771 1620 2836 existimet

251 2875 286 2937 ad
309 2875 472 2938 Maronitas
496 2893 561 2936 eam
583 2875 678 2956 magis
700 2873 855 2953 pertinere
878 2891 966 2954 quam
994 2873 1032 2936 ad
1060 2873 1230 2952 Jacobitas,
1259 2874 1402 2956 quidquid
1431 2872 1619 2937 recentiores

251 2995 289 3038 ex
312 2993 349 3038 ea
371 2982 473 3056 gente,
498 2974 536 3036 de
558 2972 617 3036 hoc
639 2979 818 3054 argumento
840 2973 1028 3053 scripserint.
1074 2973 1179 3036 Omnia
1201 2974 1315 3055 quippe
1337 2973 1438 3036 Obicio
1461 2987 1565 3050 sacra,
1594 2972 1621 3034 si

251 3091 287 3136 ea
309 3075 475 3156 excipimus
499 3091 577 3154 qnae
598 3072 824 3151 recentissime,
848 3071 906 3135 hoc
926 3059 977 3135 'est
998 3090 1017 3135 a
1037 3073 1199 3136 reformata
1223 3091 1279 3154 per
1301 3073 1508 3136 Missionarios
1530 3072 1621 3151 Apo-

251 3173 375 3236 stolicos
396 3172 560 3236 bibanitica
582 3171 731 3250 Ecclesia,
754 3171 924 3234 introducta
946 3180 1033 3249 sunt,
1055 3171 1162 3236 Latino
1184 3171 1254 3235 ritui
1277 3173 1374 3254 magis
1397 3191 1485 3253 quam
1507 3170 1620 3233 Orien-

251 3272 302 3334 tali
324 3271 444 3356 similia,
463 3270 609 3334 Jacobitis
632 3270 756 3352 propria
777 3277 855 3334 sunt.

335 3372 488 3434 Romanae
511 3370 634 3434 editioni
663 3371 694 3432 in
723 3369 780 3431 hac
803 3377 835 3432 ut
858 3367 982 3448 reliquis
1004 3367 1148 3450 liturgiis
1171 3369 1363 3451 interpolatio
1385 3368 1543 3451 multiplex
1565 3386 1621 3430 ac-

252 3469 322 3530 cidit
344 3487 362 3531 e
384 3467 599 3542 Maronitarum
629 3476 658 3531 et
681 3467 848 3532 Consorum
871 3468 1069 3530 obscurorum
1091 3469 1245 3544 manibus,
1275 3469 1326 3549 qui
1349 3486 1416 3529 cum
1439 3469 1468 3530 in
1492 3467 1620 3530 Schola-

251 3568 326 3630 stica
338 3567 503 3652 'lbeologia
519 3567 654 3630 lortassis
671 3567 924 3648 perspicacissimi
938 3564 1048 3643 forent,
1071 3567 1099 3628 in
1124 3567 1278 3648 disciplina
1294 3567 1508 3630 Ecclesiastico
1531 3565 1619 3646 plane

251 3665 402 3746 hospites:
426 3681 463 3727 ea
485 3674 690 3745 mutaverunt,
714 3684 792 3747 quae
814 3679 880 3728 curn
904 3666 998 3729 altera
1020 3665 1070 3729 illa
1089 3674 1229 3731 constare
1242 3685 1303 3732 non
1322 3684 1414 3748 posse
1428 3665 1617 3742 videbantur,

251 3765 309 3827 imo
331 3765 472 3827 haeresin
484 3783 604 3845 sapere,
628 3783 717 3846 quam
738 3766 768 3827 in
791 3765 933 3845 precibus
955 3764 1047 3847 longe
1070 3767 1229 3830 multorum
1251 3766 1442 3831 saeculorum
1463 3783 1519 3829 usu
1541 3781 1619 3826 oon-

253 3865 390 3940 secratis‚
411 3862 507 3928 latere
530 3882 591 3928 non
612 3882 704 3946 posse
727 3865 925 3928 certissimum
948 3872 1005 3943 est,
1028 3865 1087 3929 nisi
1108 3869 1256 3948 potiorem
1279 3868 1482 3930 existimemus
1506 3863 1618 3945 aliquot

253 3962 486 4044 theologorum,
510 3982 600 4044 quarn
620 3962 777 4026 Ecclesiae
800 3964 1000 4027 autoritatem.
1047 3963 1180 4029 Grassati
1202 3974 1272 4029 sunt
1293 3968 1458 4048 praecipue
1480 3967 1511 4028 in
1525 3964 1619 4028 lnvo-
1691 4033 1692 4036 ,

253 4063 400 4124 ontionem
423 4062 550 4142 Spiritus
573 4065 679 4141 sancti,
703 4080 790 4143 quam
813 4079 869 4124 nos
892 4081 932 4126 ex
955 4062 1048 4126 Codd.
1072 4063 1144 4128 Mss.
1168 4064 1227 4128 hdo
1250 4067 1444 4129 restituimus.

169 4239 171 4245 y
339 4158 401 4223 Cur
435 4161 503 4242 Syri
531 4161 686 4224 Jacobitae
712 4161 878 4245 liturgiam
907 4161 1090 4245 singularem
1118 4164 1212 4226 Marci
1240 4167 1360 4228 nomine
1390 4165 1519 4227 habeant
1541 4165 1617 4225 ratio

254 4267 335 4322 certa
357 4261 444 4322 inre
467 4260 543 4323 adeo
566 4261 682 4324 incerta
705 4261 769 4324 dari
792 4259 871 4323 nulla
886 4269 998 4339 potest,
1020 4264 1197 4342 praesertim
1211 4282 1278 4326 cum
1290 4263 1364 4328 nulli
1375 4264 1478 4345 plures
1490 4263 1619 4326 habeant

253 4375 340 4439 quam
362 4359 393 4420 in
415 4379 452 4422 ea
475 4362 682 4424 communione
704 4361 906 4442 reperiuntur,
930 4378 997 4422 cum
1010 4359 1181 4425 Nestoriani
1202 4381 1263 4427 non
1286 4363 1359 4427 alias
1379 4363 1538 4426 habuerint
1559 4361 1619 4425 huc

252 4476 363 4540 usque,
394 4459 471 4522 ultra
495 4467 559 4523 tres
583 4459 662 4542 apud
685 4477 739 4524 eos
763 4458 947 4532 celebratas:
979 4459 1101 4522 totidem
1123 4461 1321 4526 Alexandrini
1344 4462 1481 4546 ejusdem
1504 4469 1618 4541 sectae,

253 4557 397 4638 Syrorum
418 4575 568 4633 numerus,
591 4560 629 4623 ad
645 4557 847 4644 quadraginta
861 4559 1028 4640 perveniat.
1052 4560 1262 4625 verisimiliter
1282 4563 1421 4626 fortassis
1445 4562 1617 4625 existimare

252 4675 429 4738 possumus,
452 4678 491 4721 ex
513 4660 718 4742 antiquissima
747 4653 955 4721 Antiochenae
985 4657 1068 4721 sedis
1098 4658 1284 4725 Jacobiticae
1313 4680 1381 4726 cum
1410 4660 1618 4725 Alexandrina

253 4757 461 4839 conjunctione
482 4758 609 4834 lactum,
635 4766 668 4820 ut
697 4755 727 4821 S.
750 4757 853 4821 Marco
877 4756 1022 4838 quaedam
1044 4757 1178 4842 Liturgia
1201 4760 1366 4842 dicaretur,
1396 4761 1428 4823 in
1450 4761 1514 4844 ejus
1537 4760 1617 4822 lesio

251 4855 413 4920 recitanda.

616 5027 1251 5078 ψ
