4712 6032
638 661 716 735 230
1142 657 1500 736 LlTllllGld

745 846 896 919 Herone
928 867 1053 916 uocem.
1113 843 1249 918 Illorum
1282 847 1337 940 qui
1369 857 1486 919 sancte
1519 846 1670 918 coronati
1699 853 1793 934 sunt,
1827 853 1864 916 ot
1900 843 1943 916 ud
1973 852 2008 918 te

637 971 880 1060 pervenenmt,
905 967 941 1030 ut
965 957 1159 1032 fiducialiter
1185 960 1273 1056 apud
1298 969 1333 1032 te
1358 982 1421 1056 pro
1447 959 1546 1034 nobis
1571 963 1815 1034 intercessores
1841 960 2007 1045 existant3
2105 985 2112 1003 ·

638 1099 777 1182 quorqm
804 1074 1009 1148 orationibus
1036 1075 1298 1171 acceptabilibus
1326 1080 1503 1169 exstingue
1529 1100 1550 1149 a
1576 1074 1673 1149 nobis
1698 1073 1850 1147 llammas
1866 1074 2006 1168 peccati,

639 1205 674 1266 et
700 1215 816 1267 omnes
843 1191 979 1263 insidias
1007 1192 1141 1285 maligui
1168 1191 1358 1288 deceptoris
1383 1195 1488 1266 nocui
1506 1213 1703 1288 compesce:
1729 1199 1766 1261 ut
1782 1186 1899 1264 sedulo
1916 1188 2007 1260 ollo-

638 1331 751 1383 ramus
777 1305 837 1379 tibi
862 1306 1115 1402 deprecationes
1143 1317 1278 1402 sancus
1304 1318 1338 1379 et
1373 1309 1542 1400 unigenito
1574 1304 1661 1379 Filio
1696 1317 1772 1396 tuo,
1805 1314 1839 1376 et
1872 1303 2007 1399 Spiritui

638 1433 754 1500 sancto
781 1432 856 1510 bro,
881 1443 977 1494 nunc.

742 1537 902 1631 Populus.
955 1539 1076 1610 Amen.

741 1654 916 1727 Sacerdos
948 1653 1140 1724 inclinatur.
1198 1653 1368 1727 Memento
1397 1656 1542 1728 Domine
1577 1657 1721 1727 omnium
1752 1651 2005 1748 Episcoporum,

637 1780 670 1842 et
695 1770 882 1842 Doctorum
907 1767 1085 1841 Ecclesiae
1112 1776 1189 1842 tuae
1216 1780 1366 1860 sanctae,
1393 1775 1449 1867 qui
1476 1795 1495 1843 a
1516 1771 1632 1858 Petro,
1657 1768 1774 1858 Pardo,
1801 1769 1944 1856 loanne,
1970 1778 2007 1841 et

638 1886 771 1959 Severo
799 1889 989 1974 extiterunt,
1015 1884 1059 1956 ad
1083 1885 1168 1976 bane
1194 1908 1301 1982 usque
1323 1887 1420 1960 diem

742 2002 892 2072 blerana
917 2023 1042 2072 ccccm.
1075 2000 1209 2074 illorum
1237 2006 1391 2098 quicum
1419 2002 1541 2095 gaudio
1568 2005 1793 2075 sustinuerunt
1816 2001 2006 2072 edictiones

638 2125 776 2212 propter
800 2137 922 2218 nomen
948 2126 1037 2186 tuum
1065 2126 1232 2189 sanctum:
1269 2123 1324 2210 qui
1357 2119 1508 2212 perlecto
1541 2115 1737 2212 depulenmt
1763 2137 1911 2188 errorem
1938 2099 2008 2188 imss
2079 2188 2080 2191 ,

639 2235 741 2328 pium,
768 2254 814 2303 ex
839 2219 995 2304 cordibus
1022 2229 1220 2325 populorum
1245 2235 1277 2303 in
1305 2233 1491 2323 ignorantia
1518 2234 1737 2304 versantimn:
1764 2229 1907 2324 illosque
1925 2231 2006 2303 illu-

639 2357 830 2420 straverunt
854 2348 1078 2442 promissione
1104 2368 1224 2438 magna
1251 2350 1402 2421 veritatis
1426 2359 1518 2420 tuae:
1546 2357 1580 2420 et
1602 2351 1854 2443 perorationes
1877 2347 2004 2419 illorum

638 2474 793 2551 sanctas,
828 2460 923 2534 ouler
955 2461 997 2534 ab
1032 2461 1185 2535 Ecclesia
1218 2473 1274 2535 tua
1309 2475 1424 2538 sancto
1454 2463 1561 2553 bella,
1600 2464 1799 2548 divisiones,
1831 2466 2006 2556 omniaque

638 2579 779 2652 consilia
805 2577 909 2666 mala,
935 2577 1122 2650 haereseon
1148 2582 1427 2672 perniciosarum,
1464 2592 1497 2652 et
1528 2590 1691 2676 perpetuo
1725 2578 1884 2650 confirma
1917 2577 2005 2650 illam

637 2699 673 2767 in
698 2698 840 2767 veritate
867 2704 940 2780 tuo,
967 2705 1001 2766 et
1026 2696 1058 2764 in
1085 2692 1140 2767 illa
1168 2693 1318 2768 habitare
1343 2696 1398 2768 lac
1425 2695 1688 2791 tranquillitatem
1715 2697 1857 2767 nominis
1885 2698 1946 2782 tui,
1973 2704 2007 2767 ct

638 2814 798 2904 unigeniti
823 2811 897 2882 Filii
924 2814 988 2898 tui,
1017 2823 1050 2884 et
1076 2810 1218 2906 Spiritus
1246 2813 1292 2882 tui
1318 2817 1444 2902 sancti,
1470 2835 1567 2884 nunc.

744 2927 904 3019 Populos.
957 2928 1077 3000 Amen.

743 3043 918 3115 Sacerdos
943 3043 1135 3116 inclinatus.
1177 3044 1344 3117 Memento
1372 3045 1516 3117 Domine
1544 3046 1686 3116 omnium
1713 3040 1856 3114 fidelium
1882 3039 2006 3114 deluu-

594 3157 596 3164 ’
639 3171 779 3248 ciorum,
807 3160 862 3254 qui
887 3158 1014 3254 pridem
1043 3156 1205 3248 obierunt,
1233 3169 1267 3231 et
1293 3160 1334 3231 ad
1361 3169 1394 3232 te
1419 3169 1655 3256 pervenerunt.

741 3275 892 3346 Elccune
917 3297 1043 3346 ccccm.
1095 3274 1292 3349 Remittens'
1306 3276 1370 3350 illis
1398 3299 1513 3348 omnes
1540 3277 1743 3370 insipientias
1778 3298 1911 3362 eorum,
1946 3296 2007 3369 per

639 3412 787 3464 amorem
823 3401 912 3462 tuum
944 3413 1027 3484 erga
1061 3390 1229 3480 homines,
1272 3392 1434 3478 Domine,
1476 3415 1538 3463 nec
1572 3401 1729 3486 reputans
1761 3393 1825 3464 illis
1858 3390 2006 3484 delectus

553 3534 556 3542 ¹
637 3506 797 3580 hmnouos
824 3506 963 3579 illorum.
1016 3506 1087 3580 Fac
1113 3507 1188 3582 illos
1216 3507 1335 3600 dignos
1363 3511 1478 3602 quiere
1503 3506 1558 3578 illa
1586 3505 1761 3602 spirituali,
1798 3516 1832 3578 et
1866 3509 2006 3598 regione

588 3623 592 3634 ’
639 3622 850 3695 extdtutionis
879 3632 913 3694 et
938 3623 1098 3712 loetitiae,
1131 3627 1165 3696 iu
1193 3622 1433 3697 christetem
1467 3623 1613 3696 Domino
1648 3631 1783 3712 nostr03
1817 3645 1880 3719 per
1910 3627 2006 3717 mem

637 3760 701 3811 nos
729 3742 825 3810 otiam
851 3739 1113 3812 misericordiam
1140 3741 1300 3835 consequi
1328 3762 1520 3836 speramus,
1553 3750 1587 3811 et
1618 3740 1850 3811 remissionem
1877 3761 2006 3834 pecco-

638 3863 746 3928 torum
773 3853 962 3950 perillum,
991 3854 1147 3930 etnobis
1175 3858 1325 3952 stipsis.
1435 3835 1439 3847 ⁵
1533 3854 1695 3949 Populus.
1748 3856 1866 3926 Amen.

742 3970 931 4042 Diaconos.
985 3971 1137 4056 Quietem
1164 3981 1309 4068 praesta.

742 4085 926 4159 Sacerdos.
971 4085 1086 4184 ‚Nobis
1113 4110 1246 4183 quoque
1274 4091 1329 4182 qui
1356 4090 1531 4160 etiamnum
1566 4089 1598 4158 in
1634 4091 1698 4158 isto
1727 4085 1862 4158 saeculo
1890 4083 2024 4157 subsi-'

639 4205 775 4291 stimus,
810 4212 944 4297 praesta
970 4205 1059 4274 viam
1086 4207 1178 4276 vitoe
1203 4203 1300 4297 hujus
1327 4203 1536 4298 temporalis,
1569 4206 1746 4275 immunem
1779 4201 1821 4273 ab
1855 4200 2006 4274 omnibus
2073 4219 2077 4229 ·

638 4316 898 4407 calamitatibus,
931 4329 965 4391 ct
996 4317 1114 4392 lraude
1144 4319 1280 4412 maligni
1312 4319 1514 4393 fraudatoris
1547 4323 1673 4408 nostri,
1706 4329 1741 4390 et
1771 4321 1857 4389 inter
1889 4338 2004 4390 omnes

636 4432 787 4528 laqueos,
815 4443 850 4505 et
873 4433 995 4506 foveas
1021 4433 1229 4530 perniciosas
1256 4448 1290 4509 et
1316 4435 1473 4510 scandala
1492 4439 1622 4532 peccati
1644 4433 1751 4526 dirige
1766 4418 1848 4523 nos,
1875 4433 2005 4505 deduc-

641 4571 707 4644 que
733 4571 797 4622 nos
826 4550 869 4622 ad
894 4549 992 4622 linem
1017 4549 1165 4641 beatum,
1199 4564 1233 4625 et
1259 4555 1383 4625 exitum
1409 4551 1727 4638 misericordiarum,
1759 4559 1795 4621 ut
1826 4571 1893 4622 non
1919 4549 2005 4622 sub-

636 4663 748 4738 trahas
776 4677 810 4738 te
835 4665 877 4738 ab
904 4665 988 4758 illis,
1024 4671 1078 4763 qui
1105 4691 1224 4743 secure
1251 4680 1284 4741 te
1310 4678 1508 4764 expectant,
1541 4679 1575 4740 et
1606 4670 1769 4764 aspiciunt
1801 4670 1835 4738 in
1868 4677 1901 4738 te
1933 4669 2005 4738 sine

636 4780 715 4868 line,
741 4791 775 4853 et
802 4780 950 4854 exrdtant
975 4782 1199 4857 indesinenter
1223 4784 1525 4858 inlaudationibus
1552 4788 1634 4872 tuis,
1666 4793 1702 4855 ut
1727 4782 1781 4854 hic
1808 4794 1842 4855 et
1867 4781 1933 4854 illie
1959 4804 2006 4853 ex

638 4896 790 4970 omnibus
818 4908 852 4970 et
877 4909 1014 4994 propter
1040 4903 1149 4972 omnia
1175 4903 1282 4994 magis
1309 4901 1473 4974 exaltetur
1504 4922 1625 4972 nornen
1658 4909 1748 4971 tuum
1782 4899 2002 5000 benedictum,

638 5011 801 5108 simulque
826 5014 961 5086 Domini
986 5018 1091 5088 nostri
1117 5017 1199 5090 lesu
1226 5016 1361 5108 Christi,
1389 5029 1423 5090 et
1448 5018 1589 5113 Spiritus
1616 5019 1663 5089 tui
1689 5019 1805 5090 sancti.

742 5128 903 5224 Populos.
956 5128 1017 5219 Ut,
1045 5139 1111 5203 etc:
