<?xml version="1.0" encoding="UTF-8"?>
<!DOCTYPE html PUBLIC "-//W3C//DTD XHTML 1.0 Transitional//EN"
    "http://www.w3.org/TR/xhtml1/DTD/xhtml1-transitional.dtd">
<html xmlns="http://www.w3.org/1999/xhtml" xml:lang="en" lang="en">
 <head>
  <title>
</title>
<meta http-equiv="Content-Type" content="text/html;charset=utf-8" />
  <meta name='ocr-system' content='tesseract 3.04.00' />
  <meta name='ocr-capabilities' content='ocr_page ocr_carea ocr_par ocr_line ocrx_word'/>
</head>
<body>
  <div class='ocr_page' id='page_1' title='image "./liturgiarumorie04renagoog_0558.png"; bbox 0 0 4814 6060; ppageno 0'>
   <div class='ocr_carea' id='block_1_1' title="bbox 594 459 1709 604">
    <p class='ocr_par' dir='ltr' id='par_1_1' title="bbox 594 459 1709 604">
     <span class='ocr_line' id='line_1_1' title="bbox 594 459 1709 604; baseline -0.003 -17"><span class='ocrx_word' id='word_1_1' title='bbox 594 511 635 587; x_wconf 89' lang='lat' dir='ltr'>m</span> <span class='ocrx_word' id='word_1_2' title='bbox 661 508 866 586; x_wconf 82' lang='lat' dir='ltr'>nrmnonn</span> <span class='ocrx_word' id='word_1_3' title='bbox 891 509 1036 586; x_wconf 78' lang='lat' dir='ltr'>terrm</span> <span class='ocrx_word' id='word_1_4' title='bbox 1062 509 1146 586; x_wconf 84' lang='lat' dir='ltr'>sun</span> <span class='ocrx_word' id='word_1_5' title='bbox 1173 459 1352 604; x_wconf 72' lang='lat' dir='ltr'>uorans,</span> <span class='ocrx_word' id='word_1_6' title='bbox 1380 527 1431 587; x_wconf 75' lang='lat' dir='ltr'>a.</span> <span class='ocrx_word' id='word_1_7' title='bbox 1637 511 1709 584; x_wconf 85' lang='lat'>521</span> 
     </span>
    </p>
   </div>
   <div class='ocr_carea' id='block_1_2' title="bbox 330 691 1715 2658">
    <p class='ocr_par' dir='ltr' id='par_1_2' title="bbox 333 691 1715 1178">
     <span class='ocr_line' id='line_1_2' title="bbox 335 691 1714 775; baseline -0.001 -15"><span class='ocrx_word' id='word_1_8' title='bbox 335 697 502 760; x_wconf 90' lang='lat' dir='ltr'>orationem</span> <span class='ocrx_word' id='word_1_9' title='bbox 526 693 625 756; x_wconf 93' lang='lat' dir='ltr'>multis</span> <span class='ocrx_word' id='word_1_10' title='bbox 648 694 678 755; x_wconf 94' lang='lat' dir='ltr'>in</span> <span class='ocrx_word' id='word_1_11' title='bbox 701 692 778 757; x_wconf 92' lang='lat' dir='ltr'>locis</span> <span class='ocrx_word' id='word_1_12' title='bbox 810 693 1053 756; x_wconf 80' lang='lat' dir='ltr'><strong>obscurissimam</strong></span> <span class='ocrx_word' id='word_1_13' title='bbox 1083 691 1215 770; x_wconf 82' lang='lat' dir='ltr'>iaciunt,</span> <span class='ocrx_word' id='word_1_14' title='bbox 1244 703 1277 757; x_wconf 91' lang='lat' dir='ltr'>ut</span> <span class='ocrx_word' id='word_1_15' title='bbox 1307 693 1470 774; x_wconf 80' lang='lat' dir='ltr'>literalem,</span> <span class='ocrx_word' id='word_1_16' title='bbox 1503 695 1584 775; x_wconf 89' lang='lat' dir='ltr'>quod</span> <span class='ocrx_word' id='word_1_17' title='bbox 1614 702 1714 758; x_wconf 86' lang='lat' dir='ltr'>tumen</span> 
     </span>
     <span class='ocr_line' id='line_1_3' title="bbox 333 791 1713 878; baseline -0.001 -20"><span class='ocrx_word' id='word_1_18' title='bbox 333 803 476 878; x_wconf 91' lang='lat' dir='ltr'>quantum</span> <span class='ocrx_word' id='word_1_19' title='bbox 498 791 581 856; x_wconf 87' lang='lat' dir='ltr'>licuit</span> <span class='ocrx_word' id='word_1_20' title='bbox 604 793 703 855; x_wconf 91' lang='lat' dir='ltr'>conati</span> <span class='ocrx_word' id='word_1_21' title='bbox 727 809 841 870; x_wconf 85' lang='lat' dir='ltr'>sumus,</span> <span class='ocrx_word' id='word_1_22' title='bbox 864 809 970 854; x_wconf 92' lang='lat' dir='ltr'>eorum</span> <span class='ocrx_word' id='word_1_23' title='bbox 998 793 1278 873; x_wconf 75' lang='lat' dir='ltr'>interpretationem</span> <span class='ocrx_word' id='word_1_24' title='bbox 1301 794 1386 873; x_wconf 88' lang='lat' dir='ltr'>dare,</span> <span class='ocrx_word' id='word_1_25' title='bbox 1409 794 1596 874; x_wconf 90' lang='lat' dir='ltr'>impossibile</span> <span class='ocrx_word' id='word_1_26' title='bbox 1619 811 1713 876; x_wconf 83' lang='lat' dir='ltr'>saepe</span> 
     </span>
     <span class='ocr_line' id='line_1_4' title="bbox 333 875 1713 975; baseline -0.002 -18"><span class='ocrx_word' id='word_1_27' title='bbox 333 895 435 958; x_wconf 85' lang='lat' dir='ltr'>inerit.</span> <span class='ocrx_word' id='word_1_28' title='bbox 467 893 558 955; x_wconf 80' lang='lat' dir='ltr'>Extat</span> <span class='ocrx_word' id='word_1_29' title='bbox 580 892 655 954; x_wconf 89' lang='lat' dir='ltr'>haee</span> <span class='ocrx_word' id='word_1_30' title='bbox 678 891 815 974; x_wconf 79' lang='lat' dir='ltr'>liturgia</span> <span class='ocrx_word' id='word_1_31' title='bbox 836 893 867 953; x_wconf 95' lang='lat' dir='ltr'>in</span> <span class='ocrx_word' id='word_1_32' title='bbox 892 890 1054 954; x_wconf 84' lang='lat' dir='ltr'>codicibus</span> <span class='ocrx_word' id='word_1_33' title='bbox 1078 875 1261 954; x_wconf 79' lang='lat' dir='ltr'>colbertinis</span> <span class='ocrx_word' id='word_1_34' title='bbox 1285 902 1315 955; x_wconf 90' lang='lat' dir='ltr'>et</span> <span class='ocrx_word' id='word_1_35' title='bbox 1331 893 1535 975; x_wconf 89' lang='lat' dir='ltr'>Seguierianis</span> <span class='ocrx_word' id='word_1_36' title='bbox 1559 895 1631 956; x_wconf 90' lang='lat' dir='ltr'>satis</span> <span class='ocrx_word' id='word_1_37' title='bbox 1655 911 1713 956; x_wconf 89' lang='lat' dir='ltr'>an-</span> 
     </span>
     <span class='ocr_line' id='line_1_5' title="bbox 334 991 1715 1074; baseline -0.001 -17"><span class='ocrx_word' id='word_1_38' title='bbox 334 995 434 1074; x_wconf 88' lang='lat' dir='ltr'>tiquis,</span> <span class='ocrx_word' id='word_1_39' title='bbox 457 1010 524 1055; x_wconf 89' lang='lat' dir='ltr'>curn</span> <span class='ocrx_word' id='word_1_40' title='bbox 547 991 608 1054; x_wconf 86' lang='lat' dir='ltr'>leui</span> <span class='ocrx_word' id='word_1_41' title='bbox 631 991 790 1054; x_wconf 86' lang='lat' dir='ltr'>admodum</span> <span class='ocrx_word' id='word_1_42' title='bbox 812 991 969 1066; x_wconf 88' lang='lat' dir='ltr'>varietate,</span> <span class='ocrx_word' id='word_1_43' title='bbox 992 997 1061 1052; x_wconf 89' lang='lat' dir='ltr'>nata</span> <span class='ocrx_word' id='word_1_44' title='bbox 1084 998 1117 1052; x_wconf 91' lang='lat' dir='ltr'>ut</span> <span class='ocrx_word' id='word_1_45' title='bbox 1138 991 1298 1073; x_wconf 89' lang='lat' dir='ltr'>plurimum</span> <span class='ocrx_word' id='word_1_46' title='bbox 1321 1011 1361 1056; x_wconf 87' lang='lat' dir='ltr'>ex</span> <span class='ocrx_word' id='word_1_47' title='bbox 1383 1010 1493 1056; x_wconf 89' lang='lat' dir='ltr'>vocum</span> <span class='ocrx_word' id='word_1_48' title='bbox 1515 991 1715 1070; x_wconf 78' lang='lat' dir='ltr'>obscuritate,</span> 
     </span>
     <span class='ocr_line' id='line_1_6' title="bbox 334 1089 1100 1178; baseline -0.001 -24"><span class='ocrx_word' id='word_1_49' title='bbox 334 1110 409 1176; x_wconf 90' lang='lat' dir='ltr'>quas</span> <span class='ocrx_word' id='word_1_50' title='bbox 431 1090 633 1155; x_wconf 86' lang='lat' dir='ltr'>verisimiliter</span> <span class='ocrx_word' id='word_1_51' title='bbox 655 1090 796 1152; x_wconf 90' lang='lat' dir='ltr'>librarius</span> <span class='ocrx_word' id='word_1_52' title='bbox 819 1107 880 1152; x_wconf 94' lang='lat' dir='ltr'>non</span> <span class='ocrx_word' id='word_1_53' title='bbox 902 1089 1100 1178; x_wconf 75' lang='lat' dir='ltr'>intelligebat.</span> 
     </span>
    </p>

    <p class='ocr_par' dir='ltr' id='par_1_3' title="bbox 330 1189 1711 2658">
     <span class='ocr_line' id='line_1_7' title="bbox 421 1189 1711 1270; baseline 0 -16"><span class='ocrx_word' id='word_1_54' title='bbox 421 1190 558 1254; x_wconf 80' lang='lat' dir='ltr'>Praefert</span> <span class='ocrx_word' id='word_1_55' title='bbox 586 1198 685 1253; x_wconf 88' lang='lat' dir='ltr'>autem</span> <span class='ocrx_word' id='word_1_56' title='bbox 713 1189 895 1252; x_wconf 85' lang='lat' dir='ltr'>sinceritatis</span> <span class='ocrx_word' id='word_1_57' title='bbox 924 1197 1011 1251; x_wconf 87' lang='lat' dir='ltr'>notas</span> <span class='ocrx_word' id='word_1_58' title='bbox 1034 1208 1154 1264; x_wconf 88' lang='lat' dir='ltr'>omnes,</span> <span class='ocrx_word' id='word_1_59' title='bbox 1190 1207 1268 1270; x_wconf 90' lang='lat' dir='ltr'>quae</span> <span class='ocrx_word' id='word_1_60' title='bbox 1298 1191 1326 1252; x_wconf 91' lang='lat' dir='ltr'>in</span> <span class='ocrx_word' id='word_1_61' title='bbox 1356 1191 1500 1254; x_wconf 88' lang='lat' dir='ltr'>similibus</span> <span class='ocrx_word' id='word_1_62' title='bbox 1531 1191 1640 1254; x_wconf 89' lang='lat' dir='ltr'>Olliciis</span> <span class='ocrx_word' id='word_1_63' title='bbox 1671 1191 1711 1254; x_wconf 90' lang='lat' dir='ltr'>ad</span> 
     </span>
     <span class='ocr_line' id='line_1_8' title="bbox 335 1287 1709 1371; baseline -0.001 -17"><span class='ocrx_word' id='word_1_64' title='bbox 335 1290 551 1355; x_wconf 88' lang='lat' dir='ltr'>conciliandam</span> <span class='ocrx_word' id='word_1_65' title='bbox 578 1289 636 1352; x_wconf 91' lang='lat' dir='ltr'>illis</span> <span class='ocrx_word' id='word_1_66' title='bbox 668 1289 857 1351; x_wconf 85' lang='lat' dir='ltr'>autoritatem</span> <span class='ocrx_word' id='word_1_67' title='bbox 891 1295 1020 1369; x_wconf 91' lang='lat' dir='ltr'>possunt</span> <span class='ocrx_word' id='word_1_68' title='bbox 1048 1287 1227 1350; x_wconf 85' lang='lat' dir='ltr'>desiderari.</span> <span class='ocrx_word' id='word_1_69' title='bbox 1283 1289 1391 1352; x_wconf 89' lang='lat' dir='ltr'>Forma</span> <span class='ocrx_word' id='word_1_70' title='bbox 1420 1291 1498 1352; x_wconf 88' lang='lat' dir='ltr'>enim</span> <span class='ocrx_word' id='word_1_71' title='bbox 1525 1290 1709 1371; x_wconf 87' lang='lat' dir='ltr'>reliquarum</span> 
     </span>
     <span class='ocr_line' id='line_1_9' title="bbox 334 1386 1709 1472; baseline -0.001 -20"><span class='ocrx_word' id='word_1_72' title='bbox 334 1390 536 1472; x_wconf 83' lang='lat' dir='ltr'>Liturgiarum</span> <span class='ocrx_word' id='word_1_73' title='bbox 559 1389 748 1470; x_wconf 90' lang='lat' dir='ltr'>dispositioni</span> <span class='ocrx_word' id='word_1_74' title='bbox 771 1386 916 1449; x_wconf 89' lang='lat' dir='ltr'>simillima</span> <span class='ocrx_word' id='word_1_75' title='bbox 939 1395 997 1466; x_wconf 91' lang='lat' dir='ltr'>est,</span> <span class='ocrx_word' id='word_1_76' title='bbox 1022 1395 1051 1449; x_wconf 91' lang='lat' dir='ltr'>et</span> <span class='ocrx_word' id='word_1_77' title='bbox 1074 1387 1111 1448; x_wconf 94' lang='lat' dir='ltr'>ad</span> <span class='ocrx_word' id='word_1_78' title='bbox 1135 1405 1321 1449; x_wconf 86' lang='lat' dir='ltr'>communem</span> <span class='ocrx_word' id='word_1_79' title='bbox 1345 1387 1403 1454; x_wconf 93' lang='lat' dir='ltr'>illis</span> <span class='ocrx_word' id='word_1_80' title='bbox 1427 1388 1561 1450; x_wconf 90' lang='lat' dir='ltr'>ordinem</span> <span class='ocrx_word' id='word_1_81' title='bbox 1585 1406 1709 1451; x_wconf 90' lang='lat' dir='ltr'>accom-</span> 
     </span>
     <span class='ocr_line' id='line_1_10' title="bbox 334 1485 1710 1569; baseline -0.001 -17"><span class='ocrx_word' id='word_1_82' title='bbox 334 1490 464 1553; x_wconf 86' lang='lat' dir='ltr'>modata.</span> <span class='ocrx_word' id='word_1_83' title='bbox 513 1487 687 1550; x_wconf 88' lang='lat' dir='ltr'>Sententiae</span> <span class='ocrx_word' id='word_1_84' title='bbox 709 1488 830 1550; x_wconf 92' lang='lat' dir='ltr'>omnino</span> <span class='ocrx_word' id='word_1_85' title='bbox 854 1486 979 1561; x_wconf 80' lang='lat' dir='ltr'>similes,</span> <span class='ocrx_word' id='word_1_86' title='bbox 1002 1485 1131 1567; x_wconf 88' lang='lat' dir='ltr'>insignia</span> <span class='ocrx_word' id='word_1_87' title='bbox 1155 1485 1192 1548; x_wconf 90' lang='lat' dir='ltr'>de</span> <span class='ocrx_word' id='word_1_88' title='bbox 1217 1487 1345 1548; x_wconf 87' lang='lat' dir='ltr'>veritate</span> <span class='ocrx_word' id='word_1_89' title='bbox 1367 1487 1505 1567; x_wconf 89' lang='lat' dir='ltr'>corporis</span> <span class='ocrx_word' id='word_1_90' title='bbox 1529 1495 1559 1549; x_wconf 91' lang='lat' dir='ltr'>et</span> <span class='ocrx_word' id='word_1_91' title='bbox 1581 1489 1710 1569; x_wconf 83' lang='lat' dir='ltr'>sangui-</span> 
     </span>
     <span class='ocr_line' id='line_1_11' title="bbox 334 1583 1709 1668; baseline 0.001 -18"><span class='ocrx_word' id='word_1_92' title='bbox 334 1589 381 1652; x_wconf 94' lang='lat' dir='ltr'>nis</span> <span class='ocrx_word' id='word_1_93' title='bbox 405 1588 515 1650; x_wconf 91' lang='lat' dir='ltr'>Ohristi</span> <span class='ocrx_word' id='word_1_94' title='bbox 539 1588 569 1649; x_wconf 93' lang='lat' dir='ltr'>in</span> <span class='ocrx_word' id='word_1_95' title='bbox 586 1587 791 1664; x_wconf 89' lang='lat' dir='ltr'>Sacramento,</span> <span class='ocrx_word' id='word_1_96' title='bbox 814 1586 985 1648; x_wconf 87' lang='lat' dir='ltr'>testimonia</span> <span class='ocrx_word' id='word_1_97' title='bbox 1009 1583 1080 1646; x_wconf 87' lang='lat' dir='ltr'>nibil</span> <span class='ocrx_word' id='word_1_98' title='bbox 1097 1585 1237 1648; x_wconf 90' lang='lat' dir='ltr'>babentia</span> <span class='ocrx_word' id='word_1_99' title='bbox 1250 1587 1390 1648; x_wconf 88' lang='lat' dir='ltr'>novitatis</span> <span class='ocrx_word' id='word_1_100' title='bbox 1407 1595 1458 1650; x_wconf 89' lang='lat' dir='ltr'>aut</span> <span class='ocrx_word' id='word_1_101' title='bbox 1472 1588 1709 1668; x_wconf 80' lang='lat' dir='ltr'>peregrinitatis,</span> 
     </span>
     <span class='ocr_line' id='line_1_12' title="bbox 335 1684 1710 1766; baseline -0.001 -15"><span class='ocrx_word' id='word_1_102' title='bbox 335 1688 390 1751; x_wconf 92' lang='lat' dir='ltr'>sed</span> <span class='ocrx_word' id='word_1_103' title='bbox 403 1686 601 1750; x_wconf 88' lang='lat' dir='ltr'>Orientalium</span> <span class='ocrx_word' id='word_1_104' title='bbox 623 1685 723 1766; x_wconf 86' lang='lat' dir='ltr'>iidem,</span> <span class='ocrx_word' id='word_1_105' title='bbox 747 1693 791 1747; x_wconf 90' lang='lat' dir='ltr'>tot</span> <span class='ocrx_word' id='word_1_106' title='bbox 803 1685 868 1747; x_wconf 90' lang='lat' dir='ltr'>aliis</span> <span class='ocrx_word' id='word_1_107' title='bbox 883 1685 1081 1747; x_wconf 90' lang='lat' dir='ltr'>monumentis</span> <span class='ocrx_word' id='word_1_108' title='bbox 1093 1684 1297 1747; x_wconf 87' lang='lat' dir='ltr'>confirmatam</span> <span class='ocrx_word' id='word_1_109' title='bbox 1314 1686 1584 1766; x_wconf 86' lang='lat' dir='ltr'>repraesentantia.</span> <span class='ocrx_word' id='word_1_110' title='bbox 1608 1687 1710 1750; x_wconf 84' lang='lat' dir='ltr'>Verba</span> 
     </span>
     <span class='ocr_line' id='line_1_13' title="bbox 337 1781 1711 1870; baseline 0.001 -23"><span class='ocrx_word' id='word_1_111' title='bbox 337 1785 448 1847; x_wconf 91' lang='lat' dir='ltr'>Christi</span> <span class='ocrx_word' id='word_1_112' title='bbox 476 1785 594 1848; x_wconf 89' lang='lat' dir='ltr'>Domini</span> <span class='ocrx_word' id='word_1_113' title='bbox 625 1786 885 1846; x_wconf 87' lang='lat' dir='ltr'>consecrationem</span> <span class='ocrx_word' id='word_1_114' title='bbox 916 1783 1073 1846; x_wconf 86' lang='lat' dir='ltr'>obicientia</span> <span class='ocrx_word' id='word_1_115' title='bbox 1102 1781 1293 1863; x_wconf 83' lang='lat' dir='ltr'>reseruntur,</span> <span class='ocrx_word' id='word_1_116' title='bbox 1324 1792 1358 1847; x_wconf 89' lang='lat' dir='ltr'>ut</span> <span class='ocrx_word' id='word_1_117' title='bbox 1385 1783 1478 1866; x_wconf 85' lang='lat' dir='ltr'>vulgo</span> <span class='ocrx_word' id='word_1_118' title='bbox 1505 1786 1536 1846; x_wconf 94' lang='lat' dir='ltr'>in</span> <span class='ocrx_word' id='word_1_119' title='bbox 1565 1785 1711 1870; x_wconf 86' lang='lat' dir='ltr'>Liturgiis</span> 
     </span>
     <span class='ocr_line' id='line_1_14' title="bbox 334 1881 1711 1972; baseline 0.001 -26"><span class='ocrx_word' id='word_1_120' title='bbox 334 1883 538 1950; x_wconf 89' lang='lat' dir='ltr'>Orientalibus</span> <span class='ocrx_word' id='word_1_121' title='bbox 555 1884 599 1972; x_wconf 69' lang='lat' dir='ltr'>¹ad</span> <span class='ocrx_word' id='word_1_122' title='bbox 624 1883 807 1946; x_wconf 89' lang='lat' dir='ltr'>Graecarum</span> <span class='ocrx_word' id='word_1_123' title='bbox 831 1881 968 1959; x_wconf 90' lang='lat' dir='ltr'>lurmam,</span> <span class='ocrx_word' id='word_1_124' title='bbox 990 1883 1047 1944; x_wconf 92' lang='lat' dir='ltr'>nisi</span> <span class='ocrx_word' id='word_1_125' title='bbox 1071 1883 1153 1964; x_wconf 91' lang='lat' dir='ltr'>quod</span> <span class='ocrx_word' id='word_1_126' title='bbox 1180 1885 1210 1946; x_wconf 93' lang='lat' dir='ltr'>in</span> <span class='ocrx_word' id='word_1_127' title='bbox 1233 1884 1290 1946; x_wconf 88' lang='lat' dir='ltr'>ista</span> <span class='ocrx_word' id='word_1_128' title='bbox 1313 1883 1460 1964; x_wconf 89' lang='lat' dir='ltr'>adjicitur,</span> <span class='ocrx_word' id='word_1_129' title='bbox 1483 1883 1550 1946; x_wconf 87' lang='lat' dir='ltr'>Hoc</span> <span class='ocrx_word' id='word_1_130' title='bbox 1571 1893 1618 1946; x_wconf 84' lang='lat' dir='ltr'>est</span> <span class='ocrx_word' id='word_1_131' title='bbox 1638 1905 1711 1948; x_wconf 88' lang='lat' dir='ltr'>cor-</span> 
     </span>
     <span class='ocr_line' id='line_1_15' title="bbox 330 1981 1710 2076; baseline 0 -30"><span class='ocrx_word' id='word_1_132' title='bbox 330 2004 391 2064; x_wconf 84' lang='lat' dir='ltr'>pus</span> <span class='ocrx_word' id='word_1_133' title='bbox 412 2004 508 2046; x_wconf 86' lang='lat' dir='ltr'>meum</span> <span class='ocrx_word' id='word_1_134' title='bbox 530 2003 646 2058; x_wconf 86' lang='lat' dir='ltr'>oerum,</span> <span class='ocrx_word' id='word_1_135' title='bbox 669 1991 700 2044; x_wconf 90' lang='lat' dir='ltr'>et</span> <span class='ocrx_word' id='word_1_136' title='bbox 721 1982 779 2044; x_wconf 84' lang='lat' dir='ltr'>llic</span> <span class='ocrx_word' id='word_1_137' title='bbox 801 1991 847 2043; x_wconf 86' lang='lat' dir='ltr'>est</span> <span class='ocrx_word' id='word_1_138' title='bbox 868 1983 994 2062; x_wconf 75' lang='lat' dir='ltr'>sanguis</span> <span class='ocrx_word' id='word_1_139' title='bbox 1020 2000 1105 2076; x_wconf 72' lang='lat' dir='ltr'>meus</span> <span class='ocrx_word' id='word_1_140' title='bbox 1126 1984 1229 2044; x_wconf 73' lang='lat' dir='ltr'>ciero:</span> <span class='ocrx_word' id='word_1_141' title='bbox 1257 1999 1315 2062; x_wconf 89' lang='lat' dir='ltr'>qua</span> <span class='ocrx_word' id='word_1_142' title='bbox 1344 1983 1374 2044; x_wconf 92' lang='lat' dir='ltr'>in</span> <span class='ocrx_word' id='word_1_143' title='bbox 1403 1981 1555 2044; x_wconf 90' lang='lat' dir='ltr'>additione</span> <span class='ocrx_word' id='word_1_144' title='bbox 1583 1984 1610 2046; x_wconf 94' lang='lat' dir='ltr'>si</span> <span class='ocrx_word' id='word_1_145' title='bbox 1631 2002 1710 2064; x_wconf 83' lang='lat' dir='ltr'>pec-</span> 
     </span>
     <span class='ocr_line' id='line_1_16' title="bbox 335 2071 1709 2162; baseline 0.003 -19"><span class='ocrx_word' id='word_1_146' title='bbox 335 2085 415 2145; x_wconf 87' lang='lat' dir='ltr'>carit</span> <span class='ocrx_word' id='word_1_147' title='bbox 437 2083 545 2158; x_wconf 85' lang='lat' dir='ltr'>Autor,</span> <span class='ocrx_word' id='word_1_148' title='bbox 569 2081 690 2162; x_wconf 82' lang='lat' dir='ltr'>dequo</span> <span class='ocrx_word' id='word_1_149' title='bbox 713 2081 795 2144; x_wconf 90' lang='lat' dir='ltr'>nulla</span> <span class='ocrx_word' id='word_1_150' title='bbox 818 2081 955 2160; x_wconf 84' lang='lat' dir='ltr'>quaestio</span> <span class='ocrx_word' id='word_1_151' title='bbox 978 2087 1035 2157; x_wconf 86' lang='lat' dir='ltr'>est,</span> <span class='ocrx_word' id='word_1_152' title='bbox 1059 2098 1125 2142; x_wconf 90' lang='lat' dir='ltr'>cum</span> <span class='ocrx_word' id='word_1_153' title='bbox 1149 2071 1224 2142; x_wconf 84' lang='lat' dir='ltr'>hae&#39;c</span> <span class='ocrx_word' id='word_1_154' title='bbox 1248 2079 1318 2143; x_wconf 91' lang='lat' dir='ltr'>alibi</span> <span class='ocrx_word' id='word_1_155' title='bbox 1341 2080 1408 2144; x_wconf 84' lang='lat' dir='ltr'>lose</span> <span class='ocrx_word' id='word_1_156' title='bbox 1432 2087 1557 2151; x_wconf 88' lang='lat' dir='ltr'>tractata</span> <span class='ocrx_word' id='word_1_157' title='bbox 1581 2081 1709 2147; x_wconf 86' lang='lat' dir='ltr'>tuerint:</span> 
     </span>
     <span class='ocr_line' id='line_1_17' title="bbox 335 2177 1709 2262; baseline 0.001 -18"><span class='ocrx_word' id='word_1_158' title='bbox 335 2189 364 2244; x_wconf 90' lang='lat' dir='ltr'>at</span> <span class='ocrx_word' id='word_1_159' title='bbox 387 2201 460 2244; x_wconf 91' lang='lat' dir='ltr'>sane</span> <span class='ocrx_word' id='word_1_160' title='bbox 484 2187 589 2242; x_wconf 88' lang='lat' dir='ltr'>contra</span> <span class='ocrx_word' id='word_1_161' title='bbox 612 2199 715 2242; x_wconf 86' lang='lat' dir='ltr'>veram</span> <span class='ocrx_word' id='word_1_162' title='bbox 739 2180 777 2241; x_wconf 93' lang='lat' dir='ltr'>de</span> <span class='ocrx_word' id='word_1_163' title='bbox 801 2178 987 2241; x_wconf 85' lang='lat' dir='ltr'>Eucharistia</span> <span class='ocrx_word' id='word_1_164' title='bbox 1010 2177 1097 2240; x_wconf 87' lang='lat' dir='ltr'>fidem</span> <span class='ocrx_word' id='word_1_165' title='bbox 1120 2197 1182 2240; x_wconf 92' lang='lat' dir='ltr'>non</span> <span class='ocrx_word' id='word_1_166' title='bbox 1206 2181 1361 2261; x_wconf 82' lang='lat' dir='ltr'>peccavit3</span> <span class='ocrx_word' id='word_1_167' title='bbox 1385 2197 1451 2242; x_wconf 90' lang='lat' dir='ltr'>curn</span> <span class='ocrx_word' id='word_1_168' title='bbox 1474 2179 1552 2242; x_wconf 88' lang='lat' dir='ltr'>baec</span> <span class='ocrx_word' id='word_1_169' title='bbox 1575 2181 1709 2262; x_wconf 89' lang='lat' dir='ltr'>epitheta</span> 
     </span>
     <span class='ocr_line' id='line_1_18' title="bbox 334 2277 1710 2361; baseline 0.001 -18"><span class='ocrx_word' id='word_1_170' title='bbox 334 2281 393 2344; x_wconf 93' lang='lat' dir='ltr'>duo</span> <span class='ocrx_word' id='word_1_171' title='bbox 417 2299 477 2343; x_wconf 92' lang='lat' dir='ltr'>non</span> <span class='ocrx_word' id='word_1_172' title='bbox 500 2288 618 2343; x_wconf 88' lang='lat' dir='ltr'>temere</span> <span class='ocrx_word' id='word_1_173' title='bbox 642 2281 741 2360; x_wconf 89' lang='lat' dir='ltr'>posita</span> <span class='ocrx_word' id='word_1_174' title='bbox 764 2279 833 2356; x_wconf 86' lang='lat' dir='ltr'>sint,</span> <span class='ocrx_word' id='word_1_175' title='bbox 857 2285 889 2340; x_wconf 88' lang='lat' dir='ltr'>ut</span> <span class='ocrx_word' id='word_1_176' title='bbox 903 2277 1054 2357; x_wconf 89' lang='lat' dir='ltr'>suspicari</span> <span class='ocrx_word' id='word_1_177' title='bbox 1073 2279 1219 2361; x_wconf 86' lang='lat' dir='ltr'>quispiam</span> <span class='ocrx_word' id='word_1_178' title='bbox 1233 2286 1349 2360; x_wconf 89' lang='lat' dir='ltr'>posset,</span> <span class='ocrx_word' id='word_1_179' title='bbox 1371 2280 1551 2359; x_wconf 88' lang='lat' dir='ltr'>praesertim</span> <span class='ocrx_word' id='word_1_180' title='bbox 1574 2283 1605 2343; x_wconf 94' lang='lat' dir='ltr'>in</span> <span class='ocrx_word' id='word_1_181' title='bbox 1627 2289 1710 2346; x_wconf 89' lang='lat' dir='ltr'>tanta</span> 
     </span>
     <span class='ocr_line' id='line_1_19' title="bbox 334 2375 1709 2460; baseline 0.004 -20"><span class='ocrx_word' id='word_1_182' title='bbox 334 2386 454 2460; x_wconf 88' lang='lat' dir='ltr'>tamque</span> <span class='ocrx_word' id='word_1_183' title='bbox 477 2378 572 2442; x_wconf 89' lang='lat' dir='ltr'>ellnsa</span> <span class='ocrx_word' id='word_1_184' title='bbox 595 2380 758 2442; x_wconf 83' lang='lat' dir='ltr'>verborum</span> <span class='ocrx_word' id='word_1_185' title='bbox 781 2377 879 2458; x_wconf 90' lang='lat' dir='ltr'>copia.</span> <span class='ocrx_word' id='word_1_186' title='bbox 926 2377 985 2441; x_wconf 90' lang='lat' dir='ltr'>Sed</span> <span class='ocrx_word' id='word_1_187' title='bbox 1008 2375 1126 2438; x_wconf 92' lang='lat' dir='ltr'>duobus</span> <span class='ocrx_word' id='word_1_188' title='bbox 1155 2377 1213 2440; x_wconf 92' lang='lat' dir='ltr'>illis</span> <span class='ocrx_word' id='word_1_189' title='bbox 1243 2378 1347 2440; x_wconf 86' lang='lat' dir='ltr'>verbis</span> <span class='ocrx_word' id='word_1_190' title='bbox 1374 2377 1508 2442; x_wconf 82' lang='lat' dir='ltr'>loannes</span> <span class='ocrx_word' id='word_1_191' title='bbox 1536 2381 1709 2446; x_wconf 86' lang='lat' dir='ltr'>Patriarcha</span> 
     </span>
     <span class='ocr_line' id='line_1_20' title="bbox 334 2475 1709 2558; baseline 0.004 -19"><span class='ocrx_word' id='word_1_192' title='bbox 334 2479 457 2541; x_wconf 90' lang='lat' dir='ltr'>totidem</span> <span class='ocrx_word' id='word_1_193' title='bbox 486 2493 609 2542; x_wconf 89' lang='lat' dir='ltr'>errores</span> <span class='ocrx_word' id='word_1_194' title='bbox 641 2498 681 2540; x_wconf 89' lang='lat' dir='ltr'>ex</span> <span class='ocrx_word' id='word_1_195' title='bbox 708 2495 831 2540; x_wconf 92' lang='lat' dir='ltr'>suorum</span> <span class='ocrx_word' id='word_1_196' title='bbox 860 2475 1066 2539; x_wconf 87' lang='lat' dir='ltr'>Jacobitarum</span> <span class='ocrx_word' id='word_1_197' title='bbox 1096 2476 1200 2538; x_wconf 91' lang='lat' dir='ltr'>animis</span> <span class='ocrx_word' id='word_1_198' title='bbox 1229 2476 1386 2558; x_wconf 88' lang='lat' dir='ltr'>depellere</span> <span class='ocrx_word' id='word_1_199' title='bbox 1417 2477 1591 2558; x_wconf 88' lang='lat' dir='ltr'>satagebat,</span> <span class='ocrx_word' id='word_1_200' title='bbox 1621 2483 1648 2543; x_wconf 94' lang='lat' dir='ltr'>si</span> <span class='ocrx_word' id='word_1_201' title='bbox 1678 2483 1709 2544; x_wconf 95' lang='lat' dir='ltr'>in</span> 
     </span>
     <span class='ocr_line' id='line_1_21' title="bbox 334 2575 1710 2658; baseline 0.001 -17"><span class='ocrx_word' id='word_1_202' title='bbox 334 2587 415 2642; x_wconf 90' lang='lat' dir='ltr'>tanta</span> <span class='ocrx_word' id='word_1_203' title='bbox 439 2577 677 2642; x_wconf 88' lang='lat' dir='ltr'>Christianorum</span> <span class='ocrx_word' id='word_1_204' title='bbox 708 2576 904 2640; x_wconf 90' lang='lat' dir='ltr'>Orientalium</span> <span class='ocrx_word' id='word_1_205' title='bbox 935 2575 1103 2638; x_wconf 88' lang='lat' dir='ltr'>calamitate</span> <span class='ocrx_word' id='word_1_206' title='bbox 1134 2582 1166 2638; x_wconf 85' lang='lat' dir='ltr'>et</span> <span class='ocrx_word' id='word_1_207' title='bbox 1195 2577 1383 2658; x_wconf 81' lang='lat' dir='ltr'>ignorantia,</span> <span class='ocrx_word' id='word_1_208' title='bbox 1414 2575 1483 2638; x_wconf 92' lang='lat' dir='ltr'>illos</span> <span class='ocrx_word' id='word_1_209' title='bbox 1513 2596 1553 2640; x_wconf 86' lang='lat' dir='ltr'>ex</span> <span class='ocrx_word' id='word_1_210' title='bbox 1583 2580 1710 2642; x_wconf 90' lang='lat' dir='ltr'>aliorum</span> 
     </span>
    </p>
   </div>
   <div class='ocr_carea' id='block_1_3' title="bbox 236 2665 1833 2862">
    <p class='ocr_par' dir='ltr' id='par_1_4' title="bbox 236 2665 1833 2862">
     <span class='ocr_line' id='line_1_22' title="bbox 236 2665 1710 2756; baseline 0.003 -17"><span class='ocrx_word' id='word_1_211' title='bbox 236 2665 239 2674; x_wconf 74' lang='grc'><strong>’</strong></span> <span class='ocrx_word' id='word_1_212' title='bbox 336 2679 516 2740; x_wconf 89' lang='lat' dir='ltr'>commercio</span> <span class='ocrx_word' id='word_1_213' title='bbox 540 2677 738 2740; x_wconf 88' lang='lat' dir='ltr'>imbibissent.</span> <span class='ocrx_word' id='word_1_214' title='bbox 783 2676 897 2738; x_wconf 89' lang='lat' dir='ltr'>Primus</span> <span class='ocrx_word' id='word_1_215' title='bbox 921 2683 986 2736; x_wconf 87' lang='lat' dir='ltr'>erat</span> <span class='ocrx_word' id='word_1_216' title='bbox 1009 2673 1153 2756; x_wconf 78' lang='lat' dir='ltr'>Eutychis</span> <span class='ocrx_word' id='word_1_217' title='bbox 1176 2682 1207 2736; x_wconf 90' lang='lat' dir='ltr'>et</span> <span class='ocrx_word' id='word_1_218' title='bbox 1229 2674 1426 2755; x_wconf 79' lang='lat' dir='ltr'>Apollinarii‚</span> <span class='ocrx_word' id='word_1_219' title='bbox 1450 2691 1527 2756; x_wconf 93' lang='lat' dir='ltr'>quos</span> <span class='ocrx_word' id='word_1_220' title='bbox 1550 2677 1581 2740; x_wconf 93' lang='lat' dir='ltr'>in</span> <span class='ocrx_word' id='word_1_221' title='bbox 1604 2679 1710 2743; x_wconf 89' lang='lat' dir='ltr'>eadem</span> 
     </span>
     <span class='ocr_line' id='line_1_23' title="bbox 335 2771 1833 2862; baseline 0.003 -25"><span class='ocrx_word' id='word_1_222' title='bbox 335 2778 483 2839; x_wconf 90' lang='lat' dir='ltr'>sententia</span> <span class='ocrx_word' id='word_1_223' title='bbox 506 2775 601 2839; x_wconf 91' lang='lat' dir='ltr'>luisse</span> <span class='ocrx_word' id='word_1_224' title='bbox 624 2776 760 2854; x_wconf 88' lang='lat' dir='ltr'>eredunt,</span> <span class='ocrx_word' id='word_1_225' title='bbox 784 2775 862 2854; x_wconf 94' lang='lat' dir='ltr'>quod</span> <span class='ocrx_word' id='word_1_226' title='bbox 888 2773 1024 2837; x_wconf 91' lang='lat' dir='ltr'>Christus</span> <span class='ocrx_word' id='word_1_227' title='bbox 1053 2773 1091 2836; x_wconf 91' lang='lat' dir='ltr'>de</span> <span class='ocrx_word' id='word_1_228' title='bbox 1122 2771 1209 2835; x_wconf 90' lang='lat' dir='ltr'>coelo</span> <span class='ocrx_word' id='word_1_229' title='bbox 1232 2790 1342 2855; x_wconf 91' lang='lat' dir='ltr'>eorpus</span> <span class='ocrx_word' id='word_1_230' title='bbox 1365 2774 1514 2854; x_wconf 87' lang='lat' dir='ltr'>babuerit,</span> <span class='ocrx_word' id='word_1_231' title='bbox 1537 2779 1710 2860; x_wconf 82' lang='lat' dir='ltr'>nostrisque</span> <span class='ocrx_word' id='word_1_232' title='bbox 1827 2851 1833 2862; x_wconf 50' lang='grc'><em>,</em></span> 
     </span>
    </p>
   </div>
   <div class='ocr_carea' id='block_1_4' title="bbox 336 2871 1750 3057">
    <p class='ocr_par' dir='ltr' id='par_1_5' title="bbox 336 2871 1750 3057">
     <span class='ocr_line' id='line_1_24' title="bbox 336 2871 1750 2957; baseline 0.004 -22"><span class='ocrx_word' id='word_1_233' title='bbox 336 2873 493 2938; x_wconf 91' lang='lat' dir='ltr'>dissimile:</span> <span class='ocrx_word' id='word_1_234' title='bbox 517 2876 567 2957; x_wconf 92' lang='lat' dir='ltr'>qui</span> <span class='ocrx_word' id='word_1_235' title='bbox 591 2891 679 2938; x_wconf 91' lang='lat' dir='ltr'>error</span> <span class='ocrx_word' id='word_1_236' title='bbox 702 2874 877 2950; x_wconf 89' lang='lat' dir='ltr'>destruitur,</span> <span class='ocrx_word' id='word_1_237' title='bbox 901 2873 970 2934; x_wconf 92' lang='lat' dir='ltr'>dum</span> <span class='ocrx_word' id='word_1_238' title='bbox 992 2873 1023 2934; x_wconf 94' lang='lat' dir='ltr'>in</span> <span class='ocrx_word' id='word_1_239' title='bbox 1045 2881 1353 2935; x_wconf 88' lang='lat' dir='ltr'>sacranrentoverum</span> <span class='ocrx_word' id='word_1_240' title='bbox 1368 2871 1480 2936; x_wconf 87' lang='lat' dir='ltr'>Christi</span> <span class='ocrx_word' id='word_1_241' title='bbox 1503 2891 1615 2957; x_wconf 86' lang='lat' dir='ltr'>corpus</span> <span class='ocrx_word' id='word_1_242' title='bbox 1639 2895 1712 2940; x_wconf 88' lang='lat' dir='ltr'>esse</span> <span class='ocrx_word' id='word_1_243' title='bbox 1745 2876 1750 2884; x_wconf 84' lang='lat'>&#39;</span> 
     </span>
     <span class='ocr_line' id='line_1_25' title="bbox 336 2970 1709 3057; baseline 0.004 -23"><span class='ocrx_word' id='word_1_244' title='bbox 336 2972 530 3038; x_wconf 86' lang='lat' dir='ltr'>confitentur:</span> <span class='ocrx_word' id='word_1_245' title='bbox 586 2973 734 3054; x_wconf 88' lang='lat' dir='ltr'>simulque</span> <span class='ocrx_word' id='word_1_246' title='bbox 774 2971 884 3034; x_wconf 87' lang='lat' dir='ltr'>loliani</span> <span class='ocrx_word' id='word_1_247' title='bbox 919 2970 1139 3033; x_wconf 84' lang='lat' dir='ltr'>Halicarnassei</span> <span class='ocrx_word' id='word_1_248' title='bbox 1177 2988 1266 3051; x_wconf 91' lang='lat' dir='ltr'>quem</span> <span class='ocrx_word' id='word_1_249' title='bbox 1303 2972 1460 3034; x_wconf 88' lang='lat' dir='ltr'>Jacobitaa</span> <span class='ocrx_word' id='word_1_250' title='bbox 1498 2975 1709 3057; x_wconf 89' lang='lat' dir='ltr'>condemnant,</span> 
     </span>
    </p>
   </div>
   <div class='ocr_carea' id='block_1_5' title="bbox 334 3057 1710 3250">
    <p class='ocr_par' dir='ltr' id='par_1_6' title="bbox 334 3057 1710 3250">
     <span class='ocr_line' id='line_1_26' title="bbox 334 3057 1709 3156; baseline 0.004 -24"><span class='ocrx_word' id='word_1_251' title='bbox 334 3071 532 3150; x_wconf 70' lang='lat' dir='ltr'>Phantasma,</span> <span class='ocrx_word' id='word_1_252' title='bbox 555 3057 667 3154; x_wconf 61' lang='lat' dir='ltr'>nt&#39;ipsi</span> <span class='ocrx_word' id='word_1_253' title='bbox 689 3073 791 3156; x_wconf 89' lang='lat' dir='ltr'>dicunt</span> <span class='ocrx_word' id='word_1_254' title='bbox 812 3071 998 3151; x_wconf 89' lang='lat' dir='ltr'>rejiciuntur.</span> <span class='ocrx_word' id='word_1_255' title='bbox 1040 3067 1127 3131; x_wconf 78' lang='lat' dir='ltr'>Alter</span> <span class='ocrx_word' id='word_1_256' title='bbox 1156 3085 1244 3131; x_wconf 90' lang='lat' dir='ltr'>error</span> <span class='ocrx_word' id='word_1_257' title='bbox 1265 3071 1290 3130; x_wconf 92' lang='lat' dir='ltr'>is</span> <span class='ocrx_word' id='word_1_258' title='bbox 1322 3079 1368 3132; x_wconf 89' lang='lat' dir='ltr'>est</span> <span class='ocrx_word' id='word_1_259' title='bbox 1391 3089 1480 3152; x_wconf 91' lang='lat' dir='ltr'>quem</span> <span class='ocrx_word' id='word_1_260' title='bbox 1502 3080 1534 3134; x_wconf 92' lang='lat' dir='ltr'>ut</span> <span class='ocrx_word' id='word_1_261' title='bbox 1557 3074 1617 3136; x_wconf 87' lang='lat' dir='ltr'>alio</span> <span class='ocrx_word' id='word_1_262' title='bbox 1641 3075 1709 3138; x_wconf 91' lang='lat' dir='ltr'>loco</span> 
     </span>
     <span class='ocr_line' id='line_1_27' title="bbox 335 3165 1710 3250; baseline 0.003 -18"><span class='ocrx_word' id='word_1_263' title='bbox 335 3171 561 3235; x_wconf 87' lang='lat' dir='ltr'>observavimus</span> <span class='ocrx_word' id='word_1_264' title='bbox 584 3171 772 3236; x_wconf 88' lang='lat' dir='ltr'>Nestorianis</span> <span class='ocrx_word' id='word_1_265' title='bbox 796 3171 939 3248; x_wconf 90' lang='lat' dir='ltr'>tribuunt,</span> <span class='ocrx_word' id='word_1_266' title='bbox 962 3177 1040 3232; x_wconf 86' lang='lat' dir='ltr'>teste</span> <span class='ocrx_word' id='word_1_267' title='bbox 1063 3168 1210 3248; x_wconf 82' lang='lat' dir='ltr'>Dionysio</span> <span class='ocrx_word' id='word_1_268' title='bbox 1234 3165 1397 3246; x_wconf 84' lang='lat' dir='ltr'>Bursalibi‚</span> <span class='ocrx_word' id='word_1_269' title='bbox 1429 3169 1510 3250; x_wconf 92' lang='lat' dir='ltr'>quod</span> <span class='ocrx_word' id='word_1_270' title='bbox 1532 3173 1563 3233; x_wconf 95' lang='lat' dir='ltr'>in</span> <span class='ocrx_word' id='word_1_271' title='bbox 1586 3172 1710 3236; x_wconf 86' lang='lat' dir='ltr'>Eucha-</span> 
     </span>
    </p>
   </div>
   <div class='ocr_carea' id='block_1_6' title="bbox 331 3267 1709 3732">
    <p class='ocr_par' dir='ltr' id='par_1_7' title="bbox 331 3267 1709 3732">
     <span class='ocr_line' id='line_1_28' title="bbox 335 3267 1709 3354; baseline 0.004 -24"><span class='ocrx_word' id='word_1_272' title='bbox 335 3270 417 3332; x_wconf 90' lang='lat' dir='ltr'>rislia</span> <span class='ocrx_word' id='word_1_273' title='bbox 442 3288 553 3352; x_wconf 90' lang='lat' dir='ltr'>eorpus</span> <span class='ocrx_word' id='word_1_274' title='bbox 577 3280 609 3335; x_wconf 89' lang='lat' dir='ltr'>et</span> <span class='ocrx_word' id='word_1_275' title='bbox 631 3272 756 3352; x_wconf 89' lang='lat' dir='ltr'>sanguis</span> <span class='ocrx_word' id='word_1_276' title='bbox 783 3269 910 3331; x_wconf 90' lang='lat' dir='ltr'>hominis</span> <span class='ocrx_word' id='word_1_277' title='bbox 938 3267 1050 3332; x_wconf 87' lang='lat' dir='ltr'>Christi</span> <span class='ocrx_word' id='word_1_278' title='bbox 1078 3274 1165 3344; x_wconf 89' lang='lat' dir='ltr'>sunt,</span> <span class='ocrx_word' id='word_1_279' title='bbox 1200 3285 1262 3330; x_wconf 92' lang='lat' dir='ltr'>non</span> <span class='ocrx_word' id='word_1_280' title='bbox 1289 3268 1345 3330; x_wconf 89' lang='lat' dir='ltr'>Dei</span> <span class='ocrx_word' id='word_1_281' title='bbox 1373 3268 1499 3332; x_wconf 91' lang='lat' dir='ltr'>hominis</span> <span class='ocrx_word' id='word_1_282' title='bbox 1529 3269 1617 3334; x_wconf 89' lang='lat' dir='ltr'>sacti:</span> <span class='ocrx_word' id='word_1_283' title='bbox 1650 3291 1709 3354; x_wconf 90' lang='lat' dir='ltr'>qua</span> 
     </span>
     <span class='ocr_line' id='line_1_29' title="bbox 334 3363 1708 3450; baseline 0.004 -20"><span class='ocrx_word' id='word_1_284' title='bbox 334 3371 460 3450; x_wconf 88' lang='lat' dir='ltr'>ratione,</span> <span class='ocrx_word' id='word_1_285' title='bbox 483 3370 639 3434; x_wconf 88' lang='lat' dir='ltr'>Jacobitae</span> <span class='ocrx_word' id='word_1_286' title='bbox 662 3378 694 3432; x_wconf 88' lang='lat' dir='ltr'>ut</span> <span class='ocrx_word' id='word_1_287' title='bbox 732 3387 871 3447; x_wconf 87' lang='lat' dir='ltr'>carnem,</span> <span class='ocrx_word' id='word_1_288' title='bbox 901 3369 942 3428; x_wconf 89' lang='lat' dir='ltr'>ita</span> <span class='ocrx_word' id='word_1_289' title='bbox 970 3365 1149 3449; x_wconf 86' lang='lat' dir='ltr'>sanguinem</span> <span class='ocrx_word' id='word_1_290' title='bbox 1181 3363 1292 3428; x_wconf 87' lang='lat' dir='ltr'>Christi</span> <span class='ocrx_word' id='word_1_291' title='bbox 1321 3367 1421 3428; x_wconf 89' lang='lat' dir='ltr'>rivum</span> <span class='ocrx_word' id='word_1_292' title='bbox 1450 3375 1480 3428; x_wconf 89' lang='lat' dir='ltr'>et</span> <span class='ocrx_word' id='word_1_293' title='bbox 1507 3369 1708 3436; x_wconf 87' lang='lat' dir='ltr'>vivificantem</span> 
     </span>
     <span class='ocr_line' id='line_1_30' title="bbox 331 3465 1708 3552; baseline 0.004 -24"><span class='ocrx_word' id='word_1_294' title='bbox 331 3468 418 3547; x_wconf 84' lang='lat' dir='ltr'>juxta</span> <span class='ocrx_word' id='word_1_295' title='bbox 447 3469 591 3551; x_wconf 76' lang='lat' dir='ltr'>Cyrillum</span> <span class='ocrx_word' id='word_1_296' title='bbox 623 3468 784 3550; x_wconf 89' lang='lat' dir='ltr'>appellant.</span> <span class='ocrx_word' id='word_1_297' title='bbox 843 3466 1021 3547; x_wconf 89' lang='lat' dir='ltr'>Paraphrasi</span> <span class='ocrx_word' id='word_1_298' title='bbox 1057 3471 1155 3526; x_wconf 87' lang='lat' dir='ltr'>autem</span> <span class='ocrx_word' id='word_1_299' title='bbox 1188 3465 1361 3545; x_wconf 80' lang='lat' dir='ltr'>exprimere</span> <span class='ocrx_word' id='word_1_300' title='bbox 1397 3467 1493 3529; x_wconf 87' lang='lat' dir='ltr'>verba</span> <span class='ocrx_word' id='word_1_301' title='bbox 1523 3467 1708 3552; x_wconf 82' lang='lat' dir='ltr'>Euangeliou</span> 
     </span>
     <span class='ocr_line' id='line_1_31' title="bbox 336 3563 1709 3648; baseline 0.003 -20"><span class='ocrx_word' id='word_1_302' title='bbox 336 3567 503 3647; x_wconf 86' lang='lat' dir='ltr'>adjiciendo</span> <span class='ocrx_word' id='word_1_303' title='bbox 534 3587 571 3632; x_wconf 89' lang='lat' dir='ltr'>ea</span> <span class='ocrx_word' id='word_1_304' title='bbox 602 3587 679 3648; x_wconf 90' lang='lat' dir='ltr'>quae</span> <span class='ocrx_word' id='word_1_305' title='bbox 710 3569 747 3630; x_wconf 91' lang='lat' dir='ltr'>ab</span> <span class='ocrx_word' id='word_1_306' title='bbox 781 3565 986 3648; x_wconf 86' lang='lat' dir='ltr'>Evangelistis</span> <span class='ocrx_word' id='word_1_307' title='bbox 1015 3572 1046 3626; x_wconf 91' lang='lat' dir='ltr'>et</span> <span class='ocrx_word' id='word_1_308' title='bbox 1075 3563 1166 3626; x_wconf 88' lang='lat' dir='ltr'>Paulo</span> <span class='ocrx_word' id='word_1_309' title='bbox 1195 3582 1257 3628; x_wconf 90' lang='lat' dir='ltr'>non</span> <span class='ocrx_word' id='word_1_310' title='bbox 1287 3565 1476 3646; x_wconf 81' lang='lat' dir='ltr'>reseruntur,</span> <span class='ocrx_word' id='word_1_311' title='bbox 1506 3569 1709 3632; x_wconf 88' lang='lat' dir='ltr'>vetustissima</span> 
     </span>
     <span class='ocr_line' id='line_1_32' title="bbox 336 3664 823 3732; baseline 0 -5"><span class='ocrx_word' id='word_1_312' title='bbox 336 3664 532 3731; x_wconf 90' lang='lat' dir='ltr'>Orientalium</span> <span class='ocrx_word' id='word_1_313' title='bbox 555 3667 743 3732; x_wconf 89' lang='lat' dir='ltr'>consuetudo</span> <span class='ocrx_word' id='word_1_314' title='bbox 766 3675 823 3730; x_wconf 90' lang='lat' dir='ltr'>est.</span> 
     </span>
    </p>
   </div>
   <div class='ocr_carea' id='block_1_7' title="bbox 906 3923 1140 3998">
    <p class='ocr_par' dir='ltr' id='par_1_8' title="bbox 906 3923 1140 3998">
     <span class='ocr_line' id='line_1_33' title="bbox 906 3923 1140 3998; baseline -0.009 0"><span class='ocrx_word' id='word_1_315' title='bbox 906 3927 940 3998; x_wconf 82' lang='lat'>2.</span> <span class='ocrx_word' id='word_1_316' title='bbox 978 3923 1140 3998; x_wconf 83' lang='lat' dir='ltr'>Comedil.</span> 
     </span>
    </p>
   </div>
   <div class='ocr_carea' id='block_1_8' title="bbox 336 4119 1710 4398">
    <p class='ocr_par' dir='ltr' id='par_1_9' title="bbox 336 4119 1710 4398">
     <span class='ocr_line' id='line_1_34' title="bbox 429 4119 1710 4214; baseline -0.003 -16"><span class='ocrx_word' id='word_1_317' title='bbox 429 4119 560 4198; x_wconf 82' lang='lat' dir='ltr'>Dromon</span> <span class='ocrx_word' id='word_1_318' title='bbox 584 4131 672 4195; x_wconf 91' lang='lat' dir='ltr'>etiam</span> <span class='ocrx_word' id='word_1_319' title='bbox 697 4130 834 4193; x_wconf 91' lang='lat' dir='ltr'>Christus</span> <span class='ocrx_word' id='word_1_320' title='bbox 859 4131 1043 4206; x_wconf 82' lang='lat' dir='ltr'>comedisse,</span> <span class='ocrx_word' id='word_1_321' title='bbox 1073 4131 1155 4214; x_wconf 90' lang='lat' dir='ltr'>quod</span> <span class='ocrx_word' id='word_1_322' title='bbox 1179 4132 1207 4194; x_wconf 94' lang='lat' dir='ltr'>in</span> <span class='ocrx_word' id='word_1_323' title='bbox 1232 4129 1383 4212; x_wconf 88' lang='lat' dir='ltr'>Copticis,</span> <span class='ocrx_word' id='word_1_324' title='bbox 1414 4131 1539 4195; x_wconf 85' lang='lat' dir='ltr'>Graecis</span> <span class='ocrx_word' id='word_1_325' title='bbox 1568 4131 1710 4195; x_wconf 83' lang='lat' dir='ltr'>Alexan-</span> 
     </span>
     <span class='ocr_line' id='line_1_35' title="bbox 336 4233 1710 4332; baseline 0 -36"><span class='ocrx_word' id='word_1_326' title='bbox 336 4233 439 4314; x_wconf 84' lang='lat' dir='ltr'>drinis,</span> <span class='ocrx_word' id='word_1_327' title='bbox 461 4235 649 4298; x_wconf 89' lang='lat' dir='ltr'>Nestorianis</span> <span class='ocrx_word' id='word_1_328' title='bbox 673 4242 704 4298; x_wconf 89' lang='lat' dir='ltr'>et</span> <span class='ocrx_word' id='word_1_329' title='bbox 728 4235 863 4316; x_wconf 82' lang='lat' dir='ltr'>Syriacis</span> <span class='ocrx_word' id='word_1_330' title='bbox 886 4233 952 4297; x_wconf 85' lang='lat' dir='ltr'>aliis</span> <span class='ocrx_word' id='word_1_331' title='bbox 967 4233 1110 4317; x_wconf 81' lang='lat' dir='ltr'>liturgiis</span> <span class='ocrx_word' id='word_1_332' title='bbox 1133 4234 1240 4299; x_wconf 91' lang='lat' dir='ltr'>eodem</span> <span class='ocrx_word' id='word_1_333' title='bbox 1263 4234 1353 4298; x_wconf 93' lang='lat' dir='ltr'>modo</span> <span class='ocrx_word' id='word_1_334' title='bbox 1376 4235 1496 4316; x_wconf 87' lang='lat' dir='ltr'>legitur,</span> <span class='ocrx_word' id='word_1_335' title='bbox 1520 4243 1552 4297; x_wconf 90' lang='lat' dir='ltr'>et</span> <span class='ocrx_word' id='word_1_336' title='bbox 1573 4243 1710 4332; x_wconf 77' lang='lat' dir='ltr'>veterum</span> 
     </span>
     <span class='ocr_line' id='line_1_36' title="bbox 336 4333 1523 4398; baseline 0 -2"><span class='ocrx_word' id='word_1_337' title='bbox 336 4334 495 4398; x_wconf 90' lang='lat' dir='ltr'>traditione</span> <span class='ocrx_word' id='word_1_338' title='bbox 518 4333 720 4397; x_wconf 88' lang='lat' dir='ltr'>confirmatur.</span> <span class='ocrx_word' id='word_1_339' title='bbox 1514 4343 1523 4358; x_wconf 78' lang='lat'><strong><em>¹</em></strong></span> 
     </span>
    </p>
   </div>
   <div class='ocr_carea' id='block_1_9' title="bbox 333 4613 1711 5112">
    <p class='ocr_par' dir='ltr' id='par_1_10' title="bbox 333 4613 1711 5112">
     <span class='ocr_line' id='line_1_37' title="bbox 421 4613 1711 4708; baseline -0.002 -18"><span class='ocrx_word' id='word_1_340' title='bbox 421 4625 452 4693; x_wconf 87' lang='grc'>3.</span> <span class='ocrx_word' id='word_1_341' title='bbox 498 4613 570 4694; x_wconf 80' lang='lat' dir='ltr'>Con</span> <span class='ocrx_word' id='word_1_342' title='bbox 593 4628 701 4689; x_wconf 91' lang='lat' dir='ltr'>dicitur</span> <span class='ocrx_word' id='word_1_343' title='bbox 722 4647 760 4688; x_wconf 86' lang='lat' dir='ltr'>ne</span> <span class='ocrx_word' id='word_1_344' title='bbox 779 4625 902 4705; x_wconf 76' lang='lat' dir='ltr'>flammo</span> <span class='ocrx_word' id='word_1_345' title='bbox 924 4634 1030 4707; x_wconf 72' lang='lat' dir='ltr'>conpar</span> <span class='ocrx_word' id='word_1_346' title='bbox 1050 4646 1183 4708; x_wconf 80' lang='lat' dir='ltr'>corpore</span> <span class='ocrx_word' id='word_1_347' title='bbox 1205 4629 1327 4708; x_wconf 72' lang='lat' dir='ltr'>ripeta</span> <span class='ocrx_word' id='word_1_348' title='bbox 1350 4623 1520 4687; x_wconf 73' lang='lat' dir='ltr'>Chricrmte</span> <span class='ocrx_word' id='word_1_349' title='bbox 1542 4632 1592 4687; x_wconf 86' lang='lat' dir='ltr'>tuo</span> <span class='ocrx_word' id='word_1_350' title='bbox 1614 4643 1711 4687; x_wconf 73' lang='lat' dir='ltr'>cere-</span> 
     </span>
     <span class='ocr_line' id='line_1_38' title="bbox 334 4720 1710 4812; baseline -0.004 -22"><span class='ocrx_word' id='word_1_351' title='bbox 334 4729 435 4792; x_wconf 81' lang='lat' dir='ltr'>ruudo</span> <span class='ocrx_word' id='word_1_352' title='bbox 457 4739 487 4794; x_wconf 84' lang='lat' dir='ltr'>et</span> <span class='ocrx_word' id='word_1_353' title='bbox 508 4739 625 4806; x_wconf 79' lang='lat' dir='ltr'>coneto,</span> <span class='ocrx_word' id='word_1_354' title='bbox 648 4730 839 4812; x_wconf 89' lang='lat' dir='ltr'>perspicuam</span> <span class='ocrx_word' id='word_1_355' title='bbox 861 4720 1070 4812; x_wconf 88' lang='lat' dir='ltr'>probationem</span> <span class='ocrx_word' id='word_1_356' title='bbox 1094 4735 1183 4791; x_wconf 87' lang='lat' dir='ltr'>autor</span> <span class='ocrx_word' id='word_1_357' title='bbox 1203 4725 1408 4790; x_wconf 81' lang='lat' dir='ltr'>subministrat</span> <span class='ocrx_word' id='word_1_358' title='bbox 1430 4722 1710 4787; x_wconf 87' lang='lat' dir='ltr'>doctrinanrtbo-</span> 
     </span>
     <span class='ocr_line' id='line_1_39' title="bbox 336 4821 1709 4906; baseline -0.001 -18"><span class='ocrx_word' id='word_1_359' title='bbox 336 4827 435 4891; x_wconf 85' lang='lat' dir='ltr'>doxae</span> <span class='ocrx_word' id='word_1_360' title='bbox 458 4828 496 4892; x_wconf 90' lang='lat' dir='ltr'>de</span> <span class='ocrx_word' id='word_1_361' title='bbox 520 4828 714 4893; x_wconf 86' lang='lat' dir='ltr'>Sacramenta</span> <span class='ocrx_word' id='word_1_362' title='bbox 736 4827 995 4892; x_wconf 80' lang='lat' dir='ltr'>confirmationis:</span> <span class='ocrx_word' id='word_1_363' title='bbox 1018 4839 1052 4893; x_wconf 93' lang='lat' dir='ltr'>ut</span> <span class='ocrx_word' id='word_1_364' title='bbox 1068 4827 1241 4892; x_wconf 87' lang='lat' dir='ltr'>notavimus</span> <span class='ocrx_word' id='word_1_365' title='bbox 1265 4825 1302 4890; x_wconf 92' lang='lat' dir='ltr'>ad</span> <span class='ocrx_word' id='word_1_366' title='bbox 1325 4822 1413 4886; x_wconf 90' lang='lat' dir='ltr'>aliam</span> <span class='ocrx_word' id='word_1_367' title='bbox 1427 4821 1602 4906; x_wconf 80' lang='lat' dir='ltr'>liturgiam.</span> <span class='ocrx_word' id='word_1_368' title='bbox 1627 4823 1709 4887; x_wconf 90' lang='lat' dir='ltr'>llaec</span> 
     </span>
     <span class='ocr_line' id='line_1_40' title="bbox 335 4923 1710 5012; baseline -0.003 -23"><span class='ocrx_word' id='word_1_369' title='bbox 335 4927 413 4989; x_wconf 87' lang='lat' dir='ltr'>enim</span> <span class='ocrx_word' id='word_1_370' title='bbox 437 4927 530 4991; x_wconf 83' lang='lat' dir='ltr'>rerba</span> <span class='ocrx_word' id='word_1_371' title='bbox 553 4928 723 5012; x_wconf 86' lang='lat' dir='ltr'>signiticant</span> <span class='ocrx_word' id='word_1_372' title='bbox 746 4928 951 4992; x_wconf 88' lang='lat' dir='ltr'>characterem</span> <span class='ocrx_word' id='word_1_373' title='bbox 975 4927 1104 5010; x_wconf 87' lang='lat' dir='ltr'>Christi,</span> <span class='ocrx_word' id='word_1_374' title='bbox 1138 4947 1204 4992; x_wconf 85' lang='lat' dir='ltr'>cunr</span> <span class='ocrx_word' id='word_1_375' title='bbox 1233 4929 1324 5011; x_wconf 87' lang='lat' dir='ltr'>signo</span> <span class='ocrx_word' id='word_1_376' title='bbox 1355 4923 1455 4988; x_wconf 83' lang='lat' dir='ltr'>crucis</span> <span class='ocrx_word' id='word_1_377' title='bbox 1478 4941 1519 4987; x_wconf 82' lang='lat' dir='ltr'>ex</span> <span class='ocrx_word' id='word_1_378' title='bbox 1542 4923 1710 4987; x_wconf 83' lang='lat' dir='ltr'>chrismate</span> 
     </span>
     <span class='ocr_line' id='line_1_41' title="bbox 333 5025 1016 5112; baseline 0.006 -26"><span class='ocrx_word' id='word_1_379' title='bbox 333 5025 526 5107; x_wconf 85' lang='lat' dir='ltr'>impressum,</span> <span class='ocrx_word' id='word_1_380' title='bbox 547 5029 736 5112; x_wconf 87' lang='lat' dir='ltr'>gratiamque</span> <span class='ocrx_word' id='word_1_381' title='bbox 759 5027 1016 5093; x_wconf 87' lang='lat' dir='ltr'>sacramentalem.</span> 
     </span>
    </p>
   </div>
   <div class='ocr_carea' id='block_1_10' title="bbox 0 0 2412 6054">
    <p class='ocr_par' dir='ltr' id='par_1_11' title="bbox 0 0 2412 6054">
     <span class='ocr_line' id='line_1_42' title="bbox 0 0 2412 6054; baseline 0 0"><span class='ocrx_word' id='word_1_382' title='bbox 0 0 2412 6054; x_wconf 95' lang='lat' dir='ltr'> </span> 
     </span>
    </p>
   </div>
  </div>
 </body>
</html>
