4712 6032
678 673 757 748 224
1125 672 1304 748 LITURGIA
1330 670 1469 748 Sdllllll
1495 671 1647 747 IGNATII.

682 862 882 946 consistent,
919 868 953 930 et
979 861 1168 949 unigenitus
1199 854 1303 928 Filius
1337 865 1412 928 tuos
1443 831 1613 947 judicabit.
1673 855 1743 929 Sed
1783 856 2055 952 quamadmodum

681 995 808 1046 summe
846 973 1097 1046 misericordem
1137 994 1219 1064 erga
1257 992 1320 1044 uos
1361 983 1394 1044 te
1428 971 1625 1057 exhibuisti‚
1660 994 1765 1066 parce
1799 971 2056 1066 pusillanimitati

681 1094 834 1172 nostrae,
868 1087 1029 1156 miserere
1055 1083 1248 1158 infirmitatis
1274 1096 1415 1156 naturae
1447 1095 1605 1172 nomme,
1637 1106 1705 1156 non
1732 1092 1766 1156 in
1788 1087 1966 1177 judicium,
2000 1098 2056 1158 aut

680 1199 988 1273 condemnationem
1015 1208 1173 1294 reputans
1200 1198 1297 1271 nobis
1324 1199 1387 1271 hoc
1413 1222 1531 1272 munus
1558 1210 1659 1286 tuum,
1686 1199 1748 1270 sed
1774 1199 1816 1271 ad
1836 1205 2053 1290 sanctitatem,

681 1325 715 1386 et
740 1315 946 1406 vigilantiam
973 1325 1007 1385 et
1033 1317 1189 1385 viaticum
1217 1315 1332 1386 salotis
1358 1325 1505 1387 nostrae.
1545 1313 1590 1384 Et
1618 1325 1650 1386 te
1677 1314 1922 1408 conarglum,
1949 1315 2055 1393 honor

681 1440 715 1501 et
741 1433 928 1524 imperium,
955 1430 1116 1522 simulque
1143 1432 1314 1521 unigenito
1341 1429 1425 1500 Filio
1453 1440 1510 1501 too
1538 1440 1572 1500 et
1598 1428 1735 1524 Spiritui
1761 1433 1971 1504 sanctissimo
1988 1442 2053 1504 tuo.

783 1543 946 1636 Populos.
999 1544 1142 1641 Amen„

783 1657 969 1734 Sacerdos.
1021 1661 1104 1731 Pax.

702 1805 708 1821 =
784 1774 945 1866 Populea.
997 1774 1140 1846 Etcum
1168 1776 1284 1868 spiritu
1311 1784 1377 1844 tuo.

783 1891 972 1962 Diaconos
1026 1890 1128 1977 Posi,
1157 1898 1220 1959 etc.

785 2006 947 2097 Populos.
1001 2005 1125 2076 Coram
1153 2015 1195 2075 te.

681 2209 682 2212 Ἴ
783 2119 959 2192 Sacerdos
985 2120 1122 2190 cleonae
1147 2142 1272 2191 vocem.
1328 2118 1403 2190 Tilri
1430 2122 1483 2212 qui
1509 2122 1642 2210 genitus
1669 2141 1707 2192 es
1735 2117 1777 2190 ab
1813 2129 1971 2207 aeterno,
2007 2140 2053 2192 cx

678 2235 801 2306 lumine
829 2247 986 2321 aeterno,
1024 2246 1057 2305 et
1089 2237 1280 2304 incarnatus
1317 2255 1355 2305 es
1389 2233 1517 2326 absque
1548 2233 1615 2303 ulla
1645 2237 1844 2322 mutatione,
1876 2258 1923 2306 ex
1958 2243 2052 2306 utero

679 2349 854 2440 virginali,
887 2352 1012 2441 gratias
1046 2352 1196 2439 agimus,
1233 2358 1267 2418 et
1301 2356 1337 2419 ut
1361 2350 1553 2442 requiescat
1580 2347 1720 2419 dextera
1749 2359 1821 2438 tua,
1856 2370 1958 2444 super
1989 2369 2052 2424 nos

680 2485 796 2536 omnes
823 2475 999 2558 perpetuo,
1025 2462 1240 2557 postulamus.
1294 2461 1499 2534 Sacerdotes
1527 2462 1641 2536 altaris
1669 2466 1715 2533 tui
1742 2463 1850 2555 gloria
1877 2463 1987 2553 affice,
2019 2472 2053 2538 at

679 2581 906 2654 ministrantes
934 2577 992 2651 tihi
1018 2582 1051 2650 in
1077 2577 1205 2649 honore
1240 2581 1412 2652 constitue.
1474 2577 1583 2650 Senes
1617 2578 1868 2650 mausuetudine
1900 2600 1983 2650 orna
2019 2589 2053 2650 et

680 2695 827 2787 adjuva:
862 2699 1004 2790 impetus
1027 2697 1187 2785 juvenum
1215 2713 1352 2765 coerce:
1385 2715 1510 2788 pueros
1537 2693 1644 2765 educa
1670 2698 1703 2764 in
1730 2692 1910 2785 modestia,
1943 2705 1991 2767 otv
2006 2694 2052 2766 ad
2149 2756 2154 2766 ,

680 2831 841 2881 summum
870 2812 1031 2881 scientiae
1058 2812 1185 2904 apicem
1218 2807 1402 2902 perducito.
1439 2809 1549 2896 ASana
1576 2810 1718 2880 Domino
1753 2809 1920 2899 infirmos,
1954 2809 2051 2883 ablue

679 2924 828 2998 maculas
865 2935 1097 3021 peccatorum:
1141 2923 1284 3016 obsigna
1319 2946 1420 2995 cruce
1455 2934 1509 2995 tua
1542 2923 1724 3016 Virgines:
1768 2925 1898 2999 custodi
1932 2925 2052 2997 lectum

660 3043 951 3138 conjugatorum:
978 3045 1069 3112 mitte
1096 3043 1214 3134 egenis
1242 3043 1463 3112 saturitatem:
1492 3049 1565 3111 esto
1593 3038 1816 3134 orphanorum
1841 3051 1986 3128 curator,
2019 3050 2051 3112 et

679 3154 886 3227 confortator
920 3155 1102 3229 viduarum.
1156 3156 1264 3226 Parce
1297 3154 1360 3226 illis
1393 3157 1447 3247 qui
1479 3165 1682 3248 acceperunt
1717 3176 1840 3249 corpus
1874 3165 1978 3228 tuum:
2018 3164 2051 3226 et

679 3291 741 3341 eos
769 3273 822 3370 qui
849 3270 1003 3343 biberunt
1037 3295 1082 3342 ex
1117 3273 1279 3361 sanguine
1314 3280 1382 3357 tuo,
1418 3267 1569 3364 perfecte
1602 3257 1750 3364 purillca.
1808 3271 1954 3344 Benedic
1986 3269 2049 3342 illis

575 3467 581 3478 ⁸
679 3389 822 3479 quiper
848 3408 982 3458 crucam
1009 3396 1097 3458 tuam
1125 3385 1265 3458 salutern
1293 3387 1463 3458 consecuti
1487 3396 1579 3472 suut3
1613 3384 1782 3458 sanctifica
1813 3389 1912 3458 etiam
1944 3404 2049 3478 agnos

678 3506 795 3592 gregis
823 3507 886 3590 tui,
914 3524 999 3576 oves
1027 3512 1098 3574 tuas
1126 3501 1231 3572 adhuc
1259 3502 1301 3572 ad
1329 3501 1418 3572 ovile
1453 3510 1558 3574 tuum:
1593 3521 1700 3592 agnos
1732 3510 1808 3574 tuos
1834 3504 1868 3571 in
1895 3501 2049 3574 doctrinis

678 3621 743 3686 tuis
764 3617 935 3706 confirma,
962 3639 1227 3710 unumquemque
1250 3619 1282 3687 in
1302 3617 1408 3706 gradu
1424 3628 1457 3688 et
1477 3616 1593 3688 ordine
1610 3637 1671 3688 soc
1695 3619 1805 3705 visito,
1831 3639 1893 3712 per
1914 3618 2049 3690 miseri-

680 3731 825 3803 cordiam
853 3741 949 3802 tuam.
1003 3731 1075 3803 Nos
1109 3742 1217 3802 autem
1243 3731 1386 3803 Domine
1414 3753 1536 3805 servos
1564 3743 1656 3822 tuos,
1689 3741 1723 3802 et
1753 3732 1942 3804 sacerdotio
1969 3729 2048 3802 lun-

678 3858 798 3938 gentes
826 3847 896 3936 tibi,
923 3847 1043 3938 dignos
1072 3847 1165 3919 edice
1192 3849 1322 3918 visione
1355 3850 1420 3918 tui:
1455 3869 1519 3919 nos
1552 3868 1669 3918 omnes
1702 3847 1808 3918 adduc
1843 3846 1885 3918 ad
1915 3845 2049 3948 habita-

679 3963 788 4033 culum
822 3971 928 4034 tuum:
970 3971 1099 4032 mentes
1132 3970 1265 4034 nostras
1300 3961 1412 4032 iirmas
1448 3961 1542 4051 cilice
1574 3966 1608 4033 in
1642 3961 1817 4044 dilectione
1852 3973 1924 4034 tua:
1964 3961 2049 4034 oculi

678 4082 785 4149 nostri
823 4080 970 4166 videant,
1010 4080 1221 4168 majestatem
1256 4077 1433 4149 timendam
1465 4089 1569 4150 tuam:
1611 4101 1671 4149 ora
1707 4086 1823 4150 nostra
1861 4076 2049 4172 repleantur

680 4193 993 4265 sanctificationibus
1020 4197 1098 4264 tuis:
1125 4193 1213 4264 labia
1240 4202 1368 4282 nostra,
1394 4193 1551 4283 Domine,
1577 4193 1692 4267 laudes
1720 4203 1793 4265 tuas
1820 4196 2048 4288 pronuncient,

679 4309 855 4401 Patrisque
881 4309 926 4378 tui
952 4306 1118 4380 benedicti
1145 4308 1312 4396 ethead,
1346 4317 1380 4379 et
1406 4309 1547 4403 Spiritus
1576 4313 1638 4400 tui,
1664 4311 1755 4397 vivi,
1783 4311 1906 4397 sancti,
1932 4307 2048 4381 vivili-

679 4426 785 4495 cantis
813 4433 847 4493 et
873 4420 930 4493 tihi
957 4423 1258 4496 consubstantialis.

783 4538 944 4629 Populea.
999 4539 1118 4609 Amen.

781 4652 969 4725 Diaconos.
1021 4652 1168 4724 Benedio
1194 4654 1347 4724 Domine.

780 4767 965 4838 Sacerdos.
1020 4768 1167 4839 Benedio
1195 4767 1359 4840 omnihus.
