4712 6032
606 552 633 626 ·
746 646 777 723 S.
804 647 1062 726 GLllllllllllS
1097 647 1286 725 Rtlbldlll.
1628 647 1701 722 187

198 869 209 888 ·
333 839 475 913 destruis
502 857 633 908 omnem
661 833 860 907 altitudinem
887 839 1080 933 passionum
1095 833 1308 908 extollentem
1325 857 1364 908 se
1392 832 1555 907 adversus
1583 836 1701 906 scien-

332 957 411 1028 tiam
438 962 539 1039 tuam,
572 961 606 1022 et
632 955 806 1047 captivans
834 973 965 1026 omnem
997 954 1233 1043 cogitationem
1264 949 1307 1023 ad
1339 949 1483 1023 formam
1509 949 1696 1022 humilitatis

334 1081 368 1142 et
403 1067 643 1140 adnihilationis
671 1077 757 1138 tuae.
811 1067 863 1139 'lu
894 1065 1104 1154 beatissime,
1132 1077 1166 1138 et
1192 1067 1289 1139 dives
1323 1063 1484 1139 donorum
1516 1063 1703 1138 sublimium

335 1189 449 1282 aspice
474 1205 536 1256 nos
564 1206 584 1254 e
610 1181 714 1254 coelis
746 1185 811 1256 tuis
844 1181 1036 1255 sublimibus
1063 1195 1097 1255 et
1123 1182 1325 1279 splendidis,
1357 1193 1391 1255 et
1423 1205 1469 1254 ex
1500 1179 1703 1252 habitatione

333 1302 431 1394 regni
456 1301 502 1372 tui
528 1300 664 1370 aeterni.
689 1297 784 1370 Mitte
801 1296 899 1370 nobis
915 1298 1003 1370 dona
1024 1303 1153 1390 gratiae
1170 1310 1247 1371 tuae
1262 1298 1414 1386 divinae,
1432 1295 1703 1368 inhabitationem

334 1416 477 1512 Spiritus
504 1419 551 1487 tui
578 1417 697 1488 sancti:
737 1416 812 1508 quia
845 1423 879 1486 tu
914 1412 1009 1486 dives
1042 1413 1345 1487 misericordiarum
1377 1423 1411 1486 et
1442 1410 1637 1504 magnificus
1671 1413 1706 1482 in
1751 1394 1755 1411 '

336 1532 444 1620 donis,
471 1540 505 1602 et
531 1529 753 1657 amplissimae
780 1528 988 1620 clementiae,
1015 1527 1140 1624 tibique
1167 1529 1309 1623 gloriam
1335 1541 1368 1602 et
1382 1531 1563 1621 gratiarum
1591 1528 1705 1598 aetio-

334 1669 412 1719 nem
439 1645 616 1731 offerimus,
646 1656 680 1717 et
705 1647 876 1737 unigenito
902 1643 988 1716 Filio
1016 1651 1085 1731 tuo,
1112 1655 1175 1718 etc.

439 1760 600 1854 Populus.
652 1761 771 1833 Amen.

440 1876 624 1948 Sacerdos.
678 1875 821 1948 Domine
846 1876 939 1947 Deus
965 1883 1104 1969 potens,
1133 1878 1188 1970 qui
1213 1875 1311 1948 rides
1339 1873 1554 1966 abscondita,
1587 1885 1620 1946 et
1645 1873 1704 1946 lu-

337 2003 411 2064 tura
439 1995 538 2064 etiam
563 2002 730 2087 penetras,
757 1991 834 2063 fons
859 1995 951 2062 vitae
970 1998 1003 2061 et
1022 1992 1119 2082 origo
1140 1987 1237 2062 beata
1255 1990 1464 2064 beatitudinis
1479 2001 1512 2065 et
1529 1989 1705 2080 bonitatis;

336 2107 477 2200 largitor
503 2109 665 2203 puritatis,
692 2114 726 2177 et
752 2129 772 2176 a
800 2128 865 2200 quo
893 2109 1050 2178 sanctitas
1076 2104 1177 2177 habet
1195 2108 1375 2198 originem;
1402 2108 1576 2180 thesaurus
1595 2129 1708 2176 rerum

338 2227 585 2321 preciosarum,
612 2232 647 2293 et
672 2220 749 2295 lons
776 2224 975 2317 sapientiae:
1001 2228 1096 2315 pater
1122 2218 1209 2292 lucis
1231 2221 1411 2310 aeternae,
1439 2246 1525 2318 quae
1552 2230 1603 2294 est
1629 2231 1708 2294 ante

339 2343 449 2413 omnia
476 2337 611 2412 saecula
638 2341 671 2408 in
698 2346 732 2408 te
760 2336 991 2424 essentialiter,
1019 2335 1165 2430 aequalis
1192 2339 1340 2431 potentia
1368 2345 1402 2408 et
1427 2337 1546 2429 gloria.
1573 2335 1625 2408 'l'e
1640 2335 1708 2407 de-

338 2477 515 2552 precamur
534 2455 740 2526 sancussime
759 2454 912 2542 Domine,
936 2451 1104 2524 sanctifica
1126 2463 1256 2525 mentes
1275 2462 1308 2524 et
1326 2455 1548 2544 cogitationes
1565 2455 1709 2524 omnium

338 2581 506 2660 nostrum,
532 2568 653 2641 munda
681 2571 807 2640 animas
834 2578 868 2639 et
893 2588 1037 2663 corpora
1064 2570 1208 2641 omnium
1234 2577 1400 2657 nosuum,
1426 2568 1583 2640 refraena
1609 2570 1708 2640 inor-

340 2686 540 2759 dinationem
567 2686 804 2778 cogitationum
831 2693 1028 2756 nostrarum.
1078 2683 1181 2758 Indue
1206 2703 1269 2756 nos
1296 2683 1381 2757 stola
1409 2704 1500 2757 nova
1526 2686 1707 2756 intertexta

340 2814 458 2875 ornatu
484 2823 611 2873 morum
638 2800 867 2872 bonestorum:
894 2809 928 2870 et
953 2821 1015 2896 per
1040 2798 1195 2896 Spiritum
1212 2811 1301 2872 tuum
1319 2810 1467 2874 sancum
1483 2798 1710 2896 perficientem

341 2923 465 3008 omnia,
492 2920 546 3012 qui
573 2921 606 2988 in
633 2914 783 2988 omnibus
810 2914 974 2988 mentibus
1001 2919 1092 3012 puris
1119 2914 1263 3007 habitat,
1290 2926 1324 2988 et
1349 2920 1383 2988 in
1410 2913 1580 2989 animabus
1608 2939 1709 2988 mnu-

342 3035 392 3106 dis
415 3033 530 3108 sedem
547 3030 659 3122 babet,
686 3030 937 3106 sanctificares
957 3036 1188 3127 pergratiam,
1214 3031 1485 3119 misericordiam,
1513 3041 1546 3104 et
1562 3053 1710 3105 amorem

342 3173 425 3244 erga
457 3148 607 3223 homines
642 3150 802 3242 unigeniti
837 3147 912 3221 Fibi
945 3153 1008 3220 tui:
1043 3171 1106 3244 per
1138 3171 1235 3243 quem
1270 3160 1303 3220 et
1335 3170 1409 3220 oum
1445 3169 1511 3241 quo
1544 3157 1577 3220 te
1612 3148 1710 3220 decet

344 3267 475 3362 gloria,
506 3275 569 3338 etc.

445 3382 606 3476 Populus.
659 3361 778 3452 Amen.

446 3499 633 3571 Diaconos.
686 3495 820 3568 Stemus
847 3492 1015 3591 decenter.

447 3613 608 3707 Populus.
659 3609 922 3684 Misericordiae.

448 3729 632 3801 Sacerdos.
687 3727 828 3801 Caritas.

447 3845 607 3939 Populus.
660 3842 704 3916 m
729 3865 804 3915 cum
831 3845 948 3938 spiritu
975 3851 1041 3912 tuo.

447 3961 631 4033 Sacerdos.
683 3958 823 4032 Sursum
850 3958 962 4030 corda.

449 4077 610 4171 Populus.
662 4073 831 4147 Habemus
858 4074 900 4146 ad
925 4075 1112 4146 Dominum.

448 4193 632 4266 Sacerdos.
686 4191 818 4264 Gratias
845 4212 984 4284 agamus
1010 4191 1165 4261 Domino.

449 4308 611 4403 Populus.
663 4307 807 4400 Dignum
835 4316 868 4378 et
889 4308 1012 4396 iustum
1041 4314 1101 4378 est.

449 4425 633 4497 Sacerdos.
687 4423 738 4495 'le
765 4426 851 4495 enim
886 4422 982 4494 decet
1011 4421 1120 4514 gloria
1152 4431 1185 4492 et
1218 4417 1277 4491 tibi
1308 4418 1447 4490 debatur
1478 4419 1642 4492 laudatio:
1678 4427 1712 4491 te

347 4543 445 4617 decet
470 4541 611 4637 hymnus
639 4550 673 4612 et
698 4540 859 4612 exutum
888 4560 1095 4634 quocumque
1122 4545 1286 4633 tempore,
1321 4534 1472 4624 Patrem,
1507 4533 1645 4624 Filium,
1678 4544 1713 4607 et

348 4660 504 4758 Spiritum
533 4667 699 4746 sanctum,
725 4656 833 4727 Deum
858 4676 993 4744 verum,
1020 4657 1115 4727 unius
1141 4663 1280 4725 naturae
1307 4650 1476 4739 excelsae,
1502 4654 1597 4724 unius
1624 4650 1712 4724 sub-

348 4777 500 4860 stantiae,
528 4776 583 4868 qui
609 4774 642 4842 in
667 4775 822 4867 personis
850 4769 952 4844 tribus
981 4768 1130 4843 adoraris
1158 4777 1192 4840 et
1209 4767 1354 4841 laudaris
1374 4764 1415 4838 ab
1436 4767 1599 4857 omnibus,
1627 4789 1713 4863 quae

348 4914 409 4987 per
435 4892 630 4985 sapientiam
657 4891 779 4959 creasti
806 4898 839 4960 et
865 4886 1034 4960 ordinasti.

451 5003 627 5076 Sacerdos
652 5004 789 5075 elevans
813 5026 939 5074 vocem.
992 5003 1223 5075 benedicimus
1255 5010 1290 5072 te
1315 4998 1476 5074 factorem
1505 4998 1715 5074 saeordorum

349 5133 383 5195 et
409 5129 593 5194 creatorem
626 5130 834 5210 naturarum,
865 5119 1058 5212 largitorem
1089 5122 1181 5192 vitae
1214 5128 1248 5189 et
1280 5117 1454 5191 Dominum
1489 5125 1713 5189 creaturarum

403 5261 490 5306 Tamus
506 5259 530 5304 a
1463 5232 1514 5307 27
