4804 6026
752 551 802 625 50
1127 555 1741 636 csssuutltlortus

750 756 826 821 gere
850 739 928 820 apud
950 739 1147 804 Nestorianos
1169 740 1431 822 Mesopotamenos
1454 743 1554 807 testati
1581 750 1664 822 sunt,
1694 743 1745 824 qui
1767 742 1909 828 bagdado
1938 761 2032 825 saepe
2060 743 2122 807 buo

749 847 900 901 venerunt
923 840 1112 904 Sacerdotes

479 939 570 994 vestes
596 941 738 999 ordinarias
839 936 912 1000 Cum
934 937 1009 1001 hora
1030 939 1185 1020 Liturgiue
1209 936 1407 1002 celebrandae
1429 941 1529 1020 instat,
1553 961 1631 1024 quae
1654 945 1742 1005 tertia
1764 944 1887 1007 circiter
1908 942 1967 1007 diei
1982 952 2047 1027 ¹est,
2069 945 2122 1010 vel

426 1023 538 1094 deponit.

750 1043 858 1099 octava
880 1041 1022 1100 matutina
1050 1055 1134 1101 more
1164 1043 1287 1116 nostro,
1319 1039 1469 1104 Sacerdos
1498 1047 1600 1104 vestes
1631 1042 1799 1105 ordinarias
1829 1041 1969 1125 deponit,
1999 1032 2121 1126 pallium

652 1147 658 1152 ’
749 1137 876 1214 scilicet,
899 1137 965 1200 sive
988 1138 1171 1200 exteriorem
1194 1138 1341 1216 amictum,
1365 1144 1396 1200 et
1418 1139 1597 1220 aliquamdiu
1619 1148 1790 1220 prostratus
1813 1151 1880 1204 orat
1902 1159 2005 1206 eoram
2020 1142 2121 1206 altari:
2240 1209 2244 1222 ,

750 1242 812 1298 tum
834 1253 938 1298 manus
961 1235 1071 1313 abluit,
1094 1234 1273 1316 tandemque
1297 1238 1406 1318 accipit
1427 1247 1531 1302 vestes
1554 1238 1659 1301 Ordini
1682 1258 1738 1303 suo
1763 1243 1990 1306 convenientes.

461 1334 679 1390 DeConlessione
696 1337 738 1388 la·
838 1335 870 1396 ln
893 1338 950 1398 isto
974 1336 1086 1424 Ordine
1108 1336 1256 1417 generali,
1279 1343 1312 1398 ut
1334 1338 1422 1399 etiam
1443 1339 1474 1400 in
1498 1338 1611 1417 altero,
1635 1348 1686 1402 aut
1707 1340 1738 1401 in
1760 1341 1826 1403 aliis
1838 1339 2010 1419 Codicibus,
2034 1339 2119 1402 Con-

427 1423 525 1476 cienda.

749 1435 892 1499 fessionis
914 1453 932 1497 a
954 1435 1113 1498 sacerdote
1136 1435 1292 1498 faciendae
1314 1436 1425 1500 mentio
1448 1437 1528 1500 nulla
1552 1446 1609 1503 est.
1639 1439 1712 1500 Eam
1734 1447 1831 1502 tamen
1855 1458 1948 1522 saepe
1970 1441 2122 1522 praemitti

748 1536 873 1613 solere,
907 1553 964 1616 qua
994 1535 1112 1598 ratione
1141 1535 1249 1598 Graeci
1277 1534 1358 1597 illam
1389 1535 1570 1616 observant,
1605 1546 1691 1602 extra
1722 1537 1843 1602 dubium
1873 1546 1934 1602 est:
1968 1558 2035 1601 nam
2066 1559 2121 1622 par

748 1637 868 1698 omnino
892 1643 938 1698 est
955 1633 1141 1699 Graecorum
1163 1642 1194 1697 et
1211 1634 1414 1698 Jacobitarum
1432 1638 1576 1718 Syrorum
1592 1637 1815 1702 Poenitentiolis
1835 1637 2004 1718 disciplina.
2035 1639 2119 1702 lllam

748 1754 826 1816 quae
857 1734 934 1816 apud
958 1753 1029 1798 suos
1052 1736 1216 1798 communis
1240 1741 1321 1812 erat,
1343 1753 1405 1797 non
1426 1736 1515 1800 modo
1538 1737 1710 1820 designavit
1733 1746 1891 1815 accurate,
1919 1737 1975 1801 sed
1997 1740 2120 1824 regulas

747 1836 827 1898 illius
850 1836 957 1915 partim
981 1835 1120 1918 collegit,
1145 1836 1252 1916 partim
1275 1853 1315 1896 ex
1335 1834 1555 1916 Episcoporum
1577 1856 1651 1900 suae
1678 1845 1780 1900 sectae
1809 1837 1936 1901 consilio
1967 1839 2121 1901 constituit

748 1937 912 2016 Dionysius
942 1935 1088 1997 Barsalibi
1117 1934 1308 2015 bletropolita
1337 1935 1519 2015 Amidenus,
1547 1937 1597 2019 qui
1627 1936 1747 1998 vivebat
1776 1956 1845 2000 cum
1873 1937 1981 2000 Franci
2011 1939 2119 2022 Regno

749 2035 1022 2115 Hierosolvmitano
1046 2034 1143 2096 adhuc
1165 2035 1343 2114 potirentur.
1388 2034 1420 2096 ln
1450 2037 1515 2118 ejus
1544 2036 1687 2099 Tractatu
1717 2036 1756 2097 de
1785 2036 1982 2116 suscipiendis
2006 2038 2120 2101 Poeni-

751 2135 882 2197 tentibus
906 2153 1012 2215 quem,
1035 2135 1061 2196 si
1082 2133 1164 2196 Deus
1187 2135 1277 2196 vitam
1302 2136 1505 2213 concesserit,
1533 2136 1637 2198 Latine
1666 2135 1894 2216 interpretatum
1920 2135 2120 2201 Dissertatio-

750 2235 840 2297 nibus
864 2234 902 2296 de
924 2233 1108 2296 Poenitentia
1131 2231 1366 2316 subjungemus,
1396 2234 1469 2297 nibil
1495 2236 1613 2317 quidem
1636 2235 1826 2316 praecipitur
1849 2235 2058 2298 sacerdotibus
2081 2235 2120 2299 de
2207 2257 2210 2264 ’

749 2333 887 2397 facienda
915 2333 1107 2396 confessione
1137 2340 1346 2414 peccatorum,
1381 2337 1499 2414 quoties
1532 2335 1698 2418 biturgiam
1728 2332 1910 2398 celebraturi
1945 2345 2028 2401 sunt:
2063 2335 2120 2400 sed

750 2434 887 2497 omnibus
909 2433 1130 2496 Ecclesiastiois
1150 2441 1181 2496 et
1204 2432 1409 2496 saecularibus
1431 2443 1626 2526 praeceptrun
1649 2451 1718 2496 esse
1741 2431 1829 2511 dicit,
1856 2441 1888 2497 ut
1916 2442 1964 2498 ter
1993 2435 2030 2498 ad
2060 2437 2120 2498 mi-

750 2533 876 2609 nemun,
900 2533 1061 2614 quotannis
1083 2531 1121 2595 ad
1144 2530 1367 2596 confessionem
1389 2533 1543 2596 accedant.
1594 2533 1647 2595 llla
1675 2540 1774 2594 autem
1804 2534 1932 2618 intelligi
1960 2534 2051 2597 debet
2080 2534 2118 2598 de

748 2631 886 2714 peccatis
908 2632 1027 2696 levibus
1050 2638 1081 2694 et
1103 2629 1300 2713 quotidianis,
1324 2651 1384 2694 non
1408 2632 1446 2694 de
1469 2633 1661 2717 gravioribus
1684 2639 1789 2694 contra
1809 2631 2014 2714 Decalogum‚
2037 2650 2119 2714 quo·

749 2751 816 2795 rum
839 2731 998 2812 Sacerdos,
1022 2733 1047 2794 si
1071 2733 1210 2796 conscius
1234 2731 1291 2794 sibi
1313 2733 1362 2812 sit,
1390 2752 1407 2795 a
1431 2730 1616 2797 Conlessore
1638 2750 1700 2794 non
1721 2733 1873 2796 sineretur
1895 2734 1932 2796 ad
1954 2733 2120 2814 Liturgiam

750 2830 960 2894 celebrandam
990 2831 1151 2894 accedere:
1185 2839 1218 2893 ut
1247 2849 1347 2911 neque
1374 2831 1483 2894 Laicus
1520 2832 1557 2895 ad
1582 2834 1819 2895 communionem
1848 2832 2119 2898 Sacramentorum.

749 2931 867 2994 llsbent
894 2933 973 2994 enim
1001 2932 1040 2993 in·
1061 2931 1153 2993 variis
1186 2928 1357 2993 Canonibus
1387 2919 1566 2995 constitutas¹
1593 2949 1708 3012 poenas
1736 2933 1914 3012 canonicas,
1944 2951 2021 3014 quac
2048 2940 2121 2996 sunt

748 3031 927 3094 Metonoece
949 3049 1004 3094 seu
1032 3032 1123 3094 totius
1154 3032 1293 3111 corporis
1316 3033 1463 3112 repetitae
1486 3033 1720 3114 prostrationes,
1750 3033 1934 3096 Psalmorum
1969 3035 2128 3113 recitatio,

745 3131 870 3213 jeJunia,
893 3149 951 3213 pro
973 3137 1168 3212 peccatorum
1190 3131 1309 3192 ratione
1330 3131 1472 3213 graviora
1495 3131 1545 3193 vel
1567 3131 1693 3208 leviora,
1716 3139 1747 3193 et
1761 3130 1983 3214 eleemosynae.
2006 3133 2120 3196 Verum

748 3233 865 3294 interea
887 3229 1074 3294 abstinentur
1096 3249 1114 3294 a
1137 3230 1397 3294 sacramentorum
1419 3232 1615 3313 perceptione
1636 3230 1734 3293 Laici:
1758 3229 1962 3294 Ecclesiastici
1981 3231 2018 3294 ab
2039 3230 2118 3294 alta-

748 3332 791 3393 ris
814 3332 994 3409 ministerio,
1020 3329 1117 3394 donec
1139 3329 1270 3392 ultimam
1292 3329 1511 3393 absolutionem
1534 3331 1717 3412 acceperint.
1768 3329 1836 3392 lstis
1865 3347 1939 3392 voro
1971 3349 2011 3392 ex
2038 3348 2118 3393 nova

749 3429 915 3513 disciplina,
930 3438 964 3493 ut
980 3438 1108 3492 testatur
1121 3429 1270 3508 barsilibi,
1292 3447 1358 3491 cum
1374 3430 1538 3492 secundum
1554 3428 1708 3493 Canonum
1723 3438 1859 3493 veterum
1875 3427 2117 3509 dispositionem,

748 3533 873 3614 gradum
896 3533 1031 3594 amittere
1055 3528 1246 3606 debuissent,
1271 3545 1451 3592 concessum
1472 3529 1524 3592 illo
1547 3536 1684 3611 tempore
1707 3528 1777 3608 luit,
1807 3548 1847 3591 ex
1868 3528 2016 3592 communi
2038 3527 2116 3610 Epi-

748 3649 911 3713 scoporum
948 3628 1111 3705 sententia,
1145 3636 1177 3690 ut
1206 3627 1349 3690 Ordinem
1385 3646 1472 3690 suum
1499 3629 1681 3707 retinerent,
1711 3629 1767 3692 sed
1797 3627 2022 3709 duplicarentur
2056 3628 2116 3690 illis
2150 3645 2154 3654 ·

748 3749 866 3812 poenae
889 3729 1071 3808 canonicae,
1100 3735 1190 3809 atque
1216 3729 1333 3790 interea
1360 3728 1595 3790 excluderentur
1624 3746 1641 3790 a
1671 3747 1759 3792 sacro
1789 3728 1964 3792 ministerio.
2010 3727 2116 3807 ltaque

749 3831 787 3893 de
809 3830 926 3893 levibus
950 3837 980 3892 et
1007 3827 1175 3892 venialibus
1203 3829 1336 3907 peccatis
1366 3825 1525 3890 Confessio
1554 3828 1604 3890 illa
1633 3829 1730 3910 accipi
1756 3828 1856 3890 debet.
1907 3828 1939 3892 Si
1969 3824 2116 3908 quosdam

748 3930 901 3994 Jacobitas
932 3928 1155 3992 confessionem
1183 3933 1375 4007 peccatorum
1404 3927 1529 4009 insuper
1555 3927 1670 3991 babere
1705 3946 1723 3990 a
1752 3927 1851 3990 multis
1881 3927 2027 4006 scriptum
2056 3930 2115 4000 est,

749 4031 881 4110 pertinet
902 4029 1001 4109 potius
1024 4026 1062 4089 ad
1083 4026 1255 4110 Aegyptios
1279 4045 1365 4106 quam
1388 4027 1424 4089 ad
1449 4027 1543 4108 Syros
1566 4026 1641 4089 haec
1661 4029 1832 4090 accusatio:
1855 4044 1922 4087 nam
1937 4025 2017 4106 apud
2033 4023 2114 4098 illos,

743 4130 928 4212 praesertim
950 4127 1006 4190 sub
1029 4127 1146 4189 duobus
1168 4125 1348 4188 Patriarohis
1372 4126 1547 4191 duodecimo
1570 4127 1705 4204 saecula,
1728 4128 1885 4189 maximum
1907 4124 2114 4187 Poenitentia-

748 4229 786 4290 lis
809 4227 966 4308 disciplina
988 4224 1194 4288 detrimentum
1218 4227 1349 4305 accepit:
1373 4228 1507 4308 quamvis
1530 4245 1603 4289 suos
1626 4244 1747 4308 semper
1769 4225 1945 4289 defensores
1966 4223 2114 4301 babuerit,
2176 4209 2179 4220 ’

478 4346 540 4400 per,
566 4346 638 4401 pm„
661 4349 736 4402 Alex.
750 4330 838 4390 etiam
860 4328 890 4389 in
911 4327 1073 4410 Aegypto,
1100 4325 1246 4388 adversus
1276 4324 1356 4387 illam
1382 4326 1562 4404 novitatem,
1594 4327 1756 4406 praecipue
1785 4326 1918 4388 Marcum
1945 4323 2037 4386 filium
2058 4321 2115 4384 El-

440 4451 468 4504 p.
486 4434 547 4487 550.

750 4428 891 4507 conbari,
915 4427 965 4507 qui
987 4425 1091 4488 blanco
1113 4405 1174 4486 diro
1197 4425 1311 4488 Zaraae
1332 4426 1458 4504 restitit,
1488 4433 1518 4488 et
1543 4433 1649 4505 postea
1671 4424 1856 4489 Ebnassalos
1885 4425 1994 4488 fratres
2025 4421 2113 4498 duos,

749 4536 780 4591 et
809 4527 884 4589 alios
912 4543 973 4588 non
1001 4541 1126 4605 paucos.
1176 4526 1289 4589 Verum
1324 4543 1361 4588 eo
1390 4525 1458 4606 ipso
1488 4534 1646 4606 tempore,
1674 4524 1882 4608 Antiochenus
1907 4523 2114 4588 Jacobitarum

674 4653 677 4666 ·
748 4625 919 4690 Patriarcha
941 4624 1084 4702 blichael,
1107 4626 1317 4688 necessitatem
1341 4622 1547 4686 Conlessionis
1571 4625 1795 4686 sacramentalis
1824 4632 1855 4687 et
1883 4621 2027 4699 Uononis,
2056 4641 2113 4686 seu

747 4727 954 4790 Poenitentiae
978 4723 1166 4803 Canonioae,
1195 4723 1295 4786 multis
1318 4725 1501 4805 argumentis
1524 4723 1667 4786 stabilivit
1696 4724 1727 4786 in
1751 4725 1893 4786 Tractatu
1915 4723 1953 4786 de
1971 4742 2111 4804 proepa-

747 4829 867 4888 ratione
889 4827 931 4886 nd
960 4825 1210 4898 communionem,
1242 4823 1332 4885 docto
1363 4841 1436 4885 sane
1464 4831 1495 4885 et
1517 4822 1728 4906 Theologico,
1755 4825 1841 4906 cujus
1871 4823 1941 4886 alibi
1967 4830 2113 4904 excerpta

749 4924 894 5004 dedimus,
919 4932 949 4986 et
970 4923 1058 5005 plura
1080 4922 1216 4985 dabimus
1238 4923 1269 4984 in
1290 4921 1507 4986 Dissertatione
1531 4922 1568 4984 de
1590 4923 1784 4986 Poenitentia.
1813 4922 1897 4986 Illum
1919 4940 1994 4986 vero
2017 4921 2112 4985 disci-

747 5023 858 5106 plinam
879 5026 911 5086 in
933 5023 1070 5087 Ecclesia
1093 5040 1148 5086 sua
1176 5029 1329 5102 receptam
1354 5040 1583 5104 propugnasse,
1612 5040 1673 5086 nou
1703 5032 1750 5087 est
1776 5021 1976 5086 dubitandum.
2022 5021 2111 5097 Quod
