4784 6040
652 654 1415 774 hosianna-oneum.
1647 661 1722 735 sor

454 844 642 916 Diaconos.
695 842 790 918 Unus
816 843 928 916 Pater.

454 958 640 1031 Sacerdos.
694 960 827 1032 Gratias
854 961 985 1051 agimus
1012 957 1088 1047 tibi,
1121 971 1155 1032 et
1180 958 1352 1050 laudamus
1379 969 1434 1051 te,
1467 961 1562 1036 Deus
1590 972 1725 1035 creator

348 1087 483 1163 noster,
517 1079 573 1170 qui
609 1096 743 1170 semper
775 1075 816 1146 de
849 1073 957 1148 salute
999 1084 1113 1148 nostra
1148 1077 1326 1164 solicitus,
1361 1078 1394 1146 in
1429 1077 1582 1150 omuibus
1614 1101 1722 1172 genus

349 1203 499 1266 nostrum
525 1190 753 1283 magnificasti,
781 1203 816 1264 et
842 1193 989 1278 ornasti3
1015 1214 1103 1263 nunc
1130 1195 1227 1264 etiam
1254 1213 1317 1265 nos
1336 1190 1456 1284 dignos
1484 1193 1587 1280 cilice,
1615 1203 1651 1266 ut
1677 1218 1723 1266 ex

349 1307 552 1403 pinguedine
580 1306 697 1380 domus
734 1317 829 1396 tuae,
856 1307 1037 1380 secundum
1066 1311 1208 1380 animam
1236 1310 1494 1404 impinguemur:
1529 1331 1592 1404 per
1623 1309 1723 1383 iidem

350 1422 526 1496 alimoniae
551 1421 638 1496 illius
666 1421 844 1518 spiritualis
872 1422 913 1496 ab
941 1427 1021 1516 igne
1046 1421 1238 1514 liberemur,
1265 1435 1299 1496 et
1324 1421 1504 1495 inlumina
1530 1433 1588 1496 tuo
1614 1447 1723 1522 prae-

350 1537 443 1610 claro
469 1539 642 1626 laetemur,
670 1548 704 1609 et
731 1538 929 1628 exultemus
956 1537 1210 1634 referamusqua
1236 1537 1294 1612 tibi
1320 1536 1462 1630 laudem,
1490 1549 1553 1610 etc.

452 1655 614 1748 Populos.
667 1654 788 1728 Amen.
1187 1669 1191 1674 '

451 1770 641 1842 Diaconos.
694 1771 785 1841 Post.

453 1885 638 1957 Sacerdos.
691 1885 742 1956 Te
768 1884 850 1956 lesu
878 1881 1010 1956 Christe
1035 1883 1129 1958 Deus
1145 1888 1393 1978 cognoscimus
1414 1883 1666 1986 tanconhtemur,
1689 1895 1722 1958 te

350 1999 534 2088 laudamus,
561 1998 648 2095 quod
660 2022 722 2096 per
737 2010 770 2071 te
787 1999 863 2071 Deo
878 2000 967 2071 Patri
982 1999 1084 2078 oblati
1099 2021 1223 2090 sumne,
1245 2011 1276 2074 at
1294 1999 1359 2072 lide
1372 2010 1464 2072 recta
1485 2000 1576 2072 ditati
1596 2023 1722 2090 sumus,

350 2138 539 2212 corpusque
564 2125 598 2186 et
620 2117 815 2207 sanguinem
840 2125 930 2186 tuum
951 2114 1079 2187 edimus
1099 2126 1132 2186 et
1151 2115 1303 2190 bibimus.
1347 2116 1590 2188 Adorationem
1603 2137 1722 2190 veram

211 2231 216 2244 '
350 2230 411 2303 tibi
424 2231 609 2321 alissimus,ยน
619 2252 833 2325 amoremque
843 2238 931 2301 tuum
944 2251 1027 2322 erga
1043 2229 1194 2304 homines
1208 2231 1435 2327 deprecamur.
1463 2230 1610 2304 Benedio
1629 2233 1721 2304 dcx-

350 2357 421 2418 tera
447 2357 503 2418 tua
531 2347 682 2440 gloriosa
710 2357 744 2418 et
769 2344 905 2418 brachio
938 2354 997 2417 tuo
1031 2344 1172 2420 excelso
1199 2346 1356 2444 populum
1382 2357 1474 2420 inum
1502 2358 1536 2420 et
1562 2346 1722 2419 haeredi-

351 2471 451 2534 tatem
477 2472 585 2552 mam,
619 2463 749 2534 custodi
781 2460 858 2534 illos
890 2484 953 2558 per
980 2484 1113 2534 crucem
1141 2471 1230 2534 tuam
1257 2465 1450 2550 victricem,
1478 2472 1512 2535 et
1537 2461 1722 2536 referemus

350 2575 408 2649 tibi
434 2576 576 2670 gloriam
603 2589 638 2650 at
662 2578 805 2667 laudem,
833 2588 866 2649 et
891 2577 967 2650 Deo
994 2581 1139 2671 genitori
1173 2589 1251 2670 tuo,
1279 2588 1312 2651 et
1339 2579 1476 2676 Spiritui
1509 2587 1626 2653 sancto
1653 2587 1722 2666 tuo,

349 2712 437 2766 nuno
463 2704 497 2765 et
523 2691 668 2790 samber,
695 2705 729 2766 et
754 2697 787 2764 in
815 2691 949 2766 saecula
976 2693 1196 2766 saeculorum.

452 2809 615 2902 Populos.
667 2809 788 2882 Amen.
1011 2811 1200 2882 Diaconos.
1253 2809 1402 2884 Benedic
1428 2812 1579 2884 Domine.

454 2923 639 2997 Sacerdos.
690 2925 784 2997 Dens
811 2925 867 3018 qui
893 2945 956 2998 nos
983 2923 1138 3017 dignatus
1166 2947 1204 3000 os
1232 2934 1293 2998 etc.

789 3244 1288 3290 ฯ..

471 3639 545 3740 lo
587 3634 932 3730 nnnunamn
974 3633 1148 3729 nosm
1193 3599 1599 3727 nnn-omma

697 3799 1377 3975 ohsnavlulo.

440 4165 541 4244 Masis
574 4175 750 4256 barcephae
779 4174 898 4238 nominc
926 4173 1063 4255 liturgia
1100 4177 1183 4232 extat
1215 4170 1244 4231 in
1275 4168 1412 4233 omnibns
1440 4183 1537 4247 prope
1566 4165 1722 4229 codicibus

350 4283 493 4364 Syrorum
515 4277 736 4355 incubituram,
769 4277 849 4340 inter
879 4291 955 4358 quos
978 4275 1174 4338 celeberrima
1205 4279 1253 4335 est
1281 4271 1361 4333 illins
1391 4269 1550 4345 memoria,
1582 4274 1723 4350 tanquam

349 4381 474 4464 insignis
499 4397 539 4441 ex
561 4378 679 4441 illorum
700 4376 837 4439 Ecclesia
860 4375 1019 4456 Theologi.
1055 4373 1085 4436 ls
1108 4379 1155 4435 est
1179 4373 1264 4452 eujus
1288 4387 1365 4451 opus
1389 4367 1427 4431 de
1450 4366 1594 4430 Paradiso
1616 4367 1723 4430 Latine

350 4480 564 4559 interpretatus
588 4484 635 4538 est
656 4477 703 4537 vir
726 4475 917 4538 doctissimus
946 4472 1086 4536 Andreas
1108 4473 1231 4549 blasius,
1254 4488 1332 4551 quae
1355 4469 1456 4532 versio
1486 4469 1612 4549 primum
1642 4466 1723 4546 typis

349 4576 541 4640 Plautinianis
564 4575 654 4652 edita,
677 4575 709 4638 in
730 4573 945 4636 bibliothecam
967 4573 1086 4634 Patrum
1109 4570 1253 4634 translata
1276 4577 1331 4632 est
1385 4567 1445 4631 Sed
1468 4567 1535 4648 quis
1559 4565 1649 4628 luerit
1671 4571 1724 4628 aut

351 4675 469 4758 quando
492 4674 604 4737 vixerit
626 4675 740 4752 bloses,
763 4691 863 4754 neque
886 4672 989 4735 docuit
1011 4688 1068 4733 nos
1090 4669 1220 4748 blasius,
1250 4686 1351 4751 neque
1381 4665 1501 4729 aliunde
1528 4673 1614 4728 certo
1642 4666 1722 4728 scire

349 4776 510 4856 potuimus.
555 4773 678 4836 vixisse
700 4773 781 4835 illum
805 4772 856 4835 diu
879 4779 948 4832 ante
970 4769 1149 4850 Dionysium
1176 4767 1323 4831 Barsalihi
1345 4766 1539 4847 perspicuum
1562 4772 1625 4843 est,
1657 4781 1725 4825 cnm

350 4876 376 4938 is
398 4876 429 4937 in
453 4873 676 4938 Commentario
700 4890 755 4956 suo
778 4871 816 4932 ad
838 4877 966 4952 quatuor
987 4868 1156 4950 Evangelio
1181 4876 1211 4930 et
1234 4865 1321 4945 alibi,
1351 4864 1429 4927 illius
1459 4862 1630 4925 testimonia
1659 4859 1726 4921 lre-

350 4979 478 5052 quanter
500 4970 630 5034 referat:
653 4963 685 5032 ut
709 4971 798 5033 etiam
817 4971 969 5050 juniorem
992 4967 1085 5030 luisse
1108 4965 1222 5028 Jacobo
1244 4964 1422 5039 Edesseno,
1454 4969 1485 5023 ct
1508 4960 1605 5022 altero
1630 4956 1727 5021 Saru-

349 5071 438 5148 gensi
461 5089 502 5132 ex
524 5087 563 5132 eo
585 5069 742 5151 probatur,
766 5067 847 5148 quod
869 5067 988 5129 illorum
1011 5066 1178 5128 sententias
1200 5061 1433 5138 relerateodem
1452 5061 1606 5139 inopere.
1630 5056 1726 5118 Valde

349 5176 448 5230 autem
469 5168 670 5232 hallucinatus
693 5175 741 5231 ost
763 5167 886 5247 blasius,
911 5165 980 5228 dum
1009 5161 1092 5226 illum
1119 5181 1181 5227 non
1213 5164 1304 5245 longe
1326 5168 1396 5244 post
1416 5153 1723 5249 loannemsshryso-

1442 5258 1520 5334 53*
