4784 6040
685 701 890 781 lllOHAEblS
916 702 1181 781 intumuerint
1207 702 1446 782 nullusnest.
1671 706 1747 782 443

380 889 442 963 tibi
478 890 638 983 gloriam,
674 898 708 963 et
740 889 890 979 landem,
916 893 1155 987 unigenitoque
1189 891 1280 970 Filio
1311 900 1390 985 tuo,
1429 903 1463 965 et
1495 890 1631 988 Spiritui
1665 915 1752 966 san-

379 1016 436 1079 cto
465 1015 531 1078 tuo.
622 1083 624 1088 ,

485 1121 647 1216 Populea.
700 1123 819 1197 Amen.

484 1238 661 1310 Sacerdos
693 1236 884 1311 inclinatus.
938 1234 1246 1310 commemoramus
1273 1259 1388 1312 coram
1413 1246 1466 1326 te,
1492 1236 1648 1333 Domine,
1676 1243 1750 1315 Pa-

381 1363 491 1428 stores
518 1364 552 1427 et
577 1355 745 1428 Doctores
772 1353 920 1443 electos,
951 1364 1065 1449 patres
1099 1351 1287 1448 spirituales
1318 1364 1472 1444 nostros,
1505 1357 1560 1448 qui
1593 1378 1613 1427 a
1648 1358 1751 1430 Petro

382 1469 616 1566 discipulorum
642 1472 809 1566 principe,
835 1491 942 1566 usque
968 1469 1012 1542 ad
1038 1466 1232 1540 hodiernum
1258 1469 1361 1559 diem,
1394 1469 1606 1566 spiritualiter
1638 1495 1752 1569 pave-

380 1596 456 1660 runt
481 1608 622 1680 gregem
648 1596 738 1658 tuam
765 1586 977 1682 spiritualem.

485 1703 636 1775 Elccmu
660 1724 785 1774 ccccm.
842 1700 907 1788 Qui
922 1699 1099 1772 luminaria
1116 1699 1266 1792 luerunt,
1294 1699 1402 1774 lacem
1414 1700 1609 1797 praebentia
1624 1701 1751 1776 Eccle-

382 1823 455 1894 siae
479 1828 556 1892 tuae
582 1828 734 1893 sanctae:
761 1839 823 1893 eos
849 1837 966 1890 omnes
994 1819 1049 1912 qui
1074 1814 1298 1910 Evangelium
1325 1819 1416 1890 vitae
1442 1801 1575 1915 plenum
1591 1822 1752 1912 unigeniti

380 1934 455 2007 Filii
488 1937 533 2007 tui
573 1955 678 2030 nsque
711 1932 754 2006 ad
785 1933 868 2006 lines
912 1933 1022 2005 mnndi
1054 1933 1349 2030 praedicavenmt:
1383 1935 1444 2028 qui
1472 1931 1608 2006 labores
1644 1938 1751 2008 susti-

380 2058 523 2123 nuerunt
553 2053 589 2122 in
615 2049 785 2147 pascendo
812 2070 921 2142 grege
948 2057 1022 2120 tuo:
1063 2052 1118 2145 qui
1145 2051 1243 2122 etiam
1269 2047 1419 2144 pericula
1446 2033 1636 2140 subierunt,
1662 2073 1751 2146 prc-

380 2177 457 2265 pter
481 2164 835 2240 leonechenoram
863 2167 1008 2261 quaein
1034 2173 1069 2236 te
1096 2174 1165 2237 est:
1193 2167 1248 2260 qui
1274 2167 1400 2237 zizania
1427 2163 1469 2237 ab
1492 2167 1624 2238 inimico
1645 2169 1750 2261 spiri-

380 2283 461 2358 tuali
500 2285 660 2357 seminata
693 2303 755 2377 per
792 2303 853 2354 ora
887 2279 1131 2354 baereticorum
1165 2279 1436 2371 combussermrt,
1478 2302 1540 2376 per
1581 2281 1750 2357 doctrinas

379 2411 491 2473 rectas
518 2409 552 2473 et
577 2397 729 2470 fundatas
756 2419 858 2494 snper
883 2418 977 2493 spem
1003 2400 1096 2470 vitae
1120 2418 1252 2487 novae,
1286 2408 1320 2470 ct
1350 2398 1590 2494 promissiones
1625 2397 1750 2473 Evan-

380 2518 524 2610 gelicas3
564 2536 626 2612 per
665 2534 804 2609 quorum
843 2515 1029 2602 orationes,
1063 2513 1228 2605 Domine,
1266 2513 1484 2610 deprecamur
1521 2524 1563 2586 te.
1626 2513 1750 2591 Omnes

379 2633 540 2706 haereses
571 2633 744 2727 oppositas
777 2632 937 2722 exangue
969 2638 1003 2701 ct
1035 2628 1159 2722 dejice,
1195 2652 1313 2725 pacem
1348 2639 1542 2726 perpetuam
1575 2627 1751 2704 Ecclesiae

379 2758 459 2822 tune
491 2747 660 2835 concede,
695 2755 728 2819 et
760 2743 801 2818 eb
836 2743 987 2818 omnibns
1021 2744 1117 2818 bellis
1150 2753 1184 2818 ct
1219 2745 1438 2821 seditionibus
1470 2745 1627 2844 populum
1662 2759 1751 2820 tuum

380 2887 581 2963 praeservu:
609 2872 698 2936 artes
725 2861 872 2934 Satanae
905 2861 1039 2934 destrue
1072 2871 1106 2932 et
1140 2861 1287 2957 dissipa,
1320 2872 1355 2934 ut
1387 2868 1495 2936 omnis
1528 2868 1750 2957 congregatio

381 2982 586 3056 adorantium
603 2989 638 3052 te
665 2969 793 3068 scdulo,
819 2979 921 3050 vitam
939 2975 1038 3049 ducat
1063 2976 1106 3050 ab
1134 2981 1225 3051 omni
1249 2977 1514 3074 reprehensione
1539 2978 1690 3068 liberam,
1718 2989 1752 3052 et

379 3098 565 3170 referemus
590 3095 647 3169 tibi
673 3094 816 3188 gloriam
842 3103 875 3166 et
900 3091 1048 3184 landem,
1075 3101 1110 3166 et
1135 3095 1304 3186 unigenito
1333 3093 1420 3165 Filio
1448 3104 1523 3184 tuo,
1550 3106 1585 3167 et
1615 3095 1752 3192 Spiritui

381 3222 498 3288 sancto
525 3222 592 3285 uro.

485 3328 646 3422 Populus.
697 3326 818 3399 Amen.

484 3443 660 3516 Sacerdos
696 3442 888 3513 inclinatus.
949 3439 1077 3530 Visite,
1113 3440 1276 3530 Domine,
1316 3463 1378 3538 per
1419 3440 1625 3514 clementiam
1660 3454 1749 3515 tuam

381 3561 552 3635 delimctos
580 3556 805 3632 Ortbudoxos.
858 3556 914 3631 Ad
940 3557 1044 3629 altare
1072 3567 1160 3628 tuum
1188 3577 1366 3652 sapemum
1392 3556 1590 3631 laccorum
1616 3580 1749 3630 memo-

379 3681 481 3766 riam,
508 3687 542 3749 et
566 3675 738 3771 voluptate
763 3674 857 3769 reple
882 3673 958 3747 illos
984 3677 1019 3746 in
1044 3671 1187 3746 thalamo
1218 3683 1275 3748 tuo
1310 3673 1385 3747 lnce
1419 3671 1536 3770 pleno;
1569 3678 1749 3771 praecipue

380 3815 465 3866 vero
497 3800 630 3887 patres,
656 3793 854 3884 magistros,
881 3801 915 3862 et
940 3790 1097 3863 dectores
1123 3799 1272 3882 nostros,
1298 3801 1332 3863 et
1358 3811 1418 3865 eos
1443 3813 1559 3864 omnes
1586 3812 1648 3886 pro
1668 3795 1748 3886 qui-

380 3909 442 3984 hus
469 3907 533 3982 boc
566 3906 763 3980 sacrificium
795 3905 941 3980 oblatum
978 3915 1047 3996 est,
1082 3909 1203 4002 quique
1238 3929 1325 3980 nnnc
1358 3909 1651 4072 nominenturyppt
1686 3929 1748 3980 eos

381 4046 520 4122 qnorum
545 4023 604 4096 tibi
629 4033 708 4096 nota
735 4025 870 4096 nomina
897 4031 982 4096 sunt

483 4140 634 4212 blaecca
648 4161 775 4211 ccccm.
803 4139 928 4236 Opilen
940 4149 1081 4212 naturae
1094 4147 1239 4226 nostrae,
1266 4139 1359 4212 Deus
1379 4149 1505 4230 noster,
1526 4137 1696 4212 adorande
1713 4149 1749 4209 et

381 4261 492 4332 sciens
520 4260 649 4346 emnia,
677 4259 732 4353 qui
758 4259 813 4329 vis
841 4258 944 4329 vitam
970 4265 1004 4327 et
1030 4253 1170 4329 sulutem
1188 4258 1345 4346 omnium,
1370 4265 1506 4352 praesta
1523 4275 1585 4351 per
1609 4256 1748 4326 miseri-

380 4372 527 4446 cordiam
542 4381 630 4444 tuam
644 4375 839 4444 memoriam
858 4370 994 4462 bonam,
1021 4382 1055 4444 ct
1071 4373 1204 4442 veniam
1221 4369 1425 4457 delictorum,
1451 4372 1748 4463 remissionemque

379 4497 608 4586 peccatorum,
641 4487 811 4584 patribus,
854 4490 1022 4580 magistris
1059 4497 1093 4560 et
1127 4485 1319 4560 doctoribus
1351 4489 1492 4574 nostris,
1529 4483 1748 4580 omnibusque

379 4607 453 4679 liliis
479 4602 656 4678 Ecclesiae
681 4614 759 4678 tuae
785 4614 940 4694 sanetae,
968 4606 1024 4700 qui
1048 4625 1111 4701 per
1136 4603 1305 4676 decretum
1332 4603 1374 4676 ab
1403 4605 1568 4698 aeqrritate
1590 4612 1644 4675 tua
1672 4612 1748 4674 sta-

380 4732 481 4794 tutum
508 4718 671 4792 adversus
697 4740 784 4810 nes,
818 4719 859 4792 ad
887 4723 1018 4815 peccati
1050 4721 1156 4793 nostri
1190 4718 1455 4808 abstersionem,
1486 4718 1564 4790 clim
1594 4715 1750 4791 biberunt

379 4836 518 4910 calicem
551 4838 715 4928 ingratum
753 4838 889 4926 mortis,
931 4825 1219 4931 separationisque
1255 4836 1493 4908 amarissimae.
1545 4834 1652 4906 Visite
1685 4855 1748 4907 eos

379 4950 541 5043 Domine,
567 4962 603 5025 ct
628 4950 806 5025 consolare
831 4973 892 5026 eos
918 4955 952 5023 in
978 4950 1172 5024 habitaculis
1203 4955 1237 5024 in
1271 4950 1388 5046 quibus
1423 4953 1648 5046 requiescunt:
1685 4974 1748 5047 per

379 5079 492 5140 numm
518 5079 607 5142 tuum
634 5067 779 5140 divinam
804 5078 838 5140 et
864 5070 1161 5163 sapientissimum,
1184 5073 1307 5162 justam
1335 5067 1632 5164 dispensationem,
1659 5089 1747 5140 sen-

380 5206 452 5258 snm
479 5187 610 5258 animae
635 5182 788 5276 beatum,
814 5205 972 5276 suavem,
998 5194 1033 5257 et
1061 5184 1194 5280 plenum
1229 5184 1419 5258 clementia:
1455 5205 1516 5280 per
1549 5184 1746 5257 sacrificium

418 5325 504 5368 ronne
518 5323 542 5367 u
1351 5343 1354 5350 =
1496 5302 1544 5375 59
