4814 6060
573 711 623 786 IN
649 711 904 788 tirundlnn
930 713 1135 792 Jolnnts
1162 711 1406 792 ΑΟΟΕΜΕΤΙ.
1604 715 1680 792 489

304 893 476 956 scdomnes
493 889 928 974 laudantNeocaesariensem,
951 916 1039 978 quern
1064 906 1094 961 et
1118 898 1371 982 'thaumaturgum
1394 906 1521 962 vocant:
1544 900 1681 981 Nazian-

304 1011 422 1070 zenum,
445 991 627 1072 Nysscnum.
651 993 838 1058 Timotheum
860 1013 921 1059 non
945 996 1034 1059 alium
1055 997 1228 1081 intelligere
1245 996 1400 1076 debemus,
1420 1016 1508 1079 quam
1523 997 1679 1077 dolorum,

305 1093 355 1172 qui
376 1089 613 1154 Alexandrinam
642 1093 746 1156 sedern
774 1097 942 1176 occupavit.
988 1095 1171 1160 Philoxenus
1201 1097 1228 1157 is
1257 1104 1321 1174 est,
1351 1098 1401 1178 qui
1426 1099 1519 1160 'etiam
1548 1096 1679 1160 Xenaias

305 1192 402 1254 dictus
433 1199 479 1252 est
507 1188 751 1272 Hierapolitanos
781 1193 967 1275 Episcopus,
998 1197 1084 1277 cujus
1114 1195 1235 1258 nornine
1262 1195 1390 1259 habetur
1416 1195 1560 1278 Liturgia.
1606 1195 1680 1268 Quis

304 1291 344 1352 sit
365 1289 513 1367 lacobus,
545 1292 630 1373 cujus
654 1293 784 1356 meminit
806 1296 880 1370 ista,
911 1294 1031 1357 dubium
1054 1301 1115 1371 est;
1146 1301 1215 1357 sunt
1237 1295 1316 1356 enirn
1338 1303 1400 1358 tres
1424 1293 1504 1376 apud
1525 1293 1679 1358 lacobitas

306 1387 512 1464 celeberrimi;
542 1389 723 1468 Baradatus,
754 1411 771 1454 a
801 1410 860 1473 quo
887 1392 961 1462 illos,
978 1394 1185 1456 denominatos
1209 1411 1278 1456 esse
1302 1395 1466 1456 communis
1490 1393 1592 1472 opinio
1615 1400 1679 1456 est:

307 1485 506 1568 Serugensis,
535 1479 568 1549 et
589 1487 774 1553 Edessenus.
822 1490 985 1554 Clementis
1007 1493 1173 1577 Liturgiam
1198 1509 1319 1573 quoque
1341 1492 1470 1573 habent,
1493 1499 1523 1554 at
1545 1489 1626 1553 illum
1648 1491 1679 1552 in

304 1583 460 1668 Diptychis
482 1585 663 1648 nominatum
687 1589 756 1651 alibi
779 1608 866 1671 quarn
889 1590 919 1652 in
941 1591 1008 1669 ista,
1030 1609 1090 1654 non
1112 1592 1291 1671 reperimus

511 1847 546 1920 6.
582 1847 686 1934 (luem
713 1848 777 1919 lidi
804 1853 976 1944 offerimus
1001 1852 1241 1944 deprecantem
1263 1847 1468 1944 pronubis.

406 2037 523 2115 Smnrs
553 2051 667 2116 locutio
693 2058 780 2114 'extat
808 2053 839 2116 in
868 2053 960 2115 variis
990 2053 1133 2134 Syrorum
1163 2053 1306 2134 precibus
1330 2050 1540 2132 Christumque
1573 2047 1679 2112 offerri

304 2151 334 2214 in
356 2152 458 2216 altaris
481 2153 644 2234 sacrificio,
672 2163 814 2218 constans
839 2155 970 2240 omniurn
993 2154 1188 2219 Orientalium
1212 2155 1437 2238 Theologomm
1460 2152 1596 2216 doctrina
1619 2159 1677 2229 est,

303 2268 381 2331 quae
404 2251 529 2315 Graccis
551 2269 612 2314 non
634 2255 731 2318 minus
756 2253 908 2317 familiaris
931 2262 994 2333 est,
1022 2262 1055 2317 ut
1076 2254 1143 2318 inse
1166 2255 1204 2318 de
1227 2273 1264 2318 ea
1287 2253 1409 2335 scripsit
1431 2251 1595 2316 Dositheus
1618 2250 1679 2312 Pa-

305 2350 435 2412 triarclra
458 2352 746 2434 Hierosolymitanus
768 2355 799 2416 in
820 2353 1009 2434 Enchiridio,
1032 2361 1063 2416 ct
1085 2354 1184 2417 multis
1208 2351 1417 2416 autoritatibus
1442 2351 1607 2414 continuat.

717 2698 733 2704 ψ
764 2677 1268 2727 -.w-

350 3385 695 3508 totostoto
750 3413 772 3478 ¹·
816 3385 1076 3507 EPISCOPI
1115 3387 1360 3520 insultu
1398 3382 1626 3504 CdelllU

610 3609 1458 3706 srun'eonorxnunun.·
1551 3670 1552 3673 κ

711 3917 861 3989 Primum
890 3917 1011 3987 Oratio
1037 3922 1119 3987 ante
1144 3917 1280 3988 Pacem.

376 4108 533 4211 Dumna
560 4137 653 4210 Deus
688 4141 743 4234 qui
777 4138 928 4211 adoraris
965 4139 1008 4210 ab
1043 4136 1215 4227 omnibus,
1249 4135 1474 4231 excelsusque
1507 4157 1546 4207 es
1578 4157 1679 4231 super

307 4254 433 4337 omnia,
459 4255 581 4324 caritas
608 4253 820 4345 indeficienS,
846 4277 916 4350 pax
943 4263 977 4324 et
1002 4253 1240 4349 tranquillitas,
1273 4251 1360 4324 nulla
1396 4249 1566 4322 iracundia
1593 4273 1679 4347 per-

307 4365 495 4440 turbabilis:
529 4371 583 4462 qui
616 4391 677 4464 per
711 4391 860 4442 amorem
895 4391 978 4460 erga
1013 4370 1164 4444 homines
1199 4379 1310 4456 mum,
1342 4379 1447 4441 totum
1481 4366 1547 4439 hoo
1580 4387 1680 4438 omne

307 4483 394 4577 quod
423 4493 475 4556 est
500 4484 703 4580 produxisti,
731 4495 764 4558 et
782 4507 845 4581 per
860 4483 1055 4558 effirsionem
1081 4486 1210 4578 gratiae
1237 4493 1314 4556 tuae
1339 4505 1498 4575 magnae,
1525 4483 1678 4554 etinex-

306 4597 485 4694 plicabilis,
512 4610 639 4674 mentes
666 4623 843 4696 supernas,
880 4603 913 4670 in
945 4623 1043 4674 unam
1076 4599 1290 4672 concordiam
1323 4598 1496 4694 pacificam
1531 4600 1679 4689 conjun-

287 4717 388 4785 ·xisti
415 4715 529 4802 simul,
558 4725 592 4788 et
618 4715 773 4812 quidquid
806 4716 948 4789 alienum
982 4718 1024 4789 ab
1058 4716 1114 4787 illa
1149 4737 1236 4811 pace
1269 4723 1441 4810 reputatur
1473 4737 1493 4785 a
1526 4711 1678 4785 coetibus

240 4844 246 4850 '
307 4850 422 4901 eorum
450 4834 640 4903 removisti:
670 4834 732 4918 Qui
760 4832 909 4906 similiter
936 4855 980 4904 ex
1007 4833 1142 4904 materia
1169 4829 1292 4925 liquida
1318 4827 1485 4901 hominem
1518 4827 1571 4901 ad
1588 4831 1678 4900 ima-

307 4946 418 5036 ginem
445 4954 533 5016 tuam
561 4949 700 5034 creasti,
726 4970 911 5042 regemque
939 4970 1039 5043 super
1065 4959 1209 5035 terram,
1236 4967 1311 5017 cum
1328 4953 1494 5041 potestate
1510 4947 1544 5016 in
1568 4945 1678 5016 omnia

307 5061 521 5160 constituisti:
548 5065 578 5132 is
606 5084 689 5135 vero
715 5085 778 5156 per
802 5060 954 5135 fraudem
981 5063 1131 5156 maligni,
1165 5061 1320 5134 libertate
1346 5083 1407 5134 sua
1440 5060 1580 5148 excidit,
1615 5082 1677 5130 re·
1734 5127 1737 5132 .

307 5171 494 5270 bellemque
522 5199 561 5250 se
588 5178 750 5266 ostendit;
778 5180 854 5272 quia
882 5182 1114 5273 intempestive
1146 5179 1188 5250 de
1219 5177 1328 5250 fructu
1360 5175 1518 5264 comedit,
1555 5184 1589 5248 et
1621 5179 1678 5246 iu-
