4712 6032
701 602 732 679 S.
759 600 1029 679 dtuuttuts
1064 601 1252 680 nonnul.
1603 605 1676 680 195

302 797 422 880 gentes
449 789 482 856 in
510 785 658 860 tenebris
684 790 877 860 constitutas
905 786 1098 860 direxerunt
1126 799 1225 884 atque
1250 787 1517 877 illustraverunt,
1544 788 1677 862 docue-

301 911 443 996 runtque
469 900 543 973 illas
572 901 659 996 quod
686 903 718 972 in
745 902 862 975 umbra
889 906 1015 976 erroris
1043 903 1216 991 sederent,
1249 901 1380 998 illisque
1416 903 1677 976 demonstrave-

302 1029 378 1091 runt
403 1018 515 1090 lumen
546 1021 708 1089 scientiae
734 1025 820 1087 tuae.
875 1017 939 1104 Qui
967 1023 1093 1092 semina
1127 1018 1216 1092 bona
1246 1018 1324 1090 lidei
1360 1023 1610 1091 seminaverunt
1643 1023 1677 1091 in

302 1135 400 1206 terris
427 1137 626 1221 animarum,
654 1143 689 1204 et
714 1143 943 1227 purgaverunt
969 1155 1072 1224 agros
1100 1134 1200 1230 sylva
1228 1138 1396 1230 spinarum
1423 1143 1457 1204 et
1475 1135 1676 1205 zizaniorum

302 1252 448 1346 peccati:
476 1251 531 1342 qui
557 1249 703 1342 propriis
735 1247 948 1341 passionibus
981 1248 1187 1321 reduxerunt
1223 1252 1450 1344 captivitatem
1485 1247 1600 1344 populi
1632 1251 1678 1321 tui

303 1386 322 1434 a
348 1371 515 1458 potestate
544 1361 616 1434 duri
643 1370 677 1433 et
702 1361 857 1454 maligni,
884 1373 918 1433 et
945 1368 1108 1455 sauguine
1135 1369 1305 1437 cervicum
1332 1386 1466 1438 suarum
1498 1363 1677 1436 liberave-

303 1487 379 1550 runt
406 1500 482 1566 eam
509 1475 550 1548 ab
580 1479 800 1573 oppressione
826 1475 962 1550 rebellis
989 1479 1090 1552 illius:
1117 1479 1161 1552 Ut
1187 1502 1248 1576 per
1281 1479 1535 1575 deprecationes
1564 1501 1679 1551 eorum

302 1595 569 1690 propitiatorias,
607 1602 641 1663 et
678 1615 739 1688 per
777 1593 1030 1667 obsecrationes
1071 1616 1186 1666 eorum
1223 1594 1446 1691 acceptabiles
1483 1617 1596 1667 coram
1633 1605 1678 1684 te,

304 1707 472 1781 concedas
498 1708 596 1781 nobis
622 1729 734 1780 mores
762 1717 895 1797 castos,
922 1717 956 1779 et
982 1709 1218 1805 inculpabiles,
1244 1710 1342 1782 iidem
1373 1721 1518 1799 rectam,
1552 1721 1586 1781 et
1619 1713 1677 1780 iu-

304 1834 513 1918 comptam,
540 1826 644 1897 vitam
670 1831 809 1911 castam,
835 1844 944 1917 neque
957 1823 1198 1919 perturbationi
1226 1825 1426 1912 obnoxiam,
1453 1825 1542 1897 dona
1566 1823 1677 1896 subli-

303 1941 367 2010 mia
402 1949 436 2010 et
471 1925 604 2028 sancta,
636 1936 867 2010 liberationem
902 1961 921 2008 a
958 1939 1192 2012 tentationibus
1219 1933 1364 2035 asperis:
1399 1945 1510 2014 exitus
1537 1951 1676 2035 paratos

303 2062 337 2124 et
370 2051 629 2148 insuperabiles,
661 2053 760 2124 finem
792 2052 935 2140 bonum,
971 2065 1004 2126 et
1043 2054 1298 2142 immutabilem,
1334 2055 1424 2128 bona
1461 2055 1676 2149 amplissima,

303 2177 338 2239 et
362 2171 546 2264 promissa,
574 2166 709 2238 delicias
736 2178 993 2261 permanentes,
1026 2168 1266 2241 haereditatem
1300 2192 1385 2241 cnm»
1411 2173 1552 2259 sanctis,
1585 2169 1676 2241 fidu-

304 2287 389 2356 ciam
415 2283 522 2355 standi
548 2304 663 2354 coram
689 2281 775 2355 solio
803 2293 859 2353 tuo
886 2282 1041 2372 terribili,
1069 2287 1144 2378 quia
1173 2295 1208 2356 tu
1233 2288 1426 2358 misericors
1454 2307 1508 2372 cs,
1543 2295 1576 2356 et
1602 2285 1677 2356 lar-

303 2421 366 2490 gus
392 2401 426 2470 in
453 2397 664 2487 muneribus,
691 2395 817 2491 tibique
843 2395 986 2490 gloriam
1015 2408 1048 2471 et
1074 2399 1205 2471 laudem
1231 2399 1428 2488 referemus,
1457 2410 1520 2471 etc.

406 2512 568 2606 Populos.
596 2513 717 2584 Amen.
1442 2535 1444 2540 ·

405 2626 582 2700 Sacerdos
609 2629 801 2699 inclinatae.
844 2625 887 2698 Et
919 2629 961 2701 ad
995 2629 1100 2703 altare
1134 2641 1222 2724 lpum
1256 2630 1428 2728 spirituale
1455 2642 1489 2703 et
1515 2640 1677 2722 sanctum,

303 2742 462 2834 Domine,
495 2752 631 2839 praesta
668 2747 827 2838 quietem,
859 2749 1055 2818 memoriam
1081 2747 1205 2821 bonam
1232 2757 1266 2819 et
1297 2745 1489 2819 felicitatem
1524 2746 1676 2820 omnibus

304 2858 495 2950 animabus,
523 2857 721 2956 corporibus
750 2867 783 2930 et
809 2858 999 2954 spiritibus,
1026 2872 1174 2958 patrum,
1207 2861 1345 2934 fratrum
1373 2871 1406 2934 et
1442 2866 1676 2955 magistrorum

303 2984 495 3048 nostrorum
523 2978 682 3068 omnium,
716 2974 939 3068 corporalium
976 2986 1032 3048 aut
1065 2978 1298 3074 spiritualium,
1333 2981 1388 3072 qui
1418 2979 1449 3048 in
1481 2974 1676 3070 regionibus

304 3088 578 3188 quibuscumque,
606 3088 814 3180 civitatibus,
841 3101 897 3162 aut
922 3091 1070 3186 partibus
1098 3092 1242 3165 defuncti
1269 3103 1356 3181 sunt,
1384 3103 1440 3164 aut
1467 3093 1616 3165 sullocati
1642 3095 1676 3163 in

302 3211 402 3297 mari,
437 3207 495 3280 vel
527 3205 728 3280 fluminibus:
756 3215 811 3278 aut
841 3209 875 3277 in
908 3209 1026 3278 itinere
1063 3207 1234 3297 obierunt,
1274 3218 1307 3279 et
1344 3230 1482 3302 quorum
1514 3209 1675 3280 memoria

302 3321 389 3394 facta
415 3343 481 3394 non
508 3334 559 3397 est
585 3326 619 3394 in
644 3321 806 3394 Ecclesiis
834 3345 936 3418 super
961 3330 1084 3394 terram
1099 3326 1293 3395 constitutis.
1335 3323 1387 3394 Tu
1405 3323 1548 3394 Domine
1567 3344 1674 3418 prae-

303 3449 353 3510 sta
379 3436 444 3508 illis
470 3440 665 3509 memoriam
692 3437 834 3526 bonam,
870 3441 924 3532 qui
952 3436 1097 3510 defuncti
1115 3425 1200 3510 snut
1234 3438 1338 3510 etad
1366 3447 1398 3510 te
1434 3441 1674 3530 migraverunt,

302 3555 334 3623 in
360 3551 425 3624 fide
452 3551 656 3647 orthodoxa,
684 3553 780 3627 simul
807 3577 881 3625 cum
907 3553 983 3641 illis,
1012 3575 1151 3648 quorum
1177 3557 1311 3626 nomina
1337 3555 1371 3624 in
1397 3554 1484 3626 libro
1504 3564 1560 3625 tuo
1583 3555 1674 3625 vitae

303 3673 499 3762 consignata
526 3679 610 3739 sunt.

399 3783 550 3854 Eteonos
583 3807 708 3856 nocem.
762 3783 830 3856 lllis
871 3781 1022 3856 omnibus
1058 3777 1121 3882 qui,
1149 3783 1289 3857 stadium
1325 3787 1416 3855 vitae
1446 3782 1673 3872 decurrentes,

302 3897 442 3993 perfecti
469 3910 502 3970 et
526 3900 691 3996 praeclari
726 3923 839 3973 coram
876 3913 909 3973 te
937 3911 1159 3996 apparuerunt
1186 3909 1220 3970 et
1255 3923 1301 3970 cx
1328 3897 1522 3970 delicturum
1548 3897 1671 3992 pelago

302 4013 431 4086 liberati
467 4014 509 4086 ad
545 4027 578 4087 te
613 4025 854 4112 pervenemmt,
894 4015 1044 4111 patribus
1080 4025 1114 4087 et
1146 4013 1303 4086 fratribus
1330 4015 1456 4087 nostris
1492 4012 1673 4086 secundum

302 4152 456 4220 carnem,
495 4139 529 4202 et
560 4135 727 4226 spiritum:
761 4129 918 4202 iratribus
950 4135 1084 4226 inquam
1118 4133 1242 4204 nostris
1278 4130 1459 4204 secundum
1486 4149 1608 4223 corpus
1640 4137 1674 4199 et

302 4246 481 4318 secundum
522 4252 683 4333 animam,
721 4250 863 4342 quietem
899 4258 1035 4342 praesta
1068 4248 1211 4319 Domine
1249 4249 1281 4316 in
1315 4250 1388 4320 sinu
1421 4245 1477 4318 illo
1514 4244 1673 4340 spirituali
1752 4246 1755 4254 '

303 4372 336 4433 et
361 4384 493 4453 magno.
546 4363 599 4434 Da
625 4362 689 4434 illis
717 4365 863 4458 spiritum
892 4362 1003 4455 gaudii
1037 4365 1071 4432 in
1103 4361 1297 4434 habitaculis
1331 4361 1413 4433 lucis
1446 4371 1480 4433 et
1510 4359 1673 4448 laetitiae,

303 4480 334 4550 iu
367 4476 590 4550 tabernaculis
624 4477 762 4550 umbrae
796 4487 829 4550 et
862 4481 1000 4573 quietis,
1042 4488 1076 4550 et
1116 4476 1279 4551 thesauris
1321 4474 1549 4571 voluptatum,
1584 4475 1673 4546 unde

301 4591 405 4684 longe
437 4592 534 4664 abest
566 4595 672 4664 omnis
714 4596 898 4683 moestitia,
931 4593 988 4666 ubi
1018 4597 1148 4690 piorum
1180 4597 1194 4630 ⁴
1226 4596 1355 4664 animae
1386 4571 1547 4687 primitias
1580 4595 1673 4661 vitae
1744 4601 1747 4608 '

303 4708 431 4804 absque
465 4708 582 4781 labore
616 4718 811 4804 expectant,
853 4718 886 4781 et
913 4710 1048 4804 spiritus
1080 4713 1245 4802 justorum
1278 4708 1321 4779 ad
1354 4705 1450 4777 finem
1486 4709 1674 4802 promissae

303 4824 466 4896 mercedis
498 4827 624 4920 pariter
662 4825 846 4897 attendunt:
885 4827 920 4895 in
958 4847 998 4896 ea
1035 4828 1177 4918 regione
1207 4822 1264 4896 ubi
1298 4825 1444 4919 operarii
1479 4832 1518 4893 et·
1544 4820 1674 4914 fatigati

302 4940 489 5035 paradisum
518 4940 718 5036 adspiciunt,
745 4951 778 5012 et
804 4942 931 5012 invitati
957 4939 998 5012 ad
1021 4945 1151 5037 nuptias
1179 4961 1336 5034 sponsum
1364 4937 1547 5010 coelestem
1575 4935 1672 5008 desi-

303 5055 435 5129 derant:
468 5056 524 5129 nbi
550 5059 662 5129 vocati
688 5056 730 5128 ad
757 5058 964 5144 convivium,
1000 5066 1036 5127 ut
1062 5054 1243 5131 ascendant
1276 5052 1542 5151 praestolantur,
1578 5058 1613 5122 et
1637 5061 1674 5123 ut

271 5227 286 5260 0
326 5189 449 5239 tumbali.
1417 5171 1469 5244 2ss
