4728 6028
647 564 720 640 llo
1016 568 1629 650 ousuuvlllouus

643 758 721 814 tates
753 753 920 835 producant
946 753 1181 835 Episcoporum,
1210 753 1466 832 Patriarcharum,
1498 754 1667 837 Canonum,
1698 757 1873 836 Ritualium,
1896 757 2006 839 quibus

641 851 857 916 Eucharistiam
879 871 941 916 non
965 853 1085 916 adorari
1106 853 1267 934 probetur;
1297 861 1347 916 aut
1375 872 1453 934 quae
1482 853 1705 918 inclinationem
1738 859 1828 920 totius
1857 859 2007 940 corporis,

642 969 835 1033 genuumque
858 969 959 1016 coram
981 953 1032 1014 illa
1053 951 1213 1015 llexionem
1242 953 1434 1034 prohibeant:
1463 953 1513 1017 vel
1544 953 1663 1017 tandem
1694 959 1836 1020 monitum
1862 957 2006 1040 Liturgiis

642 1050 836 1132 inscriptum,
859 1069 935 1131 quo,
958 1059 991 1114 ut
1012 1051 1043 1112 in
1064 1051 1251 1133 duplicans,
1274 1061 1435 1132 careatur,
1458 1070 1497 1114 ne
1519 1055 1587 1134 quis
1608 1060 1774 1135 propterca
1790 1055 2008 1120 Eucharistiam

643 1149 771 1212 adorare
800 1150 901 1214 vellet
945 1151 1027 1214 llaec
1056 1151 1133 1214 enim
1161 1158 1232 1213 sunt
1258 1164 1436 1236 argumenta
1465 1155 1572 1237 quibus
1607 1158 1638 1220 in
1666 1175 1758 1220 causa
1780 1165 1840 1219 lam
1861 1160 1942 1222 seria
1963 1161 2009 1224 uti

642 1253 770 1333 quisque
792 1253 895 1333 debet,
919 1272 980 1318 non
1002 1253 1138 1316 inanibus
1160 1254 1416 1337 peregrinantium
1439 1264 1490 1318 aut
1512 1263 1711 1320 mercatorum
1734 1257 1966 1336 narrationibus,
1988 1277 2006 1322 a

643 1351 750 1430 quibus
773 1359 873 1414 tamen
895 1371 956 1416 non
978 1352 1073 1416 semel
1094 1371 1220 1436 magnus
1243 1353 1293 1416 ille
1316 1351 1458 1418 Claudius
1482 1354 1642 1436 vapulavit.
1685 1356 1763 1419 Nihil
1784 1363 1891 1420 contra
1904 1355 2006 1419 valent

641 1449 802 1514 familiares
824 1450 977 1532 Epistulae
999 1453 1147 1539 hominum
1169 1453 1200 1514 in
1220 1453 1332 1534 Anglia
1355 1452 1393 1516 de
1416 1453 1676 1535 Constantinopoli
1697 1458 1921 1520 somniantium:
1944 1477 2005 1522 non

641 1551 822 1614 nebulonum
845 1570 901 1632 per
921 1551 1074 1632 Europam
1095 1551 1321 1615 discurrentium
1345 1553 1495 1634 perJuria,
1518 1553 1610 1616 multo
1632 1556 1728 1618 minus
1749 1573 1862 1637 gerrae
1885 1557 2005 1620 lloltin-

641 1652 796 1732 gerianae.
840 1651 946 1731 Neque
968 1658 1069 1714 tamen
1091 1652 1155 1714 aliis
1178 1652 1386 1715 autoritatibus
1407 1643 1632 1738 rrcpddogcde
1651 1653 1852 1716 Orientalibus
1866 1673 1920 1718 sua
1939 1664 2006 1719 sta-

641 1751 752 1827 bilivit,
776 1749 1013 1826 Catholicorum,
1035 1759 1068 1812 ut
1090 1752 1153 1814 suis
1176 1751 1272 1814 dictus
1295 1759 1358 1829 est,
1392 1753 1535 1814 maximus
1564 1753 1777 1833 triumphator,
1811 1771 1888 1834 quae
1917 1754 2006 1818 vale·

641 1849 716 1912 bunt
738 1849 817 1930 apud
841 1849 973 1912 eruditos
996 1858 1027 1912 el
1048 1851 1184 1912 veritatis
1206 1858 1355 1929 amantes,
1385 1852 1411 1912 si
1439 1851 1559 1930 quando
1577 1850 1742 1932 judicatum
1765 1850 1854 1914 luerit
1883 1853 2005 1918 meridie

642 1950 840 2014 conlucere.

357 2037 513 2108 sigoltario
530 2039 630 2093 tomm-
735 2049 780 2112 lle
803 2047 928 2111 formula
950 2047 1065 2110 Scorto
1086 2049 1218 2122 scaccho,
1237 2047 1299 2128 jam
1322 2048 1462 2112 nonnulla
1485 2048 1612 2112 dicenda
1634 2057 1710 2111 sunt.
1733 2031 1834 2112 'lilius
1849 2051 2005 2133 significa-

324 2123 366 2176 ¹⁸⁰
382 2125 478 2179 Μ’
496 2131 597 2183 Μ’·
643 2153 684 2214 tio
707 2148 925 2232 simplicissima
947 2155 1009 2225 est,
1032 2165 1140 2228 nempe
1162 2147 1292 2225 Sancto,
1322 2144 1380 2209 hoc
1411 2157 1457 2210 est
1485 2149 1628 2229 mysteria
1656 2147 1758 2211 verbis
1788 2150 1950 2212 Dominicis
1973 2159 2005 2213 et

644 2250 776 2314 adventu
798 2248 926 2328 Spiritus
947 2247 1042 2308 saneti
1066 2253 1258 2324 consecrata,
1292 2263 1353 2308 non
1381 2265 1451 2311 esse
1480 2247 1594 2326 danda,
1624 2248 1682 2309 nisi
1711 2249 1838 2328 sanclis,
1870 2248 1927 2311 hoc
1958 2259 2005 2312 est

643 2347 780 2412 lidelibus
803 2345 977 2409 Christianis
999 2346 1049 2425 pie
1071 2353 1101 2407 ct
1123 2351 1228 2407 sancte
1249 2345 1434 2425 niventibus,
1458 2356 1489 2410 et
1511 2347 1687 2410 immunibus
1711 2364 1728 2408 ι
1750 2349 1902 2428 peccatis,
1926 2367 2003 2429 quae

644 2448 769 2510 animam
792 2463 852 2508 uno
875 2445 937 2506 ictu
965 2445 1132 2524 perimunt,
1166 2451 1197 2506 et
1218 2462 1275 2524 per
1296 2447 1508 2525 poenitentiam
1531 2446 1642 2510 dehent
1663 2448 1790 2528 expiari.
1834 2446 1878 2509 lta
1893 2450 2004 2527 passim

645 2548 720 2611 haec
740 2545 834 2608 verba
856 2543 1043 2625 explicantur
1065 2562 1082 2606 a
1105 2543 1269 2626 Theologis
1292 2544 1491 2609 Orientalibus
1509 2547 1597 2627 juxta
1620 2563 1806 2609 communem
1818 2547 2004 2609 Graecorum

644 2647 763 2710 Petrum
786 2644 957 2707 doctrinam.
1002 2642 1046 2705 lta
1069 2642 1189 2706 Gabriel
1211 2644 1381 2708 Patriarcha
1409 2644 1650 2724 Alexandrinus,
1679 2645 1806 2708 Michacl
1836 2645 2004 2709 Antioche-

644 2765 720 2823 nus,
743 2744 845 2808 etalii
867 2743 960 2806 mulli.
1003 2742 1037 2805 ln
1059 2741 1196 2805 Ecclesia
1217 2742 1432 2820 Alexandrina,
1455 2745 1548 2806 verba
1571 2746 1637 2826 ipsa
1658 2753 1691 2807 ut
1712 2745 1822 2807 multae
1847 2745 1923 2807 aliae
1944 2763 2004 2807 ve-

645 2855 727 2910 teres
750 2844 911 2921 lomnuloe,
934 2843 1050 2906 Graece
1072 2843 1306 2923 pronunciantur
1333 2832 1382 2904 Τᾶ
1403 2833 1483 2928 ἅγια
1500 2844 1575 2917 τοῖς·
1593 2835 1713 2928 ἂγίοιςι
1736 2843 1864 2925 quaeolr
1882 2845 2005 2926 linguae

645 2945 779 3008 Graecae
803 2944 989 3025 imperitiam,
1012 2960 1071 3004 non
1094 2958 1154 3004 uno
1176 2942 1264 3004 modo
1286 2942 1417 3006 Arabico
1440 2945 1635 3024 interpretata
1656 2952 1734 3006 sunt.
1778 2942 1811 3006 ln
1827 2943 2004 3024 quibusdam

644 3046 722 3109 enim
746 3043 907 3108 Codicihus
931 3041 1023 3104 verba
1046 3039 1176 3104 Arabica
1197 3041 1380 3124 significant,
1403 3043 1460 3105 hoc
1481 3051 1528 3104 est
1547 3051 1684 3106 sancum
1706 3052 1894 3119 sanctorum,
1925 3061 2003 3124 quae

643 3145 792 3208 sententia
809 3143 857 3224 pia
880 3141 949 3204 licet
971 3148 1002 3204 et
1015 3159 1100 3220 uera,
1118 3139 1220 3204 verbis
1234 3148 1332 3205 tamen
1355 3159 1415 3203 non
1442 3145 1593 3205 convenil.
1632 3143 1700 3224 Syri
1721 3144 1751 3204 in
1774 3160 1901 3224 quorum
1913 3142 2002 3205 nullis

644 3241 806 3307 Codicibus
829 3240 879 3305 illa
901 3259 919 3303 ι
941 3239 1027 3304 nobis
1047 3240 1164 3303 Graece
1185 3251 1308 3321 reperta
1330 3249 1414 3318 sunt,
1438 3241 1555 3304 felicius
1578 3242 1682 3305 eadem
1711 3252 1782 3305 sunt
1804 3243 2003 3323 interpretati,

642 3343 696 3406 sed
728 3345 768 3405 ita
798 3350 831 3404 ul
857 3339 1003 3423 quaedam
1036 3337 1217 3418 addiderint,
1252 3349 1361 3402 sanctu
1381 3343 1511 3416 eunctis,
1541 3344 1572 3403 r'rr
1590 3342 1793 3421 perfectiore,
1819 3345 1953 3422 puritate
1974 3350 2004 3404 et

641 3445 801 3505 surculata
829 3443 998 3504 truduntur.
1044 3439 1076 3502 ln
1107 3439 1260 3520 plerisque
1290 3439 1355 3502 aliis
1385 3440 1558 3523 simpliciter
1585 3440 1713 3524 legitur,
1743 3450 1851 3503 sancto
1877 3445 2002 3508 ramur.

642 3541 718 3615 Quid
741 3541 798 3604 illis
821 3543 921 3604 verbis
951 3540 1131 3603 intellexerit
1160 3549 1247 3602 uetus
1276 3540 1429 3618 Ecclesia,
1462 3547 1493 3602 et
1520 3539 1590 3621 quid
1619 3551 1727 3604 acceto
1753 3541 2002 3623 significaverint:

641 3630 684 3704 ro?
706 3630 784 3723 ἅγια
804 3626 981 3724 μυστήρια,
1005 3653 1065 3702 non
1088 3641 1166 3701 actio
1189 3640 1254 3720 ipsa
1282 3657 1385 3717 sacra,
1415 3647 1446 3702 cl
1476 3639 1641 3702 celebratio
1671 3638 1877 3704 Eucharistiae
1906 3658 2003 3704 voca-

640 3741 763 3816 bantur,
788 3741 842 3805 sed
865 3738 943 3802 dona
965 3739 1030 3800 sive
1059 3737 1204 3801 elementa
1235 3740 1320 3818 panis
1350 3746 1381 3800 et
1407 3740 1486 3813 vini,
1516 3740 1546 3800 in
1575 3737 1661 3800 altari
1689 3741 1845 3821 proposita
1873 3749 1904 3803 et
1932 3759 2003 3804 mox

642 3851 836 3921 consecrata,
859 3859 953 3922 quae,
977 3846 1008 3901 ut
1030 3847 1101 3901 lunc
1123 3838 1231 3901 Graeci
1252 3825 1295 3900 τὰ
1317 3827 1394 3920 ἅγια
1415 3835 1522 3923 δῶρα,
1550 3838 1590 3900 ita
1613 3836 1782 3901 Orientales
1805 3849 1913 3902 sancto
1935 3859 2003 3922 mp-

641 3945 753 4017 sterio,
775 3949 826 4005 aut
849 3939 1025 4020 simpliciter
1047 3946 1155 4000 sancto
1182 3936 1343 4020 appellant.
1388 3937 1470 4000 llaec
1500 3937 1716 4017 denominatio,
1744 3948 1777 4001 ut
1806 3940 1898 4014 aliae,
1928 3959 2003 4004 cor-

637 4042 727 4120 poris
748 4041 846 4102 suncti
867 4048 898 4101 et
917 4039 1073 4118 sonqumr's
1091 4035 1234 4116 pretori,
1264 4054 1323 4118 qua
1350 4037 1442 4119 vulgo
1471 4037 1513 4098 uti
1542 4037 1658 4116 solent,
1692 4056 1797 4100 omnes
1825 4057 1929 4102 eorum
1952 4041 2003 4119 qui

644 4139 825 4202 Catholioam
848 4137 885 4200 de
908 4137 1092 4200 Eucharistia
1115 4135 1279 4198 doctrinam
1307 4137 1482 4217 impugnant
1509 4137 1643 4199 rationes
1673 4139 1792 4200 evertit.
1837 4137 2004 4203 inhaeren-

642 4246 701 4300 tem
725 4238 802 4299 enim
824 4237 898 4316 ipsis
921 4236 1076 4298 elementis
1101 4235 1365 4298 sanctificationem
1388 4234 1552 4315 signifieat,
1576 4252 1637 4298 non
1659 4235 1738 4298 iham
1760 4234 2002 4317 metaphoricam,

642 4357 682 4400 ex
704 4354 761 4398 usu
782 4333 953 4397 eorumdem
975 4335 1191 4398 elementorum
1213 4353 1279 4396 cum
1301 4333 1376 4410 lide,
1399 4352 1487 4415 quam
1508 4334 1604 4397 solnm
1626 4333 1754 4398 medium
1776 4355 1836 4417 quo
1857 4338 2003 4419 accipitur

642 4453 753 4517 corpus
776 4433 900 4512 Christi,
924 4453 993 4497 esse
1015 4435 1128 4496 volunt.
1172 4432 1280 4495 Sancta
1307 4441 1376 4496 sunt
1402 4434 1480 4496 enim
1509 4442 1666 4516 antequam
1696 4436 1912 4516 suscipiantur3
1940 4453 2002 4498 non

642 4538 672 4600 in
694 4537 760 4616 ipsa
782 4533 989 4613 susceptione,
1011 4541 1116 4596 sancta
1137 4533 1227 4612 liunt,
1251 4533 1309 4596 hoc
1330 4541 1378 4596 est
1399 4551 1510 4614 corpus
1533 4543 1565 4597 et
1584 4536 1708 4616 sanguis
1731 4534 1851 4599 Christi.
1895 4535 2001 4617 Neque
2097 4587 2098 4590 ,

642 4620 784 4699 sanctitas
805 4632 855 4695 illa
877 4632 1004 4714 simplex
1027 4641 1074 4696 est
1085 4631 1265 4707 benedictio,
1288 4641 1337 4696 aut
1361 4635 1548 4697 consecratio
1571 4636 1713 4698 materiae
1735 4634 1772 4697 ad
1795 4635 1921 4717 gratiam
1942 4635 2001 4698 ali-

644 4752 734 4817 quam
756 4731 1001 4796 sacramentalem
1024 4731 1237 4796 conlerendam
1263 4731 1445 4813 destinatae,
1476 4740 1509 4795 ut
1536 4751 1647 4816 aquae,
1675 4742 1705 4797 et
1732 4734 1809 4813 olei,
1839 4742 1891 4796 aut
1917 4734 2002 4798 chri-

643 4833 756 4898 smatis.
800 4830 854 4894 llla
876 4832 953 4892 enim
975 4833 1159 4896 sanctitatem
1183 4831 1337 4914 quamdam
1358 4835 1580 4914 perorationes
1593 4835 1750 4897 Ecclesiae
1767 4836 1947 4916 percipiunt,
1971 4843 2001 4898 et

643 4954 680 4998 ea
703 4934 819 4996 ratione
841 4937 944 4993 sancta
966 4949 1042 5012 aqua
1062 4932 1219 5009 iordanis,
1242 4933 1307 4996 sive
1328 4931 1497 5014 Baptisterii
1518 4935 1640 5012 dicitur,
1663 4943 1798 4998 sanctum
1811 4935 1919 5020 Myron
1934 4936 2002 4998 sive

644 5033 795 5112 Chrisma,
819 5037 953 5093 sanctino
976 5029 1090 5095 oleum:
1112 5041 1142 5096 ιι
1164 5042 1298 5097 sanctum
1320 5033 1457 5097 absolute
1479 5035 1544 5098 sire
1567 5022 1737 5098 sanctuari
1759 5023 1847 5116 o‘r'prc,
1870 5033 1908 5097 de
1935 5032 2002 5097 sola
