4782 6068
423 3161 495 3226 Quae
513 3167 652 3236 praecipue
668 3169 695 3220 in

387 3252 470 3320 prima
482 3251 595 3324 liturgia
606 3269 694 3309 emcn-

387 3336 513 3395 daveriut.

719 532 794 608 sao
900 512 905 526 '
1149 537 1652 616 ursssarnrro

715 719 929 814 habuissent,
964 747 1028 820 qua
1063 745 1125 796 eos
1159 727 1328 813 caruisse,
1361 722 1483 820 ubique
1515 724 1722 798 manifestum
1758 729 1818 799 e'st
1871 726 1958 802 Nam
1994 731 2083 826 quod

717 843 827 912 statim
852 839 1007 914 Missales
1033 838 1156 929 libros,
1184 845 1259 936 quia
1287 840 1375 938 apud
1401 841 1623 915 Nestorianos
1649 846 1798 938 usurpati
1823 856 1919 917 erant
1944 844 1987 918 ab
2014 871 2082 920 au-

715 958 767 1026 nis
794 955 883 1028 mille
910 956 1071 1044 ducentis,
1097 956 1275 1048 tollendos,
1301 957 1506 1053 flammisque
1525 957 1706 1031 tradendos
1724 958 1919 1050 censebant,
1946 965 1976 1034 si
1999 963 2083 1037 alios

716 1070 914 1146 Chaldaicos
940 1071 1097 1147 Pontifex
1122 1071 1294 1148 Romanus
1321 1073 1450 1148 adeas
1477 1077 1639 1163 misisset,
1672 1073 1833 1146 abnorme
1859 1098 2014 1173 prorsus,
2051 1089 2085 1152 et

715 1188 757 1260 ab
786 1188 938 1260 omnihus
963 1188 1155 1285 disciplinae
1177 1189 1303 1283 regulis
1325 1190 1465 1264 alienum
1482 1190 1641 1284 judicium
1658 1189 1813 1281 tulemnt,
1839 1196 1934 1286 cujus
1957 1217 2082 1267 exem-

713 1304 804 1400 plum
829 1305 949 1376 nullum
975 1304 1128 1378 Ecclesia
1154 1305 1305 1378 Romana
1333 1306 1432 1380 dedit.
1466 1306 1546 1380 lude
1573 1310 1660 1379 enim
1687 1318 1883 1402 sequeretur
1913 1314 2081 1382 contami-

713 1423 785 1492 nari
811 1421 852 1493 ab
879 1420 943 1494 illis
970 1424 1025 1517 qui
1051 1433 1148 1495 extra
1179 1421 1366 1496 Ecclesiam
1399 1435 1475 1498 sunt
1508 1447 1549 1496 ea
1584 1446 1671 1518 quae
1705 1423 1810 1516 longo
1842 1448 1905 1498 usu
1937 1426 2081 1500 fidelium

713 1547 911 1610 consecrata
936 1536 1078 1626 buerant,
1105 1537 1366 1612 sacramentalia
1389 1539 1518 1612 Officia:
1546 1538 1642 1611 aliter
1657 1539 1900 1636 baptisaudum‚
1927 1543 2080 1616 oderen-

713 1652 855 1749 dumque
882 1655 1095 1745 sacrificium,
1131 1678 1205 1726 curu
1238 1659 1271 1726 in
1305 1657 1388 1752 ipsis
1415 1679 1501 1752 quae
1526 1660 1613 1728 inter
1638 1655 1828 1731 haereticos
1854 1657 2080 1732 administrata

712 1778 788 1842 sunt
813 1769 1061 1860 sacramentis,
1096 1774 1201 1844 sancti
1236 1771 1354 1844 Patres
1388 1781 1422 1844 et
1449 1768 1600 1846 Concilia
1628 1771 1854 1847 characterem
1882 1773 2079 1848 dominicum

712 1889 919 1979 agnoverint.
973 1887 1057 1960 Cum
1082 1891 1183 1980 igitur
1209 1888 1401 1963 Nestoriaai
1427 1891 1460 1960 in
1489 1889 1707 1981 Liturgiamm
1735 1887 1979 1983 celebratione,
2001 1894 2079 1963 riti-

710 2001 774 2076 bus
800 2011 835 2074 et
859 2002 1016 2099 precibus
1044 2007 1095 2076 usi
1121 2007 1186 2077 sint
1205 2003 1246 2076 ab
1271 2003 1426 2077 Ecclesia
1448 2004 1645 2078 Orthodoxa
1663 2009 1841 2102 usurpatis,
1869 2005 1974 2101 qualis
1992 2030 2080 2103 pro-

711 2119 764 2192 cul
792 2118 890 2192 dubio
918 2130 991 2192 erat
1015 2119 1201 2206 Edessena,
1232 2131 1407 2215 autequam
1434 2120 1523 2192 illam
1549 2133 1766 2215 occuparent:
1794 2123 1963 2195 vacabant
1988 2127 2078 2196 omni

710 2235 921 2331 corruptelae
946 2239 1156 2332 suspicione,
1189 2259 1253 2308 uec
1279 2236 1406 2309 aboleri
1432 2239 1539 2329 magis
1567 2235 1748 2326 dehebant,
1781 2261 1879 2333 quam
1905 2237 2078 2332 Litargiae

709 2352 947 2439 Jacobitarum,
974 2350 1092 2446 quibus
1119 2351 1305 2426 Maronitae
1332 2355 1384 2424 usi
1411 2375 1489 2425 esse
1516 2355 1742 2449 reperiuntur,
1773 2354 1815 2426 ab
1843 2377 1885 2426 eo
1914 2363 2076 2451 tempore,

709 2491 775 2562 quo
804 2468 847 2541 ad
871 2472 1028 2541 unitatem
1056 2467 1261 2542 catholicam
1286 2471 1419 2542 reversi
1446 2478 1536 2556 sunt,
1573 2478 1608 2540 et
1643 2465 1730 2540 aliae
1765 2469 1972 2542 diversarum
2004 2469 2075 2541 liu-

708 2605 848 2677 guarum
874 2607 961 2679 quae
986 2585 1151 2678 indigenis
1177 2586 1314 2660 relictae
1339 2585 1446 2675 fuere,
1474 2589 1627 2681 quamvis
1653 2590 1687 2658 in
1713 2585 1798 2657 locis
1824 2585 1989 2683 aliquibus
2013 2609 2076 2658 re-

708 2691 872 2773 formatae
898 2703 970 2772 sint.
1003 2700 1077 2773 Nec
1103 2713 1175 2774 erat
1200 2701 1430 2798 postulandum
1458 2701 1651 2774 aRomauo
1671 2700 1841 2794 Pontifice,
1867 2714 1902 2775 ut
1918 2701 2075 2774 blissales

707 2815 813 2890 libros
840 2816 947 2890 editos
972 2819 1006 2888 in
1032 2805 1155 2889 Indiam
1177 2821 1341 2909 mitteret3
1373 2841 1482 2913 neque
1509 2821 1596 2890 enim
1623 2817 1679 2890 alii
1706 2829 1801 2890 erant
1827 2841 1926 2913 quam
1950 2818 2074 2892 lllaro-

708 2935 815 3006 nitici:
842 2943 876 3005 et
902 2955 961 3004 cur
986 2933 1056 3005 ludi
1083 2932 1129 3006 illi
1156 2932 1333 3008 Christiani
1359 2939 1456 3007 ritum
1481 2933 1721 3006 Maronitarum
1747 2955 1809 3006 suo
1837 2937 1980 3022 omisso,
2009 2957 2074 3006 ac-

711 3054 824 3148 cipere
850 3061 1069 3143 cogerentur,
1096 3073 1197 3123 causa
1222 3050 1369 3144 legitima
1395 3049 1483 3124 nulla
1512 3059 1594 3123 erat.

811 3168 869 3240 IX.
897 3165 980 3240 Cum
1007 3170 1107 3259 igitur
1133 3168 1217 3240 tales
1243 3168 1319 3240 libri
1348 3167 1464 3241 haberi
1497 3189 1564 3240 non
1599 3176 1756 3264 possent,
1792 3165 1834 3238 ad
1866 3188 1981 3238 eorum
2018 3169 2074 3261 qui

706 3291 742 3360 iu
767 3285 928 3358 Ecclesiis
955 3281 1168 3357 Melabaricis
1195 3283 1438 3380 usurpabantur
1466 3282 1740 3372 reformationem
1769 3281 1963 3375 adjecerunt
1994 3284 2074 3354 aui-

708 3427 808 3494 mum,
828 3404 922 3494 cujus
944 3421 1074 3474 omnem
1094 3399 1344 3496 dispositionem
1360 3399 1479 3472 Latina
1501 3403 1616 3473 versio
1635 3399 1800 3471 multoties
1817 3397 1905 3469 edite
1926 3421 2072 3494 reprac-

707 3531 825 3595 sentat.
877 3517 959 3612 Ejus
986 3519 1165 3615 praecipua
1199 3521 1309 3613 capita
1341 3519 1375 3587 in
1408 3519 1495 3588 notis
1529 3515 1774 3611 expendemus,
1808 3537 1916 3610 pauca
1948 3523 2071 3586 tanturn

704 3635 870 3710 hocloco
898 3633 1045 3706 delibare
1071 3655 1197 3728 operae
1223 3636 1364 3729 pretium
1390 3630 1535 3716 videtur,
1570 3655 1616 3703 ex
1652 3630 1769 3726 quibus
1801 3629 1940 3724 intelligi
1971 3629 2071 3702 facile

704 3756 843 3850 poterit,
885 3773 981 3847 quam
1016 3773 1133 3847 parum
1168 3751 1278 3822 idonei
1321 3748 1451 3844 judices
1486 3770 1597 3820 rerrun
1638 3747 1925 3820 sacramentalium
1960 3746 2071 3820 forent

704 3868 942 3942 reformatores
974 3867 1031 3940 illi.
1091 3865 1208 3939 Statim
1242 3871 1363 3964 quippe
1398 3866 1539 3939 formam
1573 3863 1755 3938 verbomm
1791 3859 1933 3951 Christi,
1969 3873 2005 3936 ut
2036 3867 2069 3954 in

704 3985 913 4058 Nestoriauis
952 3993 986 4055 et
1018 3981 1242 4057 Orientalibus
1280 3980 1432 4056 omnibus
1467 3980 1627 4074 Liturgiis
1663 3979 1803 4072 legitur,
1837 3979 2069 4067 condemnant,

705 4103 803 4194 quia,
841 4102 1006 4196 inquiunt,
1047 4098 1222 4171 Sacerdos
1259 4121 1328 4171 aaa
1362 4101 1449 4187 sais,
1481 4097 1542 4169 sed
1575 4097 1703 4168 Christi
1731 4094 1846 4168 verbis
1877 4103 2068 4184 consecrat,

704 4223 807 4312 atqae
846 4216 933 4288 odeo
967 4215 1054 4288 nibil
1087 4215 1155 4288 iltis
1189 4216 1271 4287 licet
1304 4215 1443 4285 addere.
1503 4213 1683 4309 Excipiunt
1716 4223 1827 4285 tamen
1860 4213 2067 4308 particulam,

704 4336 807 4420 enim,
835 4336 983 4422 aeterni,
1017 4339 1052 4404 et
1075 4333 1266 4425 mysterium
1290 4331 1390 4425 fidei,
1423 4333 1499 4426 quia
1525 4332 1689 4426 inquiunt,
1722 4330 1884 4401 Ecclesia
1909 4331 2068 4402 lionaana

702 4473 749 4520 ea
776 4449 962 4520 traditione
987 4447 1193 4542 Apostolica
1219 4447 1357 4536 didicit,
1389 4446 1556 4519 Christum
1591 4445 1652 4518 illa
1676 4443 1785 4516 cerba
1806 4449 2065 4540 pronunciasse.

701 4564 811 4637 Utitur
836 4585 918 4636 sane
950 4563 1013 4638 illis
1030 4555 1161 4638 'verbis
1186 4561 1342 4636 Ecclesia
1368 4561 1540 4652 Romana,
1575 4584 1684 4657 neque
1716 4566 1835 4636 vocari
1867 4565 1901 4634 in
1934 4562 2066 4635 dubium

700 4679 820 4773 religio
847 4681 919 4773 ejus
946 4689 1075 4776 potest;
1109 4701 1183 4751 cum
1217 4679 1273 4752 illa
1305 4682 1424 4753 recitet
1456 4702 1502 4751 ex
1534 4679 1756 4772 antiquissima
1783 4677 1967 4752 traditione.
2019 4677 2067 4749 At

686 4795 865 4892 Christum
893 4795 947 4868 illa
974 4799 1048 4892 ipsa
1075 4798 1314 4892 pronunciasse
1339 4817 1503 4890 nunquam
1532 4793 1653 4883 docuit,
1683 4814 1792 4886 neque
1819 4796 1850 4866 si
1874 4797 1919 4864 ita
1945 4791 2066 4866 Theo-

700 4910 789 5005 logis
817 4911 1010 5009 quibusdam
1036 4911 1277 4985 recentioribus
1304 4915 1413 4984 visum
1441 4922 1510 5000 est,
1541 4909 1671 4982 illomm
1700 4908 1857 5001 judicium
1890 4912 2067 4982 autoritate

688 5050 762 5102 sua
789 5027 1002 5102 confirmavit.
1055 5029 1207 5103 Tantum
1223 5025 1328 5100 abluit
1353 5050 1438 5102 vero
1466 5027 1508 5101 ah
1536 5025 1591 5098 illa
1618 5047 1793 5101 censorum
1823 5029 1998 5122 opinione,
2033 5033 2068 5097 ut
