4782 6068
619 572 694 647 604
1187 571 1418 650 NOTAE

618 776 742 822 secrare
764 755 993 836 Eucharistiom,
1017 755 1161 839 frequens
1183 757 1234 820 illa
1256 765 1304 820 est
1333 759 1362 819 in
1386 759 1507 840 scriptis
1529 765 1702 823 senatorum
1724 758 1843 823 Petrum
1866 768 1897 823 et
1918 760 1997 824 Au-'

617 865 716 920 torum
739 856 829 920 medii
851 857 935 934 aevi,
966 857 1018 936 qui
1039 855 1187 920 adversus
1209 856 1425 941 berengarium
1455 866 1486 922 et
1514 876 1662 939 sequaces
1693 858 1759 940 ejus
1788 861 1989 941 scripserunt.

619 956 704 1020 Unde
726 957 757 1019 in
778 955 892 1020 blissali
914 955 1116 1019 Ambrosiano
1145 956 1256 1041 legitur
1286 957 1324 1020 de
1347 956 1515 1034 oblatione3
1546 957 1587 1020 Et
1611 977 1702 1020 onom
1729 975 1840 1038 corpas
1868 958 1990 1036 Christi,

617 1058 718 1118 sancti
738 1055 872 1134 Spiritus
891 1054 1044 1135 infusione
1065 1053 1204 1136 efficitur.
1248 1055 1287 1119 lit
1309 1057 1388 1120 inter
1408 1058 1598 1120 recentiores
1620 1057 1800 1120 Ascelinus:
1829 1077 1940 1138 ponem
1961 1066 1992 1121 et

617 1157 719 1217 cirtam
739 1156 771 1216 in
793 1153 888 1214 altori
908 1153 1040 1234 Spiritus
1061 1157 1163 1217 soracti
1182 1158 1293 1218 virtute
1310 1175 1369 1235 per
1396 1157 1566 1219 sacerdotis
1587 1158 1804 1231 rninisteas'um,
1831 1173 1991 1236 octonaque

618 1253 793 1332 songscinem
816 1250 930 1314 Christi
950 1252 1039 1335 effici,
1063 1253 1175 1333 docuit,
1199 1262 1231 1317 ut
1254 1255 1303 1317 alii
1325 1272 1423 1336 prope
1447 1273 1562 1332 omnes,
1575 1254 1722 1338 Theologi
1744 1261 1775 1317 et
1797 1253 1908 1316 Missae
1930 1273 1991 1316 ex-

618 1353 779 1433 positores.
824 1350 975 1414 Sacerdos
997 1353 1232 1418 ministerialiter
1262 1361 1434 1416 consecrat:
1465 1354 1594 1436 Spiritus
1616 1361 1749 1433 sanctus,
1772 1352 1988 1436 principaliter.

618 1450 723 1532 ltaque
757 1450 830 1513 nihil
864 1452 960 1512 oratio
990 1451 1039 1513 illa
1069 1451 1160 1515 habet
1196 1453 1276 1534 quod
1311 1453 1362 1516 vel
1395 1453 1514 1516 minima
1542 1455 1639 1536 possit
1670 1453 1784 1516 erroris
1813 1454 1990 1533 suspicione

620 1550 744 1634 aspergi
752 1571 761 1627 ;
783 1551 842 1614 imo
866 1550 999 1614 deterius
1023 1552 1144 1614 omnino
1167 1570 1202 1615 se
1225 1553 1315 1615 habet
1337 1561 1369 1614 ut
1383 1553 1539 1616 emendata
1563 1559 1620 1631 est,
1643 1571 1721 1632 cum,
1743 1560 1777 1615 ut
1799 1552 1892 1615 verba
1916 1569 1990 1632 prae

619 1667 654 1712 se
678 1649 789 1729 ierunt,
812 1650 870 1714 soli
892 1649 1049 1716 Sacerdoti
1072 1653 1330 1715 consecrationem
1353 1651 1518 1716 attribuere
1540 1652 1688 1716 videatur.

890 1910 949 1982 17.
987 1913 1136 1985 Accedit
1163 1913 1209 1984 ad
1235 1913 1379 1986 Hostiae
1403 1916 1625 2007 fractionem,
1654 1920 1720 1984 elo.

715 2105 856 2184 Fencrro
887 2115 1010 2179 Hostiae
1040 2116 1473 2181 secundumconsuetudinem
1501 2118 1705 2181 Ecclesiarum
1735 2117 1864 2180 diversis
1894 2116 1990 2181 modis

616 2221 696 2284 sacta
719 2229 767 2284 est
790 2218 871 2301 apud
894 2219 1081 2283 Orientales:
1103 2228 1137 2283 ut
1160 2221 1248 2284 etiam
1270 2221 1348 2302 apud
1367 2220 1594 2285 occidentales:
1617 2220 1674 2284 sed
1695 2221 1846 2302 utrimque
1867 2239 1928 2283 non
1950 2238 1989 2283 eo

618 2321 715 2386 solum
737 2321 796 2384 bne
818 2327 851 2382 ut
873 2321 959 2401 panis
989 2320 1020 2382 in
1043 2321 1153 2401 corpus
1184 2319 1295 2384 Christi
1325 2329 1521 2386 consecratus
1553 2321 1764 2401 frangeretur,
1793 2337 1853 2399 quo
1883 2325 1991 2399 posset

618 2419 905 2483 communicantibus
927 2419 1075 2498 distribui,
1098 2427 1130 2484 ut
1152 2419 1249 2482 adhuc
1272 2420 1303 2483 iit
1325 2420 1640 2502 apudProtcstantes;
1663 2419 1718 2482 sed
1739 2427 1773 2482 ut
1795 2419 1862 2500 ipss
1884 2416 1989 2480 fractio

616 2519 842 2596 lacerationem,
866 2525 896 2580 et
917 2518 1132 2599 vulneraquae
1145 2518 1283 2586 Christus
1296 2521 1438 2583 sustinuit
1459 2520 1644 2605 incorpore,
1666 2518 1816 2600 passionis
1840 2524 1988 2598 tempore,

616 2625 872 2700 repraesentaret,
896 2625 926 2679 et
950 2636 1028 2699 quae
1050 2618 1237 2700 significatur
1269 2619 1315 2683 his
1338 2620 1440 2683 verbis
1464 2639 1542 2701 quae
1566 2618 1716 2682 Sacerdos
1744 2617 1920 2699 pronuntiat
1948 2633 1988 2676 ex

615 2734 747 2800 persona
771 2716 896 2780 Christi:
923 2715 990 2780 Hoc
1020 2725 1067 2790 est
1087 2736 1199 2798 corpus
1219 2739 1333 2796 meum,
1360 2720 1441 2800 qlod
1459 2738 1519 2799 pro
1540 2718 1628 2780 vobis
1646 2717 1814 2798 frangite,
1841 2715 1883 2777 ita
1911 2713 1989 2774 enirn

616 2817 761 2899 leguntur
783 2817 812 2878 in
834 2816 978 2898 biturgiis
1001 2815 1153 2880 Theodori
1184 2825 1216 2880 et
1236 2817 1386 2894 Nestorii;
1416 2825 1446 2880 et
1475 2818 1506 2880 in
1531 2816 1588 2879 hae
1617 2818 1714 2898 prima
1735 2816 1847 2878 lectum
1869 2830 1990 2894 quoque

618 2915 714 2978 luisse
738 2915 867 2979 dubitari
888 2933 950 2979 non
971 2921 1083 2997 potest.
1127 2916 1211 2980 llaec
1234 2926 1333 2980 autem
1363 2917 1454 2981 lectio
1476 2935 1539 2983 non
1559 2916 1809 2980 Nestorianorum
1837 2915 1991 2976 inventum

617 3023 676 3092 cst,
699 3034 765 3078 cum
788 3023 873 3079 extet
902 3015 932 3078 in
961 3015 1069 3080 iacobi
1092 3015 1208 3080 Graeca
1235 3027 1266 3081 et
1289 3019 1387 3099 Syra,
1417 3025 1451 3080 ut
1478 3018 1508 3080 in
1536 3016 1636 3080 multis
1659 3016 1742 3094 aliis,
1772 3029 1920 3096 expressa
1950 3028 1992 3072 ex

616 3114 754 3196 Epistola
776 3114 815 3178 ad
834 3114 1006 3178 Corinthios
1012 3136 1022 3192 ;
1053 3133 1193 3198 quaeque
1215 3116 1333 3180 duobus
1356 3118 1482 3180 vocibus
1506 3116 1637 3197 explicat
1667 3101 1830 3193 κλώμενον
1852 3121 1884 3176 ct
1903 3111 1992 3196 θρυ-

618 3204 792 3293 πτόμενον;
822 3214 889 3276 illas
917 3215 1005 3277 unica
1036 3216 1106 3298 Syri
1134 3218 1321 3298 exprimunt,
1347 3235 1425 3298 quae
1449 3215 1487 3278 ad
1508 3216 1634 3296 primam
1657 3212 1804 3276 Graecam
1831 3197 1993 3286 admisceor

617 3315 715 3398 inagis
738 3313 880 3376 refertur.
932 3312 1041 3377 Graeci
1070 3314 1107 3377 ab
1137 3313 1221 3378 initio
1249 3315 1406 3398 biturgiae
1436 3317 1594 3396 passiones
1623 3313 1735 3377 Christi
1762 3313 1993 3394 repraesentant

623 3431 694 3475 cum
718 3411 854 3476 Oblatam
878 3412 1012 3497 gladiolo
1036 3411 1180 3490 dividunt,
1205 3432 1293 3496 quem
1318 3405 1427 3497 ‘Apion
1448 3403 1563 3498 λόγχην
1585 3413 1754 3494 appellant,
1789 3410 1841 3492 qui
1870 3411 1945 3470 ritus
1975 3423 1994 3468 a

618 3513 773 3592 primaeva
795 3513 971 3592 antiquitate
992 3531 1131 3576 manasse
1152 3531 1213 3577 non
1236 3514 1367 3591 videtur,
1391 3533 1458 3578 cum
1480 3516 1639 3598 ignoretur
1660 3513 1698 3575 ab
1721 3510 1857 3575 omnibns
1880 3507 1994 3570 Eccle-

618 3611 671 3674 siis
695 3610 908 3686 Orientalibus,
931 3630 1009 3694 quiae
1030 3620 1131 3676 tamen
1153 3612 1338 3695 disciplinam
1369 3633 1452 3677 suam
1476 3613 1513 3676 ad
1536 3612 1673 3675 Graecae
1703 3611 1829 3674 lennem
1859 3621 1992 3687 expres·
2054 3609 2063 3624 ⁰

619 3719 737 3775 serunt.
784 3713 853 3793 Syri
875 3719 934 3774 tarn
956 3711 1125 3776 Orthodoxi
1151 3731 1240 3793 quam
1268 3714 1425 3792 haeretici,
1452 3731 1541 3776 manu
1563 3712 1724 3796 frangunt,
1754 3713 1785 3775 in
1807 3709 1893 3786 duas,
1917 3711 1992 3784 tres,

617 3808 668 3872 vel
705 3809 810 3891 plures
846 3818 967 3893 partes,
1008 3811 1172 3876 secundum
1207 3813 1410 3877 Ecclesiamm
1447 3810 1597 3877 diversam
1630 3809 1894 3874 consuetudinem:
1936 3802 1993 3866 scd

620 3910 740 3973 omnino
760 3908 976 3972 lacerationem
992 3913 1131 3993 corporis
1150 3911 1261 3976 Christi
1284 3915 1314 3975 in
1337 3913 1479 3995 passione
1502 3910 1691 3986 adumbrare,
1714 3917 1744 3974 et
1767 3911 1796 3972 in
1819 3903 1993 3971 memoriam

621 4006 798 4070 Christianis
820 4026 968 4071 revocare
989 4028 1047 4090 per
1069 4010 1148 4073 illam
1170 4010 1346 4077 fractionem
1373 4011 1486 4076 volunt.
1538 4010 1644 4073 Altera
1671 4009 1752 4072 iliius
1780 4003 1991 4071 caeremoniae

620 4125 704 4188 pars,
728 4124 805 4187 qnae
828 4116 926 4171 tamen
948 4107 1104 4174 lraotionis
1127 4114 1246 4175 nomine
1270 4111 1553 4194 comprehenditur,
1576 4109 1712 4173 intinctio
1736 4115 1783 4172 est
1805 4107 1894 4169 unius
1916 4120 1992 4185 par-

620 4205 731 4269 ticulae
753 4207 784 4268 in
806 4204 918 4272 calice:
948 4215 1008 4270 tum
1032 4228 1071 4272 ex
1093 4229 1130 4274 ea
1152 4213 1273 4275 intincta
1296 4220 1327 4276 et
1349 4210 1476 4289 madida,
1500 4209 1690 4292 consignatio
1711 4207 1894 4289 reliquarum
1916 4220 1992 4284 par-

619 4305 777 4369 ticularum
812 4308 843 4369 in
879 4306 963 4371 disco
997 4310 1172 4390 positarum.
1230 4311 1285 4375 llic
1318 4311 1403 4374 Ritus
1431 4312 1482 4392 qui
1516 4317 1581 4373 toto
1609 4308 1733 4372 Oriente
1768 4326 1786 4370 a
1814 4303 1991 4370 Christianis

621 4405 811 4483 observatur,
834 4413 970 4486 vocatur,
993 4409 1075 4483 nnio,
1098 4411 1297 4490 conspectio,
1320 4412 1486 4474 commistio
1503 4426 1660 4473 sacrorum
1683 4407 1894 4488 mysteriorum
1916 4420 1992 4468 cor-

621 4507 704 4586 poris
727 4513 758 4568 et
785 4506 957 4588 sanguinis:
988 4523 1088 4591 neque
1118 4508 1218 4573 locum
1247 4510 1361 4574 babere
1388 4516 1507 4591 potest,
1537 4510 1595 4571 nisi
1624 4525 1699 4570 vera
1727 4515 1758 4570 et
1786 4502 1991 4569 substantialis

621 4604 837 4666 clementorum
866 4609 1072 4670 transmutatio
1104 4608 1255 4675 credatur.
1308 4610 1381 4671 'ium
1413 4610 1502 4672 etiam
1529 4607 1602 4670 illud
1631 4607 1784 4688 sequitur,
1818 4602 1923 4666 testari
1952 4618 1992 4663 eo

621 4701 690 4765 Ritu
714 4702 898 4768 Christianos
921 4705 1102 4786 Orientalcs,
1125 4708 1155 4770 id
1186 4709 1267 4791 quod
1288 4707 1444 4772 Jacobitae
1474 4708 1504 4771 in
1532 4726 1587 4770 sua
1616 4706 1743 4786 quadam
1771 4704 1908 4767 oratione
1931 4719 1994 4763 ex-

620 4802 768 4881 primunt:
791 4823 903 4883 corpas
924 4805 982 4867 boc
1005 4808 1173 4870 esseillius
1195 4809 1361 4889 sanguinis,
1383 4814 1414 4869 et
1422 4808 1598 4887 sangninem
1619 4805 1700 4867 illias
1721 4803 1879 4882 corporis:
1901 4817 1995 4862 unum

621 4899 737 4963 scilicet
759 4902 990 4985 indivisumque,
1012 4905 1043 4967 in
1066 4905 1195 4968 diversis
1218 4905 1379 4988 speciebus
1392 4911 1622 4984 sacramentum,
1645 4911 1744 4966 mutua
1767 4900 1855 4964 sanius
1877 4899 1995 4980 speciei

622 5017 689 5062 cum
723 5001 835 5081 altera,
864 5005 1071 5068 commistione
1099 5005 1313 5070 confirmatum.
1365 5004 1398 5067 ld
1427 5005 1596 5088 signilioant
1629 5003 1744 5067 seilicet
1776 5001 1852 5063 haec
1880 4998 1994 5064 verba:

620 5099 766 5180 signator
785 5103 911 5182 sonpasis
928 5106 1080 5182 pretiosis
1102 5124 1229 5187 corpore
1245 5113 1352 5169 sancto
1364 5104 1489 5167 Domini
1497 5103 1573 5166 Jeso
1585 5103 1715 5168 Christi:
1737 5109 1768 5166 et
1789 5103 1863 5164 ista:
1876 5100 1995 5180 Signa-
