4814 6060
745 538 786 615 lN
811 539 1018 618 tituletur
1043 540 1221 618 DIOSCDRI
1247 544 1426 624 EPISCDPL
1698 545 1776 624 507

397 721 534 802 sostomi,
556 741 596 784 ex
611 740 670 804 qua
690 723 854 786 verisimile
871 731 918 786 est
940 725 1119 808 migravisse
1142 727 1172 788 in
1194 727 1346 808 Syriacam
1368 728 1510 793 Nestorio
1533 729 1683 812 tributam,
1707 752 1773 796 cum

396 822 423 886 is
446 820 797 904 Constantinopolitanae
811 821 970 886 Ecclesiae
992 823 1188 905 disciplinam,
1212 833 1245 888 ut
1266 825 1345 889 illius
1369 827 1452 890 urbis
1475 828 1626 909 quondam
1640 829 1774 912 Episco-

397 937 467 1000 pus,
489 919 526 981 ad
541 937 623 1018 ¹suae
646 929 750 984 sectae
771 921 906 985 homines
929 921 1017 986 facile
1039 921 1206 986 transferre
1227 927 1370 1006 potuerit
1399 927 1538 990 Dioscori
1561 928 1662 1010 igitur,
1685 930 1772 995 istius

318 1046 321 1052 ·
398 1019 485 1084 officii
507 1021 621 1084 autoris
643 1022 814 1084 testimonio
844 1027 976 1099 constat,
1004 1020 1082 1084 dona
1112 1026 1271 1105 proposita
1300 1024 1365 1087 lieri
1397 1043 1507 1108 corpus
1536 1033 1567 1090 et
1595 1030 1774 1111 sanguinem

398 1117 520 1195 Christi,
544 1140 605 1186 non
628 1139 685 1202 per
699 1120 786 1183 iidem
795 1119 1039 1201 suscipientium,
1062 1122 1118 1185 sed
1140 1141 1196 1203 per
1219 1125 1507 1204 transmutationem,
1530 1143 1619 1207 quam
1641 1145 1712 1190 esse
1728 1130 1774 1191 rei

396 1219 428 1280 in
448 1239 525 1302 rem,
551 1229 582 1286 et
605 1222 790 1284 substantiae
812 1219 842 1281 in
864 1219 1060 1282 substantiam
1084 1222 1247 1302 perspicue
1270 1221 1381 1285 docent
1395 1223 1599 1288 lacobitarum
1613 1224 1772 1310 Theologi.

398 1315 483 1390 Quae
505 1329 675 1402 sequuntur
697 1319 802 1382 eadem
825 1336 923 1400 prope
944 1319 1038 1380 verba
1061 1325 1131 1382 sunt
1154 1321 1262 1401 quibus
1279 1320 1428 1402 Coptitae,
1453 1323 1537 1404 Syris
1559 1325 1590 1385 in
1613 1323 1673 1388 lide
1695 1341 1773 1388 con-

392 1418 596 1504 junctissimi,¹
610 1421 652 1482 uti
674 1418 774 1482 solent
797 1417 826 1479 in
849 1417 957 1480 eximia
979 1416 1030 1479 illa
1053 1419 1121 1482 fidei
1141 1418 1352 1500 Confessione,
1377 1433 1465 1502 quam
1488 1423 1682 1503 pronuntiant
1704 1432 1773 1488 ante

399 1517 661 1583 Sacramentorum
684 1516 931 1580 distributionem.

534 1851 569 1919 d.
610 1849 687 1919 Hoc
714 1854 766 1920 cst
792 1867 918 1938 corpor
932 1852 979 1932 ,et
1004 1850 1143 1941 sanquis
1170 1845 1298 1918 Christi
1323 1846 1395 1918 Dei
1420 1854 1540 1938 nostri,
1570 1858 1633 1924 etc.

512 2041 548 2120 Is
570 2052 706 2132 Liturgia
730 2049 852 2132 Syriaca
876 2048 982 2111 Jacobi
1010 2056 1040 2110 et
1063 2050 1092 2110 in
1116 2048 1183 2110 aliis
1207 2067 1302 2130 prope
1325 2050 1484 2130 omnibus,
1514 2061 1583 2134 post
1605 2055 1773 2118 orationem

394 2155 646 2238 praecedentem,
676 2170 753 2233 quae
785 2153 941 2213 veritatem
973 2153 1112 2232 corporis
1143 2160 1173 2214 et
1196 2153 1352 2235 sanguinis
1377 2153 1488 2218 Christi
1524 2164 1583 2219 tam
1614 2158 1773 2222 enucleate

395 2255 537 2334 inculcat,
560 2252 692 2334 Populus
715 2250 845 2332 subjicit.
869 2249 980 2312 Amen:
1005 2269 1062 2332 qua
1086 2250 1151 2315 sola
1174 2268 1252 2314 voce
1274 2253 1446 2315 continetur
1469 2257 1649 2336 approbatio
1668 2275 1772 2320 eorum
1845 2279 1847 2287 ·

396 2373 473 2436 quae
497 2370 568 2415 mox
590 2370 608 2414 a
631 2350 798 2416 Sacerdote
822 2349 1011 2429 pronuntiata
1035 2357 1119 2429 sunt,
1143 2357 1174 2412 et
1198 2368 1275 2431 quae
1299 2353 1329 2412 in
1352 2354 1449 2416 veteri
1473 2352 1612 2416 Ecclesia
1634 2355 1772 2420 sufficere

392 2453 600 2537 judicabatur,
630 2469 698 2512 cum
728 2449 898 2528 Sacerdos,
928 2448 976 2511 vel
1005 2448 1159 2512 Diaconus
1183 2448 1315 2529 diceret,
1347 2449 1466 2531 Corpus
1489 2449 1613 2518 Christi.
1658 2454 1692 2516 ln
1714 2453 1772 2517 ista

395 2569 471 2614 vero
494 2550 657 2633 singrdaris
679 2555 727 2611 est
748 2547 907 2629 prolixior,
930 2547 1083 2612 confessio
1106 2549 1186 2610 circa
1203 2547 1276 2610 illud
1299 2551 1484 2630 mysterium,
1508 2553 1631 2631 quaein
1649 2552 1773 2617 Eucha-

395 2653 480 2715 ristia
504 2649 655 2714 Christum
678 2654 869 2730 praesentem
892 2650 1018 2729 agnosci
1041 2655 1187 2727 testatur,
1211 2665 1272 2710 non
1296 2648 1386 2712 modo
1409 2657 1442 2712 ut
1465 2649 1630 2727 hominem,
1660 2651 1716 2714 sed
1740 2661 1773 2715 ut

395 2750 508 2814 Deum:
533 2757 563 2813 et
584 2750 615 2812 id
628 2747 774 2810 iacebitis
797 2745 954 2823 familiare,
976 2755 1009 2810 ut
1031 2765 1071 2809 ex
1094 2747 1185 2809 variis
1209 2749 1386 2810 testimoniis
1411 2766 1489 2830 quae
1513 2749 1583 2811 alibi
1605 2751 1772 2827 retulimus,

396 2849 585 2914 manifestum
608 2856 663 2910 est.
710 2845 794 2918 Quae
818 2863 892 2907 vero
915 2846 1000 2907 istius
1024 2844 1224 2908 consessionis
1248 2865 1339 2910 eausa
1368 2847 1476 2928 luerit,
1508 2851 1565 2912 etsi
1597 2849 1654 2913 alia
1685 2869 1773 2931 quarn

396 2947 549 3030 plenitudo
572 2947 641 3009 [idei
665 2943 702 3008 de
724 2943 929 3022 Eucharistia,
960 2944 1067 3023 quaeri
1089 2962 1149 3006 non
1173 2962 1265 3025 posse
1288 2945 1444 3026 videatur,
1474 2955 1520 3010 est
1543 2957 1642 3011 tamen
1665 2947 1771 3029 altera,

396 3046 455 3111 nisi
476 3045 611 3108 fallimur·
628 3044 757 3106 maxime
779 3041 962 3106 verisimilis.
986 3042 1132 3123 Dionysio
1146 3041 1313 3124 Darsalibio
1337 3053 1416 3108 teste
1439 3047 1579 3108 dicebant
1590 3047 1774 3127 Nestoriani,

395 3165 456 3208 nort
477 3145 593 3224 mmcipi
613 3145 645 3204 in
667 3141 863 3205 Eucharistiae
885 3160 997 3221 corpus
1027 3139 1114 3202 Verbi
1134 3141 1207 3216 Dei,
1237 3143 1294 3203 sed
1320 3144 1450 3206 bominis
1478 3153 1508 3206 et
1535 3145 1682 3226 domae„
1708 3147 1774 3209 Nos
1857 3176 1861 3180 ·

396 3251 513 3321 auten,
543 3243 655 3324 iuquit,
685 3241 830 3317 dicimos,
860 3260 927 3303 ease
954 3239 1044 3302 Verbi
1063 3240 1133 3316 Dei,
1155 3248 1189 3302 ot
1210 3247 1339 3326 testptur
1360 3241 1475 3304 Paulae
1496 3243 1545 3304 bia
1572 3245 1693 3321 verbis,
1722 3247 1774 3326 qui

397 3342 554 3406 manducat
576 3358 688 3422 eorpus
713 3340 842 3418 Domini,
869 3348 900 3402 et
929 3338 1003 3402 bibit
1026 3340 1091 3420 ejus
1114 3339 1308 3422 sanguinem:
1344 3348 1373 3402 et
1399 3360 1489 3417 mcc,
1517 3359 1576 3405 non
1606 3344 1772 3425 dijudicans

397 3459 510 3524 corpus
532 3441 659 3506 Domini.
703 3439 785 3502 Ecce
807 3457 919 3520 corpor
940 3446 971 3500 et
991 3440 1167 3519 sanquinem
1189 3435 1314 3500 Domini
1334 3447 1426 3502 oocot
1445 3441 1529 3517 illud,
1551 3462 1612 3504 non
1633 3444 1771 3506 bominis.

396 3541 501 3622 ltoqoe
523 3558 634 3620 corpus
656 3547 686 3601 et
706 3539 882 3618 sortpoinem
909 3537 997 3600 Verbi
1017 3537 1078 3599 Dei
1097 3537 1293 3616 suscipimur,
1317 3537 1398 3619 quod
1421 3537 1516 3602 fusius
1540 3539 1649 3603 deinde
1672 3557 1772 3622 expo-

396 3640 456 3718 nit,
484 3647 514 3702 et
543 3638 602 3700 illis
628 3637 731 3700 verbis
762 3655 839 3716 quae
870 3654 936 3698 cum
967 3637 1023 3699 ista
1052 3637 1189 3699 oratione
1219 3640 1377 3699 maximam
1405 3639 1517 3702 hebent
1539 3641 1771 3703 similitudinem.

396 3738 562 3801 Dioscorus
585 3739 611 3799 si
633 3744 667 3799 ut
688 3735 817 3798 diximus
840 3733 927 3817 hujus
948 3735 1102 3817 liturgiae
1127 3741 1230 3814 autor,
1259 3735 1367 3798 Cordis
1389 3737 1559 3819 Episcopus
1583 3737 1654 3816 luit,
1682 3741 1712 3802 iu
1735 3759 1773 3802 ea

397 3837 525 3919 regione
547 3837 634 3914 vixit,
657 3853 736 3916 quae
758 3835 947 3898 Nestorianis
970 3833 1059 3918 plena
1083 3841 1167 3896 erat:
1191 3834 1261 3897 olim
1274 3836 1352 3898 enim
1364 3835 1560 3900 Ortbodonos
1577 3837 1772 3901 etlacobitas

398 3936 429 3998 in
452 3937 510 3999 ista
532 3936 699 4016 vicinisque
721 3935 886 4015 provinciis
909 3950 1035 3996 numero
1058 3940 1090 3994 et
1112 3934 1272 3996 autoritate
1295 3933 1488 4014 superabant.
1523 3935 1561 3997 Ut
1584 3936 1676 4016 igitur
1699 3954 1772 4000 suos

397 4035 551 4098 Jacobitas
572 4034 624 4096 ille
640 4035 770 4096 muniret
791 4033 940 4095 adversus
963 4032 1053 4094 talem
1074 4031 1320 4094 Nestorianorum
1344 4032 1526 4112 opinionem,
1550 4033 1588 4096 de
1603 4039 1772 4114 quatamen

399 4135 451 4196 vix
472 4131 569 4196 simile
591 4133 752 4212 quidquam
775 4131 846 4194 alibi
868 4130 990 4215 legitur,
1015 4131 1101 4194 istam
1125 4130 1347 4194 confessionem
1365 4130 1520 4216 Litargiae
1534 4147 1608 4194 suae
1631 4133 1773 4194 inseren-

400 4231 466 4295 dam
486 4231 642 4313 judicavit.

640 4527 675 4596 5.
713 4523 779 4610 (lai
803 4527 942 4595 oemiont
967 4525 1014 4594 od
1040 4523 1235 4594 tbeaooram
1262 4526 1387 4596 ossium
1414 4543 1539 4594 eoram·

510 4713 639 4794 lssrsrus
657 4725 742 4788 loeus
756 4725 794 4788 de
808 4725 1007 4790 veneratione
1029 4725 1234 4808 reliquiarum,
1257 4742 1335 4806 quae
1358 4742 1471 4787 summa
1495 4730 1541 4786 est
1564 4723 1643 4804 apud
1661 4721 1774 4786 Orien·

398 4829 475 4892 tales
505 4848 545 4892 ex
575 4831 673 4892 veteri
703 4828 870 4910 disciplina.
915 4827 988 4892 inde
1015 4829 1047 4891 in
1073 4831 1181 4892 ricinis
1203 4829 1380 4910 regionibus
1414 4825 1544 4890 celebris
1579 4825 1634 4888 luit
1655 4825 1774 4906 Marty-

398 4927 525 5007 ropolis,
549 4927 673 5008 Syrisce
697 4927 994 5020 dictabat-Carme
1016 4928 1102 5008 quasi
1125 4927 1322 5004 Osroorim
1346 4924 1426 4988 unde
1445 4925 1617 4988 Nestoriani
1635 4922 1773 5018 iecerunt

397 5023 536 5104 BoJermi
556 5024 688 5090 Arabiee
712 5025 896 5090 scribentes:
925 5027 1026 5108 ibique
1054 5025 1237 5108 Metropolin
1259 5027 1401 5107 propriae
1416 5032 1519 5090 sectae
1542 5021 1772 5087 constituerunt.

449 5147 572 5192 ronmu
1510 5128 1559 5200 67
