4784 6040
723 631 799 710 370
1006 721 1008 726 ,
1225 630 1585 709 LITURGIA

723 817 807 882 dices
829 825 1070 901 repraesentant,
1089 816 1226 881 nonnulli
1248 836 1314 881 earn
1332 816 1478 897 Dionysio
1493 815 1638 903 Barsalihi
1650 819 1826 898 attribuunt,
1850 819 1980 884 dicenda
2001 822 2092 902 paulo

723 925 793 980 ante
817 917 1071 982 communionem.
1121 917 1186 979 lloc
1215 924 1261 976 est
1282 934 1393 996 corpus
1415 917 1503 976 istius
1524 919 1698 996 sanpuiuis:
1720 919 1770 980 hic
1792 926 1839 982 est
1859 921 1985 1000 saapuis
2006 923 2094 984 istius

724 1019 871 1098 corporis.
915 1018 1035 1098 Rogant
1064 1018 1155 1100 igitur
1184 1023 1217 1078 ut
1238 1015 1365 1094 Spiritus
1392 1021 1514 1076 sanetus
1542 1033 1650 1096 panern
1674 1025 1704 1078 et
1727 1017 1851 1080 calicem
1881 1005 1971 1081 iaciat
1998 1038 2090 1082 *unum

726 1134 837 1196 corpus
860 1125 890 1180 et
911 1117 1102 1200 sanguinein:
1126 1116 1184 1177 hoe
1207 1123 1264 1192 est,
1292 1121 1325 1175 ut
1347 1133 1415 1175 cunr
1437 1116 1611 1194 mysterium
1627 1123 1862 1179 consummatum
1884 1125 1942 1195 est,
1966 1126 2093 1199 utraque

726 1217 856 1296 species,
879 1205 940 1279 tam
961 1215 1060 1294 simul,
1083 1233 1171 1296 quarn
1198 1213 1315 1277 divisim
1346 1220 1525 1275 consecrata
1553 1213 1603 1276 vel
1631 1223 1743 1294 sumta,
1772 1233 1863 1278 unum
1892 1216 1930 1278 sit
1960 1226 2094 1280 sanctum

726 1305 765 1380 τὰ
789 1305 882 1398 ἅγιον
903 1315 962 1378 hoc
985 1323 1032 1378 est
1053 1333 1111 1377 una
1134 1314 1331 1392 Eucharistia,
1354 1303 1445 1374 unum
1459 1321 1690 1392 sacramentnm,
1713 1315 1849 1394 manate,
1872 1323 1904 1376 ut
1927 1315 2043 1378 scilicet
2064 1326 2095 1380 et

727 1417 758 1478 in
781 1433 858 1496 pane
882 1433 995 1497 corpus
1019 1423 1049 1478 at
1071 1415 1204 1496 sanguis,
1228 1422 1261 1476 ει
1282 1413 1312 1474 in
1336 1411 1430 1474 calice
1451 1413 1575 1494 sanguis
1599 1419 1750 1494 etcorpus
1772 1414 1939 1494 aequaliter
1962 1415 2094 1478 credan-

727 1523 793 1578 tur:
816 1516 941 1596 aeqaaia
963 1515 1051 1577 etiarn
1081 1513 1211 1591 idcirco,
1240 1513 1310 1594 quia
1338 1519 1495 1591 utrumque
1523 1510 1578 1572 suh
1607 1511 1750 1575 alterutra
1779 1515 1882 1594 specie
1910 1515 2094 1578 continetur:

728 1617 883 1697 mysticum
904 1615 970 1676 sive
992 1613 1222 1690 sacramentale,
1245 1619 1277 1674 ut
1299 1611 1412 1692 pariter
1434 1611 1512 1672 verti
1533 1617 1643 1692 polest,
1667 1611 1736 1692 quia
1757 1611 1829 1674 licet
1851 1631 1928 1675 vere
1949 1621 1980 1674 et
2001 1615 2095 1677 reali-

730 1722 787 1790 ter,
809 1715 934 1794 mystice
957 1720 1055 1776 tarnen
1079 1714 1120 1790 ht,
1144 1713 1212 1793 quia
1234 1730 1295 1773 non
1317 1709 1501 1774 sensibiliter
1523 1709 1564 1788 sit,
1588 1709 1643 1772 sed
1666 1711 1696 1772 in
1720 1719 1919 1775 sacramento.
1960 1712 2004 1774 lta
2026 1714 2094 1776 illos

730 1813 857 1876 credere
880 1821 910 1875 et
931 1799 1022 1875 multa
1044 1813 1100 1874 alia
1124 1811 1288 1874 firmissima
1311 1817 1486 1892 argumenta
1517 1808 1733 1898 demonstrant,
1762 1819 1794 1872 et
1822 1813 1961 1892 maxime,
1985 1814 2095 1895 optima

729 1909 799 1973 lidei
821 1914 971 1993 interpres
994 1910 1164 1992 disciplina:
1187 1909 1350 1974 secundum
1374 1927 1461 1989 quarn
1480 1907 1602 1971 iniirmis
1624 1908 1717 1990 longe
1738 1909 1845 1991 positis
1868 1911 1964 1973 solum
1987 1929 2095 1993 panem

729 2020 939 2074 consecratum
961 2013 1094 2074 mittunt:
1116 2011 1277 2074 inlanlihus
1300 2010 1395 2072 solam
1406 2009 1467 2071 vini
1479 2008 1624 2088 speciem,
1646 2017 1678 2070 ut
1701 2007 1771 2070 alibi
1795 2007 1889 2072 fusius
1913 2011 2094 2091 explicatum

729 2117 784 2173 est.
829 2110 971 2174 Eandem
1000 2112 1178 2174 sententiam
1202 2110 1267 2172 aliis
1289 2110 1402 2186 verbis,
1425 2107 1580 2170 sedidem
1603 2107 1857 2190 significantibus,
1888 2111 2042 2191 expressit
2064 2112 2095 2174 iu

727 2209 863 2290 Lilurgia
886 2228 941 2272 sua
964 2211 1131 2294 Gregorius
1152 2207 1383 2292 hhuliaragius‚
1412 2210 1523 2289 inqua
1546 2207 1660 2290 gratias
1691 2209 1753 2292 agit
1783 2209 1849 2272 Deo
1875 2218 2002 2290 propter
2022 2211 2096 2274 allud

727 2327 835 2372 munus
862 2311 988 2390 duplex,
1017 2310 1098 2390 quod
1125 2307 1294 2388 duplicibus
1316 2309 1443 2383 dedisti,
1471 2308 1608 2388 mancis
1637 2314 1737 2369 tarnem
1765 2328 1856 2370 unum
1882 2311 1924 2370 sit
1949 2318 1979 2372 et
2005 2313 2095 2372 unius

719 2404 829 2489 'typum
851 2409 1002 2472 exhibeat.
1024 2408 1144 2488 Duplex
1165 2425 1272 2469 munus
1294 2413 1382 2469 vocat
1403 2424 1511 2488 panem
1539 2412 1569 2467 et
1596 2407 1707 2485 vinum,
1731 2404 1808 2469 iacta
1832 2425 1942 2490 corpus
1966 2418 1997 2471 ει
2019 2427 2094 2471 san-

727 2509 797 2590 guis
820 2507 940 2584 Christi,
964 2508 1063 2572 daturn
1086 2507 1264 2585 horninibus,
1288 2509 1339 2588 qui
1367 2512 1506 2569 constant
1528 2525 1568 2568 ex
1590 2523 1720 2585 corpore
1751 2513 1780 2568 et
1809 2509 1918 2570 anima:
1957 2508 2091 2590 quamvis

727 2615 827 2670 tamen
849 2626 955 2671 munus
978 2607 1050 2671 illud
1071 2625 1162 2669 unum
1184 2608 1232 2684 sit,
1256 2607 1325 2688 quia
1347 2623 1437 2667 unum
1460 2611 1525 2683 est,
1547 2604 1578 2666 in
1600 2604 1712 2685 duplici
1734 2607 1838 2686 specie
1861 2615 2090 2686 sacramentum,

727 2707 867 2770 etunius
889 2715 993 2790 typum
1014 2708 1147 2784 exhibet,
1169 2707 1238 2787 qrria
1260 2713 1582 2768 sacramentumunum
1607 2712 1655 2768 est
1676 2723 1714 2768 ea
1737 2723 1795 2786 qua
1818 2723 1889 2769 mox
1911 2706 2022 2769 dictum
2044 2713 2092 2769 est

725 2809 853 2887 ratione,
876 2807 1087 2888 Christumque
1110 2823 1198 2869 unuin
1222 2823 1283 2868 non
1305 2821 1436 2887 persona
1464 2804 1579 2883 solum,
1610 2803 1665 2866 sed
1693 2813 1817 2884 natura,
1847 2814 1880 2868 ut
1908 2806 2090 2885 existimant,

680 2951 685 2956 -
726 2915 936 2988 repraesentat
958 2916 990 2970 ει
1012 2907 1143 2970 exhibet.
1188 2905 1263 2968 Nam
1286 2923 1326 2968 ex
1347 2903 1550 2986 praejudicata
1577 2902 1629 2966 illa
1651 2921 1706 2965 sua
1729 2905 1881 2986 opinione,
1904 2906 1977 2969 lieet
1997 2923 2091 2987 prae-

727 3006 809 3068 clare
830 3006 869 3069 de
890 3007 1097 3071 Eucharistiae
1119 3005 1178 3069 lide
1202 3005 1344 3083 scribant,
1368 3011 1545 3086 argumenta
1558 3001 1681 3080 ducunt,
1703 3020 1780 3084 quae
1802 3004 1880 3067 illarn
1903 3023 2089 3090 magnopere

726 3105 909 3169 confirmant.

1001 3811 1004 3818 ‘
1103 3741 1706 3926 LllUltGlll

805 4080 1042 4197 Bllllll
1093 4079 1384 4199 Jluossl
1436 4077 1977 4196 INTERPRETIS

1163 4318 1377 4397 llPlSGOPl
1407 4317 1637 4395 suessent.

993 4645 996 4656 q
1042 4559 1192 4630 Primum
1219 4557 1339 4629 Oratio
1366 4563 1446 4628 ante
1472 4556 1619 4628 orcadum
1644 4555 1762 4630 Pacis.

786 4757 902 4860 Deus
934 4785 1034 4856 Pater
1067 4784 1208 4855 omniurn
1241 4790 1276 4852 et
1309 4779 1451 4854 Domine
1487 4779 1738 4869 dominantium,
1777 4781 1910 4873 genitor
1942 4788 2080 4852 aeterne

716 4905 771 4998 qui
797 4903 941 4994 genuisti
966 4900 1082 4972 Filium
1110 4907 1292 4984 aeteruum,
1319 4907 1353 4968 et
1379 4897 1420 4970 ah
1449 4907 1599 4988 aeterno,
1625 4896 1984 4992 nequetemporaliter,
2010 4917 2080 4967 uon

667 5061 673 5071 .
715 5015 932 5105 divisibiliter,
960 5025 1015 5087 aut
1041 5013 1251 5086 mutabiliter:
1278 5017 1351 5109 ipse
1377 5012 1454 5085 fons
1480 5017 1592 5108 pacis,
1627 5024 1661 5085 et
1694 5017 1791 5105 origo
1825 5012 2078 5108 uauthitatis,

713 5131 926 5229 abyssusque
952 5133 1098 5204 caritatis
1123 5129 1313 5227 perfectam
1340 5129 1392 5202 Tu
1418 5130 1558 5221 largitor
1584 5127 1671 5202 illius
1684 5133 1792 5227 pacis,
1817 5139 1953 5227 praesta
1979 5125 2078 5201 nohis
