4804 6026
631 536 679 610 14
1018 536 1626 617 ORDOGOMMUNIS
1739 565 1744 577 ·

626 725 732 797 altare
766 726 855 820 quod
882 747 1013 800 sursum
1039 735 1108 798 est:
1136 727 1304 819 simusque
1331 725 1390 798 tibi
1416 746 1502 798 oves
1528 725 1726 821 praeclarae
1761 724 1890 822 absque
1923 747 2004 800 ma-

627 841 718 913 cula:
745 852 781 914 ut
806 866 868 940 per
900 845 1205 916 transmutationem
1238 863 1365 915 novam
1406 851 1681 932 transmutemur3
1728 851 1762 914 et
1796 845 1876 916 novi
1910 840 2003 935 lacti,

628 957 672 1028 ad
706 959 875 1032 saeculum
909 981 1036 1032 novum
1068 961 1250 1048 mittamur,
1289 980 1365 1028 cnm
1396 957 1568 1030 animabus
1610 956 1825 1030 rationalibus
1864 968 1899 1030 et
1939 981 2004 1034 sa-

626 1073 805 1171 pientibus,
831 1075 993 1170 simulque
1018 1097 1093 1146 cum
1119 1073 1303 1171 praeclaris
1337 1072 1544 1168 lampadibus
1570 1073 1666 1165 fidei,
1702 1073 1793 1166 dIgui
1824 1075 2004 1147 efficiamur

628 1213 744 1264 omnes
770 1195 805 1263 in
830 1189 954 1289 templo
981 1201 1037 1263 tuo
1066 1190 1195 1262 dicere:
1223 1189 1338 1262 Gloria
1355 1189 1447 1261 Patri
1472 1200 1507 1261 et
1531 1188 1630 1281 Filio,
1657 1200 1691 1262 et
1706 1189 1844 1285 Spiritui
1870 1201 2001 1282 sancto,

626 1327 725 1397 nunc,
753 1318 816 1379 etc.

737 1423 869 1495 Verane.
895 1423 951 1498 Ad
978 1426 1098 1496 ostium
1125 1432 1214 1494 tuum
1239 1422 1383 1494 Domine
1416 1421 1535 1518 pulso:
1573 1422 1618 1494 ad
1652 1425 1773 1496 ostium
1808 1419 1897 1516 quod
1922 1419 2003 1518 pul-

627 1560 704 1626 sare
732 1539 842 1628 debet,
869 1543 1066 1634 quicumque
1093 1538 1136 1611 ad
1161 1537 1239 1610 illud
1266 1539 1350 1628 adit,
1377 1538 1496 1630 Pater,
1523 1538 1606 1630 Fui,
1635 1549 1668 1611 et
1702 1538 1845 1636 Spiritus
1872 1547 1999 1610 sancte.

1129 1706 1306 1777 laccorum
1332 1705 1498 1778 adoletur.

730 1844 782 1917 Sit
807 1845 950 1917 Domine
976 1864 1052 1914 vox
1078 1845 1247 1915 ministerii
1273 1846 1378 1916 nostri
1404 1846 1575 1917 incensum
1592 1845 1736 1936 (coram
1763 1845 1825 1936 te).
1872 1843 1997 1916 Suavis

627 1961 685 2034 tibi
711 1963 754 2034 sit
779 1959 923 2032 Domine
950 1957 1036 2030 odor
1062 1961 1247 2031 orationum
1262 1969 1483 2050 ‚nostrarum‚
1520 1965 1609 2032 omrri
1635 1971 1804 2058 tempore:
1832 1967 1866 2032 et
1891 1959 1999 2034 murus

501 2065 505 2074 ⁴
626 2080 755 2150 incensi
781 2077 904 2166 nostri,
937 2077 980 2148 sit
1006 2074 1048 2147 ad
1081 2073 1304 2171 placationem
1340 2084 1444 2166 tuam:
1480 2086 1514 2148 et
1538 2075 1677 2173 placare
1712 2087 1888 2150 creaturae
1920 2086 1998 2149 tuae

625 2203 764 2291 propter
789 2191 1051 2264 misericordiam
1077 2201 1175 2263 tuam.
1202 2191 1265 2280 sit,
1292 2201 1354 2264 etc.

730 2310 839 2380 Flete.
867 2305 999 2381 christe
1026 2309 1081 2402 qui
1108 2310 1285 2404 suscepisti
1311 2307 1504 2380 sacrificium
1531 2305 1779 2383 Melchisedech
1802 2309 1998 2385 Sacerdotis

625 2427 714 2523 puri:
741 2426 875 2521 suscipe
900 2424 1042 2497 Domine
1067 2425 1252 2497 orationem
1289 2428 1381 2497 servi
1408 2427 1470 2512 tui,
1506 2435 1540 2496 et
1573 2427 1733 2521 propitius
1768 2435 1841 2499 esto
1870 2426 1997 2502 delictis

625 2545 743 2636 gregis
771 2543 826 2612 tui.

730 2655 877 2748 Perficil
903 2656 1053 2748 effictum
1079 2654 1255 2749 (primum)
1283 2661 1318 2726 et
1344 2656 1429 2726 dicit
1455 2660 1646 2728 orationem
1670 2658 1827 2729 nltimam.

730 2771 902 2845 Sacrilicia
927 2770 1033 2843 laudis
1060 2774 1094 2842 iu
1121 2770 1322 2843 sacerdotali
1348 2775 1532 2845 ministerio
1560 2773 1681 2845 offerre
1713 2773 1772 2846 tlbi
1803 2775 1895 2868 digni
1921 2777 1996 2850 effi-

626 2893 751 2963 ciamur
776 2888 931 2976 Domine,
958 2890 992 2957 in
1019 2886 1158 2959 odorem
1185 2889 1368 2960 suavitatis.
1397 2886 1627 2981 Cogitationes
1653 2901 1799 2978 nostrae,
1827 2889 1935 2963 verba
1963 2901 1997 2963 et

627 3028 751 3102 opera,
784 3008 849 3077 sint
879 3002 1072 3076 holocausta
1106 3001 1233 3098 absque
1264 3003 1412 3076 macula:
1446 3015 1486 3076 ut
1519 3005 1690 3102 placentes
1725 3005 1885 3080 divinitati
1920 3017 1997 3079 tuae

627 3143 846 3218 appareamus
873 3142 988 3192 coram
1014 3131 1069 3209 te,
1095 3117 1246 3192 omnibus
1273 3117 1507 3194 diebusvitae
1538 3133 1694 3214 nostrae⁷
1720 3122 1837 3212 Pater,
1872 3122 1936 3196 Fili
1964 3134 1997 3196 et

627 3236 769 3332 Spiritus
796 3248 923 3327 sancte,
949 3236 1092 3308 Domine
1118 3245 1243 3309 noster.
1545 3209 1559 3238 ⁸

943 3442 1072 3537 Incipit
1099 3443 1255 3537 Officium
1279 3443 1460 3515 necandum
1487 3443 1678 3516 oblationis.

1137 3578 1297 3650 Primum.
1351 3581 1482 3652 Oratio.

728 3718 870 3789 Praesta
896 3712 1014 3803 nobis,
1041 3716 1185 3788 Domine
1209 3715 1325 3808 Deus,
1356 3726 1392 3788 ut
1427 3716 1584 3789 cordibus
1618 3719 1743 3790 nostris
1779 3722 1926 3814 aspersis
1962 3731 1996 3794 et

624 3831 754 3905 mundis
781 3829 823 3901 ab
850 3834 939 3903 omni
967 3835 1170 3904 conscientia
1196 3831 1297 3922 mala,
1324 3832 1416 3925 digni
1442 3834 1619 3906 efficiamur
1641 3833 1823 3906 ascendere
1851 3835 1893 3908 ad
1909 3860 1995 3910 sun-

625 3958 713 4021 ctum
739 3957 930 4020 sanctorum
956 3957 1044 4018 tuum
1072 3939 1210 4019 sublime
1238 3957 1272 4019 et
1298 3948 1488 4039 excelsum,
1522 3959 1681 4045 casteque
1708 3960 1742 4022 et
1776 3962 1892 4023 sancte
1919 3962 1994 4025 ste-

624 4083 697 4134 mus
724 4084 838 4134 coram
865 4062 959 4134 altari
985 4072 1042 4135 tuo
1070 4073 1199 4150 sancto,
1226 4073 1260 4134 et
1287 4065 1477 4138 sacerdotio
1504 4065 1701 4159 longeriae,
1733 4066 1909 4140 oderamus
1936 4071 1995 4144 tibi

625 4177 789 4252 sacrificia
814 4177 1039 4273 rationabilia,
1075 4189 1110 4252 et
1144 4179 1347 4277 spiritualia,
1379 4203 1453 4253 cum
1485 4181 1550 4254 lide
1580 4204 1681 4270 vera,
1713 4184 1831 4270 Pater,
1867 4183 1931 4256 Fili
1960 4197 1995 4258 et

624 4294 766 4390 Spiritus
794 4304 919 4367 sancte.

727 4411 912 4504 Deponcns
937 4419 1049 4485 aester
1074 4414 1273 4484 ordinarias
1297 4437 1379 4488 suos
1403 4413 1496 4486 dicit.

726 4543 819 4617 Erue
845 4569 911 4636 me,
938 4546 1081 4620 Domine
1107 4549 1200 4620 Deus
1227 4557 1354 4640 noster,
1381 4551 1587 4624 vestimentis
1615 4549 1757 4623 sordidis
1791 4549 1909 4646 quibus
1935 4552 1994 4622 iu-

624 4661 693 4734 duit
723 4684 779 4733 me
814 4661 935 4751 Satan,
968 4686 1032 4758 per
1066 4662 1318 4738 dissolutionem
1352 4687 1490 4763 operum
1523 4665 1696 4756 melorum,
1732 4677 1766 4738 et
1804 4666 1903 4739 indue
1939 4689 1993 4738 me

622 4779 828 4850 vestimentis
855 4778 981 4866 electis,
1009 4802 1096 4875 quae
1121 4785 1325 4855 conveniant
1348 4785 1532 4857 ministerio
1557 4781 1694 4856 honoris
1720 4785 1776 4872 tui,
1804 4793 1838 4856 et
1863 4781 1993 4877 gloriae

623 4896 765 4967 nominis
793 4895 839 4965 tui
865 4898 982 4987 sancti,
1007 4895 1159 4970 Domine.

730 5009 873 5080 Calceos
899 5013 1039 5105 accipit,
1066 5019 1101 5085 et
1120 5018 1234 5108 primo
1260 5017 1431 5088 stammam
1457 5014 1590 5088 diceas:
