4804 6026
628 541 726 618 h,
1007 534 1183 612 ottho
1238 532 1612 613 conuurts

626 728 791 799 cntionem
816 725 999 821 patiuntur:
1034 742 1097 818 pro
1129 719 1264 795 infirmis
1291 731 1325 792 et
1356 713 1549 817 oppressis3
1583 744 1645 818 pro
1680 726 1720 797 iis
1754 723 1905 798 omnihus
1940 728 1995 820 qui

626 841 781 934 dixerunt
806 849 840 911 et
864 847 1106 936 praecepenmt
1130 836 1248 926 nohis,
1281 847 1317 908 ut
1341 839 1376 908 in
1400 841 1524 910 uoshis
1551 837 1594 909 ad
1625 850 1659 912 te
1687 839 1852 915 Christum
1885 841 1994 915 Deum

541 991 544 998 ·
625 968 776 1032 nostmm
801 955 973 1053 precihus,
1000 976 1115 1028 eorum
1140 955 1422 1042 meminissemus3
1454 975 1516 1050 pro
1549 958 1639 1029 vivis
1674 965 1709 1027 et
1742 958 1896 1030 mortuis:
1931 977 1993 1053 pro
2041 1034 2046 1042 ,

627 1076 807 1144 animarum
843 1073 995 1167 ipsomm
1028 1072 1137 1165 quiete
1169 1068 1370 1143 incoelesti
1403 1067 1606 1142 Jerusalem:
1639 1093 1702 1166 per
1735 1072 1993 1147 intercessiones

625 1188 734 1259 Patris
761 1190 866 1260 nostri
891 1185 1029 1274 Adurni,
1056 1193 1090 1257 et
1115 1183 1212 1256 Evae
1238 1186 1352 1258 matris
1378 1195 1532 1274 nostrae;
1558 1208 1619 1281 per
1635 1185 1888 1282 deprecationes
1907 1211 1992 1262 sau-

626 1313 700 1374 ctae
726 1304 895 1395 genitricis
921 1303 986 1373 Dei
1011 1299 1156 1372 Mariae:
1182 1322 1245 1397 per
1271 1303 1440 1375 orationes
1455 1299 1713 1398 Prophetarum,
1738 1302 1991 1400 Apostolorum,

625 1419 827 1515 Martyrum,
855 1414 1095 1490 confessorum
1121 1427 1156 1488 et
1182 1416 1318 1488 Petrum
1336 1425 1546 1508 nostrorum,
1572 1418 1754 1490 Doctorum
1774 1416 1992 1492 orthodoxae

625 1532 719 1606 fidei:
755 1555 816 1628 per
854 1554 975 1629 preces
1008 1535 1175 1624 virginum
1206 1534 1375 1627 utriusque
1409 1553 1533 1623 sexus,
1566 1541 1600 1604 et
1633 1535 1776 1606 omnium
1802 1545 1992 1608 sanctorum

627 1661 726 1745 atque
748 1651 933 1741 justorum,
960 1657 994 1720 et
1018 1646 1203 1722 referemus
1230 1647 1288 1720 tihi
1313 1647 1472 1736 Domine,
1499 1648 1662 1741 gloriam,
1687 1649 1818 1722 laudem
1844 1658 1879 1723 et
1903 1650 1991 1722 ado-

625 1769 807 1856 rationem,
834 1773 868 1836 et
892 1765 984 1838 Patri
1009 1774 1065 1836 tuo
1093 1772 1128 1836 et
1153 1761 1288 1860 Spiritui
1315 1773 1372 1836 tuo
1398 1767 1480 1838 vivo
1497 1773 1542 1841 ,et
1567 1774 1683 1837 sancto
1697 1787 1784 1838 nunc
1798 1775 1833 1838 et
1847 1788 1991 1863 semper.

729 1881 794 1954 Mis
820 1903 889 1975 pro
925 1885 1076 1974 tempora
1107 1879 1163 1951 ccl
1193 1873 1397 1951 Sacerdotis
1427 1879 1576 1951 arbitrio
1611 1880 1837 1974 athaapaatar
1870 1885 1992 1954 cariae

628 1998 774 2089 ejusdem
793 1999 930 2090 pencris
953 1996 1149 2084 Orationes,
1171 1997 1218 2066 ad
1236 1994 1436 2087 Deiparam,
1457 1995 1653 2084 Prooemia,
1673 1993 1819 2085 Scatrae,
1839 2001 1993 2068 carossa

627 2113 888 2207 Mphracrnr'tica
901 2110 1175 2200 oelJacohits'ca,
1203 2111 1584 2204 Oratioacsprooaris's
1601 2111 1869 2202 aecesmtats'hus,
1896 2135 1992 2184 cora-

626 2230 858 2300 mendats'oaas
882 2231 1034 2298 cicorum
1061 2233 1096 2301 ct
1119 2232 1334 2298 mortuoram.
1386 2226 1562 2299 Sacerdos
1593 2226 1736 2298 inclinat
1766 2218 1804 2299 sc
1837 2230 1994 2301 osculans

628 2346 741 2416 altare
767 2345 982 2416 dextrorsum
1007 2348 1042 2414 et
1066 2345 1313 2432 sinistrorsum,
1339 2365 1419 2414 moa
1439 2342 1669 2436 Presbyteria
1688 2345 1885 2414 incircuitu
1911 2349 1993 2436 ejas

628 2468 663 2533 ct
685 2460 813 2556 populo
840 2463 898 2554 qai
919 2481 1013 2553 pone
1039 2459 1130 2529 illam
1155 2465 1215 2529 est.

733 2577 835 2648 Orate
862 2596 923 2671 pro
950 2597 1004 2646 me
1030 2582 1167 2670 propter
1192 2573 1378 2646 Dominum.
1431 2572 1547 2648 Gloria
1573 2575 1664 2647 Patri
1689 2587 1723 2647 et
1747 2575 1832 2648 Filio
1859 2584 1892 2648 ct
1908 2573 1992 2671 Spi-

627 2695 703 2764 ritui
738 2699 875 2782 sancto,
909 2698 976 2761 tarn
1007 2691 1099 2762 initio
1133 2698 1276 2781 nostro,
1309 2713 1406 2785 quam
1438 2694 1471 2761 in
1505 2689 1580 2762 fine.
1640 2691 1750 2787 Super
1784 2714 1846 2764 nos
1884 2701 1993 2763 autem

626 2815 841 2904 peccatores,
867 2803 1115 2878 misericordiae
1140 2815 1174 2876 et
1200 2808 1369 2878 miseratio
1396 2804 1600 2879 effundantur
1627 2809 1661 2878 in
1687 2817 1827 2904 utroque
1855 2806 1992 2880 saeculo

627 2945 735 3017 nunc,
762 2932 826 2994 etc.

730 3041 917 3112 Diacoam.
968 3040 1036 3111 Pro
1061 3060 1147 3134 pace
1173 3048 1207 3109 et
1232 3037 1481 3134 tranquillitate:
1508 3047 1683 3134 utsupra.

731 3153 915 3227 Sacerdos.
967 3155 1105 3228 Praesta
1131 3155 1273 3226 Domine
1304 3157 1396 3230 Deus
1429 3159 1621 3229 misericors
1654 3166 1688 3228 et
1722 3165 1850 3228 amator
1880 3153 1993 3228 homi-

628 3293 721 3361 num,
748 3280 784 3344 ut
809 3294 883 3343 cum
909 3273 1063 3361 scientia,
1096 3272 1231 3360 timore,
1266 3279 1299 3343 et
1332 3269 1501 3368 disciplina
1527 3271 1711 3369 spirituali,
1745 3292 1843 3365 pure,
1879 3291 1993 3343 coram

628 3395 663 3460 te
690 3391 929 3477 consistamus,
956 3396 1071 3458 sancte
1097 3383 1156 3457 tihi
1181 3389 1425 3460 ministremus:
1459 3397 1559 3483 teque
1585 3386 1774 3477 laudemus,
1807 3397 1844 3460 ut
1867 3386 1993 3459 Domi-

628 3524 707 3576 num
733 3513 767 3576 et
793 3506 936 3576 omnium
961 3503 1129 3599 opificem:
1157 3507 1210 3576 cui
1237 3503 1387 3576 adoratio
1414 3513 1448 3575 et
1472 3501 1579 3576 honor
1605 3503 1766 3578 debentur
1798 3503 1840 3577 ah
1879 3508 1992 3577 omni-

627 3618 714 3709 hus3
740 3620 882 3690 Domine
906 3616 1000 3690 Deus
1026 3630 1139 3693 noster
1164 3617 1223 3690 tihi
1248 3619 1355 3712 gloria
1381 3621 1414 3690 in
1443 3618 1594 3709 saecula,
1620 3620 1739 3692 Amen.

733 3737 782 3806 Et
807 3741 861 3806 tar
887 3737 1041 3806 incessat
1065 3739 1227 3828 mysteria
1253 3740 1289 3808 is
1315 3738 1428 3806 mucis
1450 3740 1613 3829 ferream,
1640 3742 1675 3807 et
1700 3740 1736 3807 ia
1755 3733 1879 3807 orbem.
1907 3715 2000 3808 Mac·

628 3852 755 3924 dicitur
781 3852 825 3922 ah
856 3849 1015 3921 amathas.

734 3967 898 4040 Miserere
920 3968 985 4040 mei
1005 3965 1098 4038 Deus
1117 3965 1295 4044 secuudum
1312 3988 1467 4059 maguam
1488 3964 1748 4040 misericordiam
1764 3976 1863 4038 tuam.
1890 3988 1994 4061 usquc

630 4085 676 4155 ad
700 4087 800 4177 finem
825 4083 963 4154 Psalmi.
1891 4149 1894 4158 ,

733 4199 918 4272 Sacerdos.
953 4199 1117 4272 Miserere
1143 4200 1208 4273 mei
1233 4199 1376 4272 Domine
1402 4198 1582 4272 secundum
1607 4198 1866 4271 misericordiam
1893 4209 1993 4291 mam,

631 4327 666 4389 et
690 4317 818 4388 remitte
843 4325 983 4411 peccata
1008 4325 1123 4388 nostra
1149 4339 1210 4413 per
1236 4315 1442 4388 clementium
1467 4323 1566 4386 tuam
1618 4313 1716 4386 Lava
1746 4317 1933 4408 iniquitates
1960 4325 1994 4388 et

630 4434 792 4527 nequitias
818 4441 968 4522 nostras,
994 4431 1195 4505 mutitudtne
1221 4434 1441 4505 miserationis
1468 4439 1555 4503 tuae.
1585 4429 1654 4502 Cor
1679 4429 1833 4502 mundum
1859 4454 1938 4504 crea
1956 4435 1993 4516 in

630 4545 748 4640 nohis,
775 4549 987 4643 spiritumque
1011 4547 1214 4622 rectitudinis
1241 4559 1273 4620 ct
1298 4547 1506 4635 hmnilitatis,
1541 4555 1574 4618 ct
1600 4545 1782 4620 sanctificet
1808 4551 1992 4638 cogitatio-

630 4686 691 4737 nes
716 4673 860 4738 uostras.
885 4661 1003 4736 Purius
1031 4673 1084 4736 est
1109 4667 1195 4738 enim
1222 4668 1348 4757 magis,
1376 4687 1474 4759 quam
1499 4660 1693 4736 holocausta
1719 4661 1858 4758 pacifica
1884 4671 1918 4733 et
1934 4661 1992 4732 le-

630 4779 721 4870 galia
747 4779 919 4851 sacrificia.
948 4780 1044 4852 Doce
1069 4782 1198 4876 iniquos
1224 4781 1314 4852 viam
1340 4788 1429 4851 tuem
1454 4789 1489 4852 et
1513 4788 1663 4853 amantes
1690 4778 1732 4850 ad
1757 4789 1791 4850 te
1817 4787 2012 4876 converte,

631 4903 668 4966 ut
700 4894 832 4987 linguae
867 4917 982 4970 eorum
1014 4898 1171 4987 justitiam
1207 4903 1295 4966 tuam
1332 4892 1520 4985 celehrent,
1561 4906 1595 4969 et
1626 4893 1889 4970 miserationibus
1928 4896 1991 4971 tuis

633 5013 777 5086 aeternis
804 5011 893 5106 digni
920 5011 1116 5105 efficiantm,
1142 5010 1258 5100 Pater,
1284 5009 1366 5101 Fili,
1394 5019 1457 5094 etc.
