4782 6068
714 578 791 654 624
1220 575 1579 655 LITURGIA

710 769 808 842 donis
833 765 1026 856 illuminato,
1052 775 1087 836 et
1113 767 1316 857 cogitatione
1341 775 1484 861 purgata
1510 764 1731 838 obedientiae.
1764 765 1978 860 Aspiciamus
2005 769 2083 841 sin-

712 884 872 975 gulariter
899 891 931 954 et
957 881 1130 953 videamus
1156 879 1274 952 Filium
1300 883 1502 972 unigenitum
1521 882 1641 971 Patris,
1668 881 1800 954 ductum
1820 880 1862 952 ad
1889 885 2082 976 passionem

713 1021 869 1092 magnam
896 1001 1016 1070 crucis.

816 1117 857 1186 In
884 1113 1093 1207 Epiphania.
1147 1113 1211 1199 Qui
1238 1111 1371 1184 inclinat
1397 1123 1495 1208 caput
1522 1135 1615 1186 suum
1641 1114 1840 1211 baptismati.

816 1232 1003 1302 Diaconos.
1058 1229 1199 1303 Oramus
1225 1251 1344 1324 pacem
1370 1228 1553 1302 nobiscum.

817 1347 864 1417 Et
890 1347 975 1417 dicit
999 1346 1176 1418 Sacerdos
1200 1345 1290 1416 bnnc
1318 1349 1516 1418 oraticnem.
1566 1346 1594 1419 0
1621 1347 1763 1420 Domine
1790 1355 1824 1417 et
1848 1345 1942 1417 Dens
1968 1357 2086 1418 noster

713 1473 837 1536 coerce
864 1466 1085 1556 cogitationes
1112 1484 1218 1552 meas,
1245 1485 1289 1534 ne
1316 1471 1502 1554 evagentur
1535 1465 1568 1534 in
1594 1462 1797 1536 vanitatibus
1822 1459 1918 1554 hujus
1946 1464 2084 1536 saeculi.

870 1737 1046 1810 Sacerdos
1071 1738 1156 1808 dicit
1184 1737 1380 1809 Orationem
1405 1737 1495 1808 banc
1522 1738 1755 1810 inclinationis
1780 1743 1926 1808 secreto.

818 1927 891 2001 Nos
925 1951 1057 2024 quoque
1090 1930 1232 2001 Domine
1271 1930 1364 2001 Deus
1398 1927 1500 1999 Pater
1532 1925 1647 2017 fortis,
1688 1948 1984 2001 commemoramus
2019 1928 2086 2003 hoc

712 2053 946 2142 praeceptum,
983 2055 1017 2116 et
1048 2043 1184 2117 salutem
1216 2067 1303 2139 quae
1335 2046 1441 2116 nostri
1473 2065 1576 2116 causa
1609 2044 1699 2117 iacta
1734 2053 1795 2117 est.
1847 2043 1938 2114 Ante
1973 2049 2084 2118 omnia

714 2161 892 2249 credimus,
919 2171 953 2232 et
979 2160 1172 2233 confitemur
1198 2171 1231 2232 te
1257 2160 1350 2232 Dens
1377 2160 1477 2232 Pater
1503 2182 1596 2249 vere,
1625 2171 1659 2232 et
1683 2157 1802 2232 Filium
1828 2169 2000 2254 aeternum
2028 2161 2085 2232 di-

552 2335 555 2350 ,
635 2350 636 2356 ,
713 2281 859 2352 vinitatis
886 2279 1106 2370 unigenitum,
1140 2281 1195 2371 qui
1230 2299 1276 2348 ex
1309 2287 1341 2348 te
1376 2285 1448 2365 est,
1482 2298 1545 2371 per
1575 2275 1949 2349 consubstantialitatem
1977 2287 2085 2348 tecum

715 2397 931 2486 conjunctim:
960 2392 1241 2488 dispensationem
1266 2397 1340 2486 ejus
1367 2391 1615 2482 admirabilem,
1646 2415 1731 2488 quae
1765 2416 1828 2489 per
1853 2391 2086 2468 humanitatem

712 2520 863 2583 nostram
889 2508 1016 2596 ellectu,
1044 2519 1078 2580 et
1102 2520 1241 2606 propter
1267 2510 1405 2582 salntem
1431 2520 1579 2581 nostram
1607 2509 1832 2581 administrata
1858 2517 1923 2580 est:
1951 2531 2087 2582 crucem

715 2635 750 2698 et
774 2628 980 2722 passionem,
1008 2635 1159 2716 mortem,
1185 2626 1400 2721 sepulturam,
1426 2629 1706 2697 resurrectionem
1734 2628 1831 2697 tertia
1858 2624 1929 2708 die,
1958 2649 2086 2700 ascen-

716 2747 844 2817 sionem
871 2745 905 2812 in
932 2740 1072 2830 coelum,
1105 2746 1292 2815 sessionem
1326 2743 1368 2816 ad
1400 2744 1595 2834 dexteram,
1631 2755 1664 2817 et
1697 2745 1876 2817 seeundum
1909 2744 2088 2815 adventum

696 2858 759 2932 ad
785 2881 849 2931 nos
877 2857 1061 2950 gloriosum
1087 2859 1221 2931 Domini
1248 2865 1353 2932 nostri
1379 2861 1461 2933 lesu
1489 2860 1621 2950 Christi,
1649 2864 1683 2932 in
1710 2884 1775 2955 quo
1799 2859 2007 2953 judicaturus
2035 2869 2087 2932 est

713 2978 815 3047 vivos
843 2985 877 3047 et
902 2983 1066 3063 mortuos,
1094 2985 1128 3046 et
1153 2975 1339 3049 redditurus
1358 2981 1533 3073 unicuique
1549 2977 1729 3052 secundnm
1756 2999 1861 3074 opera
1882 3000 1953 3049 sau.
1987 2975 2088 3048 Con-

714 3091 845 3164 fitomur
871 3094 969 3162 etiarn
996 3090 1154 3185 Spiritum
1181 3102 1341 3180 sunctum,
1369 3097 1424 3189 qui
1452 3104 1504 3165 est
1530 3094 1572 3166 de
1599 3094 1782 3168 substantia
1815 3092 1966 3185 gloriosa
1993 3091 2087 3164 divi-
2174 3165 2177 3178 ,

713 3211 825 3281 nitatis
857 3218 948 3280 tuae:
985 3211 1040 3303 qni
1074 3218 1182 3280 tecum
1216 3219 1250 3281 et
1275 3231 1350 3281 cum
1376 3213 1545 3303 unigenito
1572 3221 1641 3302 tuo,
1667 3209 1826 3282 adoratur
1852 3217 1887 3281 et
1912 3207 2087 3300 glorifica-

715 3335 784 3398 tur:
818 3334 852 3396 et
887 3322 1054 3396 oderimus
1086 3323 1144 3396 tibi
1180 3324 1375 3398 sacrificium
1411 3327 1475 3399 hoc
1507 3330 1642 3416 vivum,
1677 3335 1843 3416 sanctum,
1869 3323 2088 3420 acceptabile,

715 3441 943 3537 praeclarum,
978 3451 1013 3512 et
1044 3445 1269 3531 incruentum,
1301 3464 1364 3537 pro
1400 3442 1552 3515 omnibus
1579 3443 1757 3516 creaturis:
1784 3454 1817 3515 et
1842 3464 1904 3537 pro
1931 3440 2088 3513 Ecclesia

716 3569 842 3645 sancta,
869 3558 1068 3654 Apostolica
1095 3568 1129 3629 et
1163 3558 1351 3648 catholica,
1386 3581 1472 3654 quae
1504 3570 1558 3631 est
1589 3581 1609 3629 a
1636 3557 1755 3630 finibus
1788 3579 1896 3655 usque
1929 3556 1972 3628 ad
2003 3555 2088 3629 fiaes

714 3685 845 3764 terrae,
878 3684 914 3744 ut
946 3695 1132 3748 conserves
1167 3698 1241 3747 eam
1273 3674 1560 3772 imperturbatam,
1599 3683 1634 3746 et
1663 3674 1814 3747 illaesam
1854 3671 1896 3744 ab
1934 3670 2086 3745 omnibus

716 3791 901 3879 scandalis,
933 3801 967 3862 et
998 3813 1066 3863 non
1102 3794 1144 3862 sit
1170 3795 1204 3862 in
1230 3816 1271 3866 ea
1297 3791 1447 3879 macula,
1478 3813 1588 3886 neque
1620 3789 1736 3881 labes,
1763 3812 1873 3885 aeque
1899 3811 2002 3882 ruga,
2029 3799 2087 3860 aut

717 3908 891 4006 quidquam
919 3909 1034 3980 simile.
1088 3907 1139 3980 'lu
1166 3910 1251 3979 enim
1280 3907 1391 3980 dixisti
1423 3930 1485 4003 per
1511 3907 1627 3980 Filium
1654 3918 1744 3979 tuum
1776 3907 1980 3997 unigenitum
2006 3906 2086 3978 Do-

715 4026 839 4096 minum
864 4033 1014 4097 nostrum
1040 4024 1154 4096 lesum
1183 4023 1366 4113 Christum,
1395 4023 1482 4119 quod
1509 4033 1627 4097 vectes
1659 4023 1778 4096 interni
1804 4043 1872 4093 non
1899 4021 2086 4116 praevale-

716 4139 797 4214 bunt
829 4141 991 4214 adversus
1027 4163 1111 4212 earn.
1163 4138 1207 4211 Et
1237 4164 1299 4236 pro
1336 4140 1487 4214 omnibus
1523 4139 1702 4236 Episcopis
1742 4142 1776 4210 in
1821 4140 1910 4210 omni
1942 4137 2019 4210 loco
2053 4147 2087 4209 et

716 4259 867 4349 regione,
895 4261 949 4352 qni
975 4257 1169 4352 praedicant
1194 4267 1319 4328 rectum
1347 4255 1488 4330 verbum
1513 4256 1590 4328 fidei
1616 4278 1731 4329 verae.
1775 4253 1820 4326 ln
1845 4273 1907 4349 pro
1935 4252 2086 4328 omnibus

716 4372 966 4462 Sacerdotibus,
995 4377 1049 4468 qui
1076 4373 1267 4447 sacerdotio
1293 4373 1473 4466 funguntur
1500 4395 1612 4445 coram
1639 4383 1693 4461 te,
1725 4375 1759 4443 in
1782 4373 1908 4463 justitia
1941 4377 1975 4440 et
2001 4391 2087 4440 san-

713 4493 826 4562 ctitate
852 4494 1012 4562 veritatis.
1066 4490 1111 4562 Et
1142 4513 1205 4587 pro
1240 4489 1391 4563 omnibns
1424 4490 1585 4564 Diaconis
1621 4491 1677 4584 qui
1713 4495 1917 4560 conservant
1950 4495 2086 4582 myste-

712 4608 796 4678 rium
822 4605 899 4679 fidei
926 4617 1004 4679 tuae
1029 4609 1062 4677 in
1090 4609 1294 4681 conscientia
1330 4628 1421 4701 pura.
1473 4604 1518 4677 Et
1547 4627 1610 4702 pro
1645 4607 1735 4677 omni
1769 4613 1856 4676 statu
1891 4600 2006 4697 populi
2039 4604 2086 4673 tui

713 4726 758 4820 pii
785 4733 819 4796 et
845 4726 949 4797 sancti
976 4726 1010 4795 in
1038 4747 1245 4819 quocumque
1271 4722 1358 4796 loco.
1411 4721 1455 4794 'tlt
1481 4743 1543 4819 pro
1576 4721 1728 4794 omnibus
1761 4723 1817 4815 qui
1849 4722 1993 4791 scienter
2028 4717 2086 4791 vel

714 4845 909 4933 ignoranter
934 4850 1159 4936 peccaverunt
1185 4848 1220 4912 et
1245 4839 1451 4914 offenderunt
1477 4859 1590 4913 coram
1617 4848 1660 4910 te.
1713 4835 1757 4908 Et
1790 4858 1853 4932 pro
1887 4855 1989 4907 servo
2027 4845 2084 4906 tuo

717 4965 899 5053 peccatore
926 4966 960 5029 et
986 4960 1155 5029 criminum
1183 4979 1264 5046 reo,
1292 4979 1388 5052 quem
1415 4978 1477 5053 per
1510 4959 1651 5048 gratiam
1684 4964 1772 5025 tuam
1809 4951 1941 5044 dignum
1975 4950 2087 5024 fecisti

719 5071 878 5146 offerendi
906 5096 1017 5148 coram
1045 5084 1079 5147 te
1105 5073 1190 5145 banc
1222 5075 1431 5148 oblationem.
1483 5070 1528 5143 Et
1560 5095 1622 5169 pro
1656 5068 1806 5143 omnibus
1841 5071 1895 5166 qui
1927 5063 2087 5140 laudabi-
