4728 6028
646 489 721 565 140
1149 487 1505 565 LITURGIA

645 677 733 751 oculi
759 681 864 749 nostri
890 675 933 748 ad
958 687 1004 766 te,
1030 677 1192 763 Domine,
1227 674 1336 747 donec
1361 678 1553 748 miserearis
1578 679 1695 748 nostri.
1748 675 1912 749 Miserere
1937 700 2009 751 no-

644 797 717 884 stri,
743 793 895 866 Domine.
948 792 1113 864 Miserere
1144 794 1210 862 mei
1245 802 1280 863 at
1309 791 1416 864 libera
1449 814 1503 864 me
1536 792 1579 865 ab
1613 792 1746 865 bomine
1776 791 1876 864 malo.
1928 793 2010 866 lle·

643 921 755 983 mento
782 914 847 983 mei
872 914 906 982 iu
931 931 1039 1002 regno
1064 922 1135 998 tuo,
1161 931 1236 980 cum
1262 908 1435 996 advenies,
1463 908 1507 980 fili
1533 909 1608 980 Dei.

747 1028 897 1099 blesens
926 1049 1051 1098 vocem.
1102 1026 1259 1098 Sanctum
1287 1029 1431 1114 sanctis,
1457 1025 1725 1121 inperfectione
1751 1035 1786 1098 et
1810 1029 1954 1122 puritate
1979 1035 2014 1098 et

644 1146 818 1218 sanctitate
845 1142 963 1226 datur„
1007 1143 1055 1214 Et
1081 1142 1206 1212 armat.
1259 1140 1352 1213 Unus
1377 1142 1481 1215 Pater
1506 1151 1658 1214 sanctas:
1685 1164 1768 1214 unus
1795 1142 1898 1214 Filius
1924 1163 2011 1214 san-
2067 1152 2081 1162 ”

645 1270 733 1332 ctus:
760 1281 843 1330 uuus
864 1259 1005 1352 Spiritus
1032 1265 1176 1331 sanctus.
1230 1255 1345 1330 Gloria
1371 1258 1460 1330 Patri
1487 1267 1522 1330 et
1546 1257 1646 1348 Filio,
1672 1268 1706 1329 et
1721 1259 1858 1354 Spiritui
1884 1269 2011 1330 sancto.

748 1375 924 1447 Sacerdos
950 1375 1087 1446 eleuare
1120 1373 1262 1444 calicem
1286 1374 1380 1444 dicit.
1433 1374 1463 1447 0
1489 1376 1632 1448 Domine
1663 1377 1697 1447 in
1727 1377 1870 1446 veritae
1895 1374 2011 1447 credi-

644 1514 717 1564 mus
753 1502 786 1562 et
816 1490 1000 1580 credimus,
1033 1494 1119 1562 sicut
1152 1489 1258 1561 credit
1282 1493 1317 1561 in
1342 1499 1375 1563 te
1401 1490 1555 1564 Ecclesia
1581 1502 1718 1580 sancta,
1745 1491 1833 1585 quod
1859 1494 1901 1566 sit
1925 1513 2011 1562 unus

643 1610 744 1682 Pater
769 1619 922 1680 sanctus:
956 1629 1041 1680 unus
1073 1605 1176 1680 Filius
1209 1616 1362 1680 sanctus:
1396 1629 1481 1680 unus
1517 1608 1659 1704 Spiritus
1697 1618 1842 1679 sanctus.
1895 1605 2010 1679 Gloria

643 1725 735 1797 Patri
762 1734 795 1795 et
810 1723 908 1814 Filio,
935 1732 969 1796 et
994 1723 1131 1819 Spiritui
1155 1734 1284 1812 sancto,
1311 1727 1366 1818 qui
1392 1746 1492 1796 unum
1518 1733 1604 1813 sunt,
1629 1726 1664 1795 iu
1689 1721 1834 1796 saecula.
2055 1713 2061 1732 ⁸

747 1840 900 1933 Populus
926 1842 972 1910 ad
997 1839 1146 1934 eupales
1170 1861 1298 1928 nerea,
1325 1840 1418 1911 dicit.
1471 1841 1539 1936 lpsi
1564 1840 1684 1932 gloria,
1710 1839 1830 1912 Amen.

748 1955 923 2028 Sacerdos
948 1959 1061 2048 sipaot
1087 1977 1190 2026 cruce
1213 1955 1382 2050 populans,
1409 1962 1445 2027 et
1469 1957 1562 2027 dicit.

748 2070 863 2144 Gloria
890 2073 981 2145 Patri
1006 2075 1062 2165 qui
1088 2070 1326 2161 sanctificavit,
1353 2083 1388 2144 et
1413 2070 1499 2144 Filio
1527 2075 1583 2168 qui
1601 2075 1762 2169 propitius
1783 2071 1854 2164 brit,
1875 2081 1909 2143 et
1926 2069 2010 2167 Spi-

644 2191 720 2259 ritui
747 2199 883 2278 sancto,
916 2191 972 2281 qui
998 2186 1133 2282 illapsus
1159 2197 1230 2277 est,
1257 2189 1372 2283 etqui
1399 2198 1452 2260 est
1476 2191 1684 2284 principium,
1711 2189 1950 2261 consummatio
1977 2197 2012 2260 et

645 2304 787 2397 sigillum
814 2306 957 2376 omniurn
983 2324 1069 2398 quae
1095 2313 1171 2376 sunt
1196 2313 1230 2376 et
1254 2303 1388 2375 luerunt
1420 2307 1455 2376 in
1481 2304 1579 2376 coelo
1606 2308 1699 2376 etin
1724 2315 1829 2376 terra:
1862 2307 1917 2398 qui
1943 2302 2010 2374 ad-

643 2421 772 2496 volavit
797 2444 859 2518 per
884 2423 1114 2493 miserationes
1140 2442 1233 2511 suas,
1258 2430 1292 2492 et
1318 2419 1492 2493 demittens
1519 2443 1558 2492 se
1583 2443 1645 2516 per
1671 2421 1879 2493 clementiam
1905 2443 2011 2513 sumu,

644 2542 737 2612 veuit
763 2548 797 2609 et
821 2540 1033 2608 consecravit
1058 2534 1257 2608 oblationem
1287 2547 1448 2628 nostram,
1475 2537 1732 2632 obsignavitque
1751 2535 1951 2626 Ecclesiam,
1977 2547 2012 2610 et

643 2656 730 2729 lilios
758 2657 829 2746 ejus
858 2676 918 2748 per
942 2657 1099 2725 virtutem
1125 2674 1282 2744 magnam
1308 2656 1432 2725 crucis:
1467 2657 1540 2749 ipse
1566 2651 1714 2726 demittat
1740 2653 1913 2725 dexteram
1939 2657 2009 2725 mi-

645 2770 850 2846 sericordiae
877 2791 978 2858 suae,
1011 2791 1113 2865 super
1146 2771 1318 2862 regionem
1354 2773 1450 2842 istam
1484 2781 1518 2841 et
1552 2792 1668 2842 omnes
1700 2769 1905 2842 habitatores
1936 2775 2009 2864 ejus

643 2887 772 2978 lideles,
799 2893 1011 2981 praestetque
1035 2889 1183 2980 requiem
1209 2884 1331 2958 bonam
1354 2885 1517 2959 defunctis
1540 2889 1628 2979 ejus:
1656 2908 1816 2981 spemque
1837 2896 1871 2957 et
1890 2896 2009 2960 custo-

645 3003 730 3077 diam
757 3001 946 3075 viventibus
973 3005 1006 3072 in
1033 3025 1087 3092 ea,
1113 3012 1147 3074 et
1180 3024 1298 3076 omnes
1332 3006 1387 3099 qui
1421 3007 1454 3074 iu
1481 3013 1641 3089 essunt,
1668 3012 1826 3099 protege,
1853 3002 2009 3092 Domine,

645 3119 706 3194 sub
734 3120 793 3191 elis
820 3118 1069 3190 misericordiae
1095 3129 1181 3190 tuae.

747 3235 935 3306 Diaconos.
964 3231 1047 3306 Gum
1074 3237 1168 3307 statis
1196 3233 1419 3324 Sacerdotes,
1445 3245 1508 3307 etc.

747 3351 922 3422 Sacerdos
955 3353 1094 3445 sipaaos
1126 3349 1294 3439 oblatam,
1334 3351 1427 3421 dicit.
1468 3350 1631 3438 Benedic,
1668 3352 1828 3440 Domine,
1864 3347 2009 3422 oblatam

567 3503 574 3514 ·
644 3472 743 3541 istam
769 3472 801 3538 iu
829 3469 1035 3540 sanctuario:
1062 3463 1269 3561 benedicque
1288 3488 1406 3559 agrum
1427 3491 1472 3539 ex
1494 3489 1558 3562 qno
1580 3466 1742 3563 producta
1757 3476 1817 3538 est.
1869 3467 2009 3538 Praesta

645 3587 742 3655 etiam
769 3586 938 3676 requiem,
965 3591 999 3653 et
1025 3603 1127 3676 parce
1153 3581 1215 3655 illis
1222 3633 1232 3669 ‚
1259 3604 1320 3676 pro
1355 3579 1472 3676 quibus
1506 3581 1617 3655 oblata
1652 3593 1686 3654 et
1717 3592 1913 3654 consecrata
1946 3591 2009 3672 est,

644 3698 847 3770 insaecula.

748 3813 922 3886 Sacerdos
944 3816 1077 3906 sraoqit
1104 3811 1267 3900 oblatam,
1295 3819 1330 3884 et
1355 3814 1447 3884 dicit.
1473 3814 1635 3904 Praesta,
1661 3814 1821 3901 Domine,
1857 3814 2007 3888 manibus

644 3936 728 4003 meis
756 3930 906 4016 infirmis,
933 3938 967 3999 ut
994 3928 1153 3999 accedant
1179 3939 1213 4000 et
1237 3928 1395 4022 frangant
1421 3952 1543 4026 corpus
1571 3940 1659 4002 tuum
1687 3942 1847 4022 sanctum,
1875 3943 1908 4003 et
1934 3931 2008 4004 liliis

644 4046 820 4118 Ecclesiae
847 4055 982 4116 sanctae
1009 4043 1153 4116 dividam
1179 4043 1274 4134 illud,
1301 4067 1374 4118 eum
1402 4045 1466 4117 lide
1491 4068 1585 4118 vera.
1637 4047 1837 4120 Benedictus
1864 4071 1901 4122 es
1928 4050 2007 4122 Do-

645 4166 734 4234 mine
766 4162 848 4232 lesu
885 4159 1033 4248 Christe,
1072 4163 1167 4257 panis
1198 4163 1299 4234 vivus
1333 4165 1389 4256 qui
1421 4161 1463 4234 de
1498 4162 1595 4236 coelo
1631 4174 1688 4236 tao
1724 4164 1942 4256 descendisti,
1976 4175 2009 4238 et

645 4279 753 4351 lactus
788 4300 825 4350 es
862 4279 931 4350 vita
967 4277 1220 4372 suscipientibus
1252 4289 1301 4365 te,
1336 4279 1370 4351 in
1404 4279 1549 4352 saecula.
1612 4280 1750 4354 Omnem
1784 4281 1914 4354 fidelem
1953 4286 2008 4376 qui

646 4393 817 4466 nobiscum
845 4395 1110 4483 communicavit,
1137 4394 1329 4490 participem
1357 4393 1445 4466 illum
1462 4395 1527 4485 fac,
1545 4396 1700 4485 Domine,
1725 4400 1822 4490 regni
1847 4403 1894 4498 tqi
1920 4419 2007 4471 coe-

646 4511 740 4582 lestis
767 4514 799 4581 in
826 4509 970 4582 saecula.
1022 4509 1100 4582 Nou
1126 4511 1159 4579 in
1186 4509 1506 4602 condemnationem,
1533 4525 1589 4585 ant
1606 4517 1850 4587 accusationem
1870 4519 1912 4590 sit
1937 4539 2007 4588 no-

645 4625 699 4698 bis
726 4647 848 4721 corpus
875 4635 963 4697 tuum
990 4635 1024 4697 et
1049 4629 1186 4720 sanguis
1213 4636 1288 4702 tuus
1313 4628 1475 4720 Domine,
1500 4632 1535 4702 iu
1561 4630 1614 4703 die
1636 4629 1767 4724 judicii,
1801 4635 1835 4703 iu
1862 4632 2033 4706 saecula

647 4741 790 4813 Domine
817 4741 899 4813 lesu
926 4740 1057 4814 Christo
1083 4742 1126 4816 da
1152 4742 1249 4817 nobis
1276 4744 1505 4817 confidentiam
1530 4767 1645 4818 coram
1671 4757 1715 4837 te,
1742 4746 1872 4841 quando
1898 4770 2007 4820 reve-

646 4855 770 4930 laberis
798 4881 872 4930 cnm
898 4856 1038 4950 ungens
1064 4861 1127 4932 tais
1152 4862 1188 4930 in
1212 4859 1322 4953 gloria
1335 4882 1468 4952 magna,
1495 4862 1690 4936 insaecula.
1728 4862 1808 4936 Vivi
1835 4872 1868 4934 et
1886 4849 2005 4937 mortui
