4784 6040
681 473 898 552 atesis
957 472 1450 568 BARV-GFPHAF.
1675 477 1752 552 395

378 660 562 738 doctrinam
587 659 828 756 Apostolorum
855 671 986 734 tuorum
1013 672 1222 752 sanctorum,
1249 660 1291 734 ab
1309 660 1518 758 Apostolicis
1533 663 1754 761 temporibus,

378 775 421 848 ad
447 775 533 848 banc
558 798 665 870 usque
693 776 789 848 diem.
847 817 851 820 ·

386 961 387 964 ,
480 892 631 964 iteam
661 913 788 963 ccccm.
848 894 1031 966 Doctorum
1064 891 1267 982 electorum,
1303 904 1337 966 et
1381 896 1436 988 qui
1468 897 1629 991 mysteria
1661 908 1755 970 recte

376 1010 583 1104 interpretati
610 1016 703 1095 sunt,
729 1006 907 1082 Ecclesiae
933 1018 1010 1080 tuae
1037 995 1188 1082 sanctae:
1214 1007 1345 1080 illorum
1373 1011 1428 1103 qui
1460 1030 1544 1080 vera
1570 1010 1753 1106 praedica-

376 1132 498 1198 verunt
524 1123 805 1218 dispensationem
831 1127 991 1217 unigeniti
1017 1122 1092 1196 Filii
1118 1127 1184 1212 tui,
1210 1135 1244 1197 et
1270 1127 1326 1219 qui
1351 1125 1427 1196 luce
1454 1125 1646 1217 dogmatum
1664 1149 1752 1201 sno-

376 1260 449 1312 rum
476 1262 497 1310 a
524 1239 649 1334 Spiritu
676 1246 732 1311 tuo
760 1249 876 1312 sancto
901 1242 1079 1336 inspirata,
1106 1238 1356 1314 illustraverunt
1373 1262 1516 1333 gregem
1535 1250 1627 1314 tuum
1640 1243 1752 1316 ratio-

375 1353 503 1441 nalem,
535 1363 657 1425 emtrnn
692 1357 856 1448 sanguine
888 1357 1049 1448 unigeniti
1082 1354 1157 1427 Filii
1189 1359 1245 1428 bri.
1298 1355 1371 1428 Nos
1403 1359 1501 1428 etiam
1530 1360 1586 1451 qui
1618 1359 1751 1430 vanna

376 1481 444 1542 tem
471 1469 641 1542 doctrinae
668 1493 784 1544 eorum
811 1481 984 1559 tenemus,
1011 1482 1045 1544 te
1072 1471 1303 1564 obsecramus,
1330 1482 1365 1545 ut
1392 1471 1597 1546 orationibus
1623 1496 1753 1566 eorum,

376 1607 495 1680 pacem
521 1596 610 1658 tuam
636 1585 813 1660 Ecclesiae
839 1598 917 1659 tuae
943 1587 1131 1675 concedas,
1160 1598 1195 1660 et
1220 1586 1450 1662 schismaticos
1471 1599 1571 1684 atquc
1589 1588 1753 1661 dissidio-

377 1723 449 1773 rum
476 1710 612 1773 autorcs
640 1723 660 1772 o
686 1703 797 1774 medio
829 1704 933 1774 nostri
969 1702 1141 1798 expeDas:
1175 1705 1336 1776 in'rccta
1369 1703 1500 1778 illorum
1536 1703 1753 1776 confossione

376 1811 659 1915 nosconlirmes}
688 1828 788 1911 atque
816 1817 1003 1911 cumillis,
1039 1830 1073 1891 ct
1104 1823 1190 1892 inter
1224 1819 1322 1913 illos,
1357 1820 1544 1894 referamus
1578 1820 1637 1894 tibi
1668 1819 1751 1912 glo-

319 1992 321 2001 .
378 1933 461 2004 riam
488 1943 552 2005 etc.
1227 2005 1232 2014 .

479 2047 656 2121 Sacerdos
681 2049 873 2122 inclinatur.
926 2051 1087 2138 Praesta,
1122 2051 1286 2142 Domine,
1319 2074 1382 2148 per
1417 2051 1627 2124 clementiam
1661 2060 1751 2138 tuam

376 2167 524 2258 requiem
553 2175 587 2236 et
612 2167 807 2238 memoriam
841 2163 984 2256 bonam,
1016 2164 1169 2240 omnibus
1205 2165 1388 2259 defunctis,
1423 2170 1478 2263 qni
1512 2165 1750 2255 decubuerunt,
1887 2211 1892 2220 ·

377 2289 411 2352 et
437 2284 579 2375 quictem
608 2285 826 2376 acceperunt,
853 2283 888 2352 in
914 2303 975 2379 spe
1001 2284 1163 2373 unigeniti
1189 2281 1265 2354 Filii
1293 2287 1347 2354 tui.

478 2396 630 2468 Eleconc
656 2418 781 2468 ccccm
835 2397 887 2469 Te
912 2398 1071 2485 Domine,
1099 2396 1243 2470 Domina
1274 2397 1508 2471 dominantium
1523 2395 1752 2488 obsecramus,

376 2521 409 2584 et
434 2520 468 2584 te
493 2513 607 2601 Dans,
633 2511 778 2586 Domine
804 2514 975 2608 spirituum
1002 2525 1037 2586 ct
1061 2515 1242 2586 universae
1269 2516 1380 2586 carnis
1412 2513 1649 2608 deprecamur,
1685 2533 1750 2607 pro

374 2627 455 2716 illis,
484 2634 539 2723 qui
562 2631 659 2721 jussu
685 2637 743 2702 tuo
770 2651 816 2700 ex
841 2627 906 2702 bac
932 2632 1003 2703 vita
1029 2631 1276 2722 migraverunt3
1304 2639 1337 2702 et
1364 2651 1410 2701 ex
1435 2628 1501 2704 boc
1534 2627 1655 2702 mundo
1681 2625 1751 2700 ne-

372 2743 431 2818 bili
456 2743 618 2840 proiecti,
646 2743 688 2816 ad
714 2754 748 2816 tc
774 2742 1011 2841 pervenerunt.
1065 2744 1217 2831 Quietem
1244 2756 1380 2841 praesta
1399 2745 1591 2833 animabus,
1619 2767 1751 2841 corpo-

372 2860 482 2949 ribus,
510 2870 544 2933 ct
569 2860 737 2957 spiritibus
764 2881 899 2934 corum:
926 2870 962 2933 et
987 2883 1008 2934 a
1035 2858 1183 2934 tenebris
1211 2861 1437 2936 exterioribus
1471 2861 1566 2934 solva
1602 2860 1696 2933 illos:
1730 2883 1751 2932 a

372 2980 660 3051 cruciatuamaro
694 2979 789 3072 eripe
821 2974 919 3064 illos,
954 2985 989 3047 et
1021 2975 1064 3047 ad
1095 2975 1284 3049 habitacula
1311 2977 1395 3049 lucis
1431 2988 1464 3049 et
1499 2977 1611 3069 gaudii
1643 2975 1751 3048 deduc

371 3092 463 3166 illos:
489 3094 612 3166 lumine
638 3091 750 3164 vultus
777 3093 823 3164 tui
849 3090 991 3184 gloriosi
1018 3090 1160 3165 laetifica
1186 3090 1279 3180 illos,
1307 3103 1342 3164 et
1368 3115 1388 3164 a
1415 3101 1511 3163 reatu
1535 3099 1751 3194 peccatorum

373 3231 507 3282 suenum
535 3207 641 3281 bbera
668 3209 762 3298 illos3
796 3209 874 3301 quia
905 3205 1014 3280 nullas
1047 3210 1133 3280 inter
1167 3217 1265 3280 natos
1301 3208 1475 3280 mulierum
1496 3228 1610 3303 ‘purus
1642 3205 1750 3280 inita

372 3325 526 3398 sordibus
551 3327 698 3421 peccati,
725 3327 790 3399 nisi
816 3345 901 3396 unus
927 3324 1090 3398 Dominus
1116 3319 1210 3396 Deus
1237 3343 1380 3415 magnus
1408 3331 1442 3395 et
1468 3322 1619 3395 salvator
1634 3332 1751 3395 noster
1778 3385 1780 3390 ,

373 3441 473 3514 lasus
499 3439 651 3514 Christus
677 3441 866 3533 unigenitus
893 3438 997 3512 Filius
1024 3450 1118 3529 tuus,
1145 3459 1207 3534 per
1234 3460 1332 3534 quem
1352 3460 1416 3512 nos
1430 3440 1530 3511 etiam
1549 3440 1751 3512 misericor-

375 3557 460 3630 diam
489 3578 672 3652 speramus.

476 3672 639 3766 Populus.
692 3670 856 3766 licquicm
882 3679 1036 3767 praesta,
1064 3682 1129 3744 eto.

477 3788 662 3862 Sacerdos.
715 3787 812 3860 Viam
840 3789 928 3859 enim
953 3786 1146 3880 generalem
1162 3786 1262 3876 illam,
1290 3789 1441 3883 primitus
1455 3793 1595 3856 natrrrae
1613 3792 1750 3858 nostrae

375 3909 585 3979 constitutam
611 3906 785 3992 novimus,
818 3912 852 3975 et
887 3912 922 3975 tc
954 3903 1047 3977 Deus
1082 3904 1227 3977 Domine
1259 3905 1411 3974 universi
1444 3883 1693 3989 obsecramus,
1715 3910 1751 3972 ut

375 4019 495 4094 delicta
521 4030 640 4094 nostra
665 4018 854 4094 voluntaria
881 4027 914 4090 et
938 4018 1163 4094 involuntaria
1189 4021 1350 4106 remittas,
1378 4027 1412 4089 at
1432 4017 1534 4088 ultan
1561 4014 1647 4087 illius
1667 4013 1752 4086 boni

374 4136 463 4230 quod
488 4138 571 4208 viris
598 4138 691 4230 pacis
716 4145 952 4230 praeparatum
978 4144 1031 4208 est
1057 4155 1120 4206 nos
1147 4133 1269 4227 dignos
1296 4133 1438 4219 cilicias,
1466 4143 1500 4204 ct
1525 4153 1586 4226 per
1609 4133 1750 4203 miseri-

373 4250 507 4324 cordias
534 4253 663 4344 mattae
690 4262 767 4323 tuac
794 4253 827 4322 in
854 4249 919 4323 boc
946 4249 1081 4324 saeculo
1108 4248 1283 4323 nobiscum
1311 4257 1345 4319 te
1371 4246 1551 4340 benignum
1569 4244 1750 4342 praebeas,

374 4379 408 4439 et
432 4371 467 4438 in
493 4365 604 4441 futuro
631 4365 797 4463 perducas
823 4388 887 4441 nos
915 4364 957 4437 ad
982 4364 1170 4439 habitacula
1196 4365 1280 4437 lucis
1308 4373 1343 4435 et
1367 4364 1498 4456 gaudii,
1531 4369 1658 4434 ettam
1684 4360 1750 4452 bic,

375 4505 472 4577 quam
498 4483 565 4555 illic
592 4480 854 4578 celebrabimus,
880 4481 1103 4572 laudabimus,
1131 4490 1166 4553 et
1180 4479 1380 4554 extollemus
1398 4499 1519 4553 nomen
1546 4487 1635 4550 tunm
1663 4498 1749 4550 san·
1866 4529 1871 4538 .

374 4601 555 4672 ctissimum
582 4608 617 4671 et
641 4597 863 4672 benedictam.

380 4773 392 4782 .
477 4714 640 4808 Populos.
693 4714 747 4787 Ut.

478 4829 663 4904 Sacerdos.
715 4829 799 4902 Pax.

477 4945 641 5039 Populus.
693 4945 839 5018 Etcum
866 4947 983 5041 spiritu
1010 4953 1078 5019 tuo.

413 5084 500 5127 tomos
514 5082 540 5129 lt
