4730 6038
676 525 752 600 324
912 547 915 556 ¹
1184 524 1544 601 LITURGIA

675 715 816 808 impura,
835 719 891 783 aut
907 732 1028 782 vocem
1049 709 1262 799 immundam,
1289 718 1346 781 aut
1362 719 1505 781 mentem
1520 709 1642 782 malitia
1662 709 1812 805 plenam;
1839 711 1900 784 sed
1916 714 2050 808 suscipe

675 849 777 922 super
810 825 916 930 altare
951 838 1039 899 tuum
1074 825 1245 920 spirituale
1278 837 1312 898 at
1338 824 1434 897 caelo
1463 823 1651 915 sublimius,
1684 823 1749 898 hoc
1782 828 1981 900 sacrificium
2016 832 2049 899 in

676 942 816 1016 adorem
843 944 1036 1016 suavitatis:
1071 941 1116 1014 llt
1142 943 1233 1012 mitte
1259 940 1356 1013 nohis
1384 941 1427 1012 de
1454 942 1594 1014 excelso
1621 951 1739 1016 sancto
1765 950 1822 1014 tuo
1849 942 2049 1016 Paraolitum

676 1057 835 1153 Spiritum
867 1067 974 1148 tuum,
1008 1057 1201 1144 Dominum,
1233 1055 1478 1144 vivificantem,
1507 1060 1621 1152 quiin
1653 1057 1773 1149 Lege,
1805 1055 1982 1152 Prophetis
2016 1069 2049 1132 et

675 1172 852 1268 Apostolis
878 1173 1007 1244 locutus
1035 1183 1106 1261 est3
1133 1175 1189 1267 qui
1214 1169 1411 1265 ubicumque
1437 1192 1599 1266 praesens
1627 1183 1697 1260 est,
1726 1184 1761 1245 et
1786 1173 1894 1268 replet
1920 1175 2049 1261 omnia3

677 1291 733 1383 qui
760 1291 859 1359 etiam
885 1296 1051 1382 potestate
1077 1291 1214 1382 propria
1241 1290 1448 1359 sanctitatem
1473 1289 1506 1357 in
1526 1290 1567 1359 iis
1586 1291 1642 1381 qui
1657 1288 1748 1379 digni
1766 1297 1852 1377 sunt,
1880 1299 2047 1382 operatur.

780 1403 966 1474 Sacerdos.
1018 1401 1151 1475 Exaudi
1178 1425 1232 1474 me
1258 1404 1411 1474 Domine.

780 1518 942 1612 Populus.
995 1516 1101 1612 llyrie
1127 1517 1254 1590 eleison
1282 1524 1345 1590 ter.

782 1633 967 1706 Sacerdos.
1021 1635 1132 1728 Super
1172 1655 1236 1705 nos
1271 1643 1305 1704 et
1338 1656 1440 1729 super
1476 1633 1536 1704 has
1571 1631 1757 1706 oblationes
1792 1636 1983 1728 propositas
2017 1646 2050 1706 et

677 1747 849 1826 sanctifica
875 1748 961 1837 illas,
993 1745 1008 1786 ³
1032 1759 1069 1820 ut
1094 1752 1190 1844 panis
1218 1747 1350 1842 quidem
1376 1753 1439 1820 iste
1465 1748 1523 1821 fiat
1549 1771 1672 1845 carpus
1704 1748 1891 1838 vivificum,
1925 1770 2048 1843 corpus

676 1864 848 1951 coeleste,
874 1885 997 1960 corpus
1024 1862 1170 1935 salutare
1197 1864 1367 1936 animabus
1386 1865 1651 1960 corporibusque
1665 1867 1801 1950 nostris,
1828 1885 1951 1958 carpus
1969 1864 2048 1936 Do-

676 1984 757 2054 mini
783 1979 848 2052 Dei
876 1991 910 2052 et
936 1977 1115 2052 salvatoris
1141 1983 1248 2052 nostri
1274 1979 1356 2053 lesu
1383 1979 1524 2068 Christi,
1551 1983 1585 2051 in
1617 1983 1848 2052 remissionem
1882 1991 2047 2072 peccato-

675 2120 749 2168 rum
776 2106 810 2167 et
834 2098 938 2166 vitam
966 2105 1135 2167 aeternam
1163 2096 1421 2192 suscipientibus
1447 2095 1536 2166 illud.
1588 2094 1633 2167 Et
1658 2099 1789 2167 mistum
1816 2095 1904 2189 quod
1936 2105 1989 2166 est
2015 2098 2048 2166 in

675 2213 742 2284 hoc
767 2211 874 2282 calice
899 2209 1001 2282 iaciat
1035 2213 1231 2301 sangninem
1257 2211 1347 2284 Novi
1379 2212 1604 2299 Testamenti,
1640 2213 1834 2300 sanguinem
1866 2209 2048 2298 vivificum,

677 2329 875 2418 sanguinem
902 2324 1101 2414 salutarem,
1128 2330 1324 2418 sanguinem
1349 2326 1483 2399 Domini
1510 2326 1575 2398 Dei
1606 2336 1640 2396 et
1671 2327 1763 2416 regis
1797 2327 1941 2397 omnium
1966 2326 2047 2397 lesu

677 2442 800 2514 Christi
826 2443 858 2509 in
884 2441 1115 2512 remissionem
1142 2451 1374 2535 peccatorum,
1408 2451 1442 2512 et
1475 2443 1578 2514 vitam
1614 2449 1783 2512 aeternam
1811 2441 2047 2537 accipientibus

675 2553 774 2630 illum.

778 2669 954 2740 Sacerdos
975 2672 1205 2762 prosequitur.
1259 2670 1402 2742 Domine
1429 2669 1705 2764 quemadmodum
1731 2668 1785 2740 illa
1819 2691 1880 2764 per
1907 2673 2048 2760 gratiam

674 2799 709 2875 et
735 2791 889 2859 virtutem
918 2797 1005 2858 tuam
1032 2782 1182 2880 perfecta
1210 2794 1302 2869 sunt,
1330 2789 1375 2855 ita
1402 2782 1456 2856 lac
1482 2783 1545 2856 illis
1564 2783 1725 2862 ¹omnibus
1745 2787 1940 2878 quicumque
1966 2785 2048 2860 illo-

674 2926 748 2976 rum
775 2904 955 2997 participes
982 2898 1081 2972 maun
1108 2910 1201 2986 sunt,
1228 2921 1338 2994 neque
1364 2899 1448 2970 ullus
1474 2922 1535 2995 per
1563 2900 1712 2972 duritiam
1746 2899 1858 2972 cordis
1891 2903 1941 2970 sui
1973 2904 2049 2972 ira-

675 3019 791 3106 cundi,
826 3027 881 3089 aut
920 3016 1166 3112 impoenitentis
1201 3022 1369 3094 teneatur,
1410 3026 1466 3086 aut
1498 3013 1713 3108 prohibeatur
1748 3015 1789 3087 ab
1826 3036 1968 3087 accessu
2007 3017 2048 3088 ad

676 3136 852 3228 mysteria,
880 3132 940 3204 sed
968 3153 1085 3204 omnes
1113 3129 1156 3203 ad
1183 3128 1304 3201 bonam
1331 3128 1536 3202 uoluntatem
1564 3139 1650 3202 tuam
1678 3141 1841 3203 converte
1871 3132 1886 3168 ⁴
1912 3141 1947 3202 et
1973 3132 2049 3206 dis-

676 3271 783 3343 pone,
818 3251 894 3343 quin
926 3259 961 3319 tu
994 3269 1032 3319 es
1061 3251 1116 3341 qui
1144 3244 1248 3332 lacis,
1275 3249 1466 3328 convertis,
1502 3257 1535 3316 et
1551 3323 1554 3334 ¹
1569 3245 1703 3336 ordinas
1740 3246 1970 3340 quodcumque
2006 3249 2049 3320 ad

674 3361 807 3436 honum.
861 3363 1031 3436 Timorem
1067 3373 1157 3432 tuum
1189 3365 1223 3431 in
1255 3359 1353 3433 nobis
1387 3363 1516 3446 insere,
1551 3372 1585 3432 et
1619 3383 1711 3456 spem
1748 3366 1839 3433 vitae
1877 3371 2049 3454 aeternae,

673 3477 797 3573 tibique
824 3477 966 3570 gloriam
992 3477 1176 3549 referemus
1204 3486 1238 3546 et
1263 3478 1432 3567 unigenito
1459 3476 1544 3548 Fiho
1574 3488 1638 3549 tuo.

779 3593 955 3665 Sacerdos
990 3594 1183 3665 inclinatus.
1235 3592 1380 3686 Propter
1406 3591 1639 3664 abundantiam
1654 3595 1784 3684 gratiae
1802 3601 1878 3664 tune
1891 3590 2047 3681 Domine,

676 3709 767 3801 digni
793 3709 875 3782 lacti
901 3731 1014 3782 sumus
1049 3707 1061 3746 ⁵
1087 3707 1292 3804 perfectione
1319 3707 1495 3780 oblationis
1515 3708 1665 3794 divinae,
1693 3719 1728 3778 et
1743 3707 1937 3779 confidimus
1952 3713 2047 3798 satis,

676 3824 765 3918 quod
783 3847 870 3918 quae
897 3847 918 3894 a
943 3833 977 3896 te
1003 3828 1144 3920 petimus
1172 3826 1384 3896 consecuturi
1411 3845 1532 3897 sumus.
1586 3825 1815 3918 Deprecamur
1842 3833 1887 3910 tc,
1914 3833 1948 3894 ut
1969 3847 2046 3896 me-

675 3942 810 4012 mineris
836 3937 1013 4011 Ecclesiae
1046 3948 1122 4011 tuae
1156 3938 1350 4012 Catholicae
1383 3960 1588 4033 quacumque
1622 3937 1777 4025 diffusae,
1814 3947 1848 4010 et
1879 3938 2047 4010 custodias

677 4076 752 4126 eam
780 4057 813 4126 in
840 4053 999 4150 operibus
1020 4053 1119 4126 bonis
1136 4065 1170 4126 et
1188 4053 1427 4150 observatione
1444 4053 1672 4127 mandatorum
1685 4065 1824 4127 tuorum.
1876 4053 2047 4128 Memento

675 4169 819 4242 Domine
845 4168 1092 4265 Episcoporum
1120 4168 1407 4242 orthodoxorum:
1433 4177 1599 4241 memento
1627 4169 1864 4256 sacerdotum,
1898 4181 1933 4241 et
1957 4173 2047 4243 Dia-

675 4305 854 4372 conorum,
885 4290 1065 4382 praecipue
1105 4285 1234 4358 illorum
1270 4287 1324 4379 qui
1356 4284 1492 4366 adsunt,
1533 4295 1567 4356 et
1601 4295 1698 4358 orant
1730 4284 1912 4358 nobiscum.
1965 4285 2048 4358 hle-

675 4409 787 4469 mento
815 4400 957 4470 Domine
985 4403 1087 4500 ctiam
1110 4402 1176 4472 mei
1202 4403 1401 4494 peccatoris.
1454 4398 1506 4470 Da
1534 4399 1610 4472 mihi
1637 4411 1672 4473 ut
1697 4401 1897 4493 intelligam,
1926 4411 2048 4497 quanta

677 4512 820 4604 dignitas
848 4518 890 4586 sit
916 4514 1066 4586 adstandi
1092 4535 1204 4586 coram
1232 4515 1328 4587 altari
1354 4525 1411 4588 tuo
1439 4525 1572 4605 sancto;
1599 4527 1633 4588 et
1659 4517 1814 4612 quidquid
1840 4521 1950 4590 animo
1977 4541 2047 4614 pu-

676 4627 750 4700 sillo
779 4639 835 4700 aut
860 4631 977 4725 puerili
1000 4632 1179 4723 jucundum
1206 4642 1273 4719 est,
1301 4656 1321 4704 a
1347 4654 1402 4703 me
1429 4631 1542 4721 auler,
1568 4654 1611 4704 ne
1637 4632 1716 4705 illud
1742 4633 1819 4705 mihi
1846 4637 1888 4706 sit
1914 4637 2047 4706 monus

677 4749 912 4836 gravissimum
939 4749 972 4817 ia
1000 4745 1136 4819 dioillo
1164 4747 1302 4820 terribili
1328 4750 1466 4820 rationis
1493 4746 1701 4838 reddendae3
1728 4747 1832 4821 libera
1867 4753 1965 4821 etiam
1994 4771 2048 4819 me

677 4860 719 4932 ab
748 4865 836 4932 omni
865 4864 1060 4957 operatione
1086 4866 1217 4936 virtutis
1245 4865 1416 4950 sinistrae,
1443 4887 1551 4959 neque
1577 4864 1700 4960 perdas
1726 4887 1780 4936 me
1813 4888 1886 4936 cum
1922 4867 2048 4959 iniqui-

673 4975 797 5048 tatibus
831 4979 934 5064 meis,
969 4999 1078 5073 neque
1110 4981 1142 5048 in
1178 4989 1351 5054 aeternum
1383 4983 1506 5070 iratus,
1542 5001 1702 5054 reserves
1737 4980 1823 5052 mala
1849 4980 1943 5052 milri:
1984 4979 2046 5053 scd
