4712 6032
720 476 794 554 192
1223 471 1581 551 trutinata

821 664 983 758 Papulae.
1035 663 1155 735 Amen.
1650 715 1654 726 .

646 857 647 860 ,
822 780 997 854 Sacerdos
1034 777 1172 848 elevans
1203 799 1330 848 coeam.
1382 773 1540 848 Similiter
1579 784 1614 844 et
1650 774 1781 844 mistum
1820 769 1909 865 quod
1950 771 1984 840 in
2022 767 2086 842 boo

718 896 825 972 calice
860 907 932 983 est,
980 894 1098 966 efficiat
1135 900 1156 975 †
1193 895 1389 985 sanguinem
1420 891 1645 988 purificantem
1679 897 1713 959 et
1754 887 2033 973 sanctificantem,
2064 891 2085 968 †

719 1016 917 1096 sanguinem
950 1008 1120 1082 vivificum
1166 1019 1199 1082 et
1247 1007 1441 1093 salutarem,
1480 1012 1501 1089 †
1543 1006 1738 1096 sanguinem
1781 1001 1965 1076 salvantem
2006 1005 2086 1074 ani-

718 1140 790 1190 mus
823 1127 856 1189 et
890 1137 1035 1213 corpora
1069 1126 1202 1202 nostra,
1239 1120 1434 1209 sanguinem
1470 1119 1573 1211 ipsius
1601 1116 1666 1188 Dei
1692 1121 1806 1207 magni
1833 1126 1867 1187 et
1897 1118 2085 1188 Salvatoris

718 1237 825 1306 nostri
850 1233 934 1305 lesu
962 1229 1104 1321 Christi,
1131 1229 1174 1303 ad
1199 1235 1466 1328 propitiationem
1500 1231 1714 1321 delictorum,
1740 1234 1970 1304 remissionem
1996 1255 2085 1329 pec-

718 1362 880 1439 catorum,
907 1358 941 1420 et
967 1349 1072 1418 vitam
1099 1357 1268 1420 aeternam
1295 1347 1384 1420 illurn
1411 1350 1668 1442 suscipientium.

823 1465 983 1559 Populus.
1035 1463 1156 1538 Amen.

821 1582 997 1655 Sacerdos
1022 1580 1159 1651 elecem
1183 1603 1309 1653 anema.
1361 1579 1406 1651 Ut
1431 1602 1494 1675 per
1519 1583 1785 1651 communionem
1811 1579 1928 1653 borum
1955 1581 2084 1653 Sacra-

719 1705 903 1771 mentorum
930 1696 1179 1785 vivificantium,
1215 1696 1258 1768 ad
1284 1695 1419 1767 delicias
1446 1699 1537 1766 vitae
1564 1693 1722 1767 coelestis
1750 1694 1871 1767 aditum
1896 1695 2085 1784 habeamus,

720 1835 972 1908 mereamurque
1000 1811 1148 1884 evadere
1174 1824 1316 1885 mortem
1343 1809 1537 1884 secundam:
1563 1833 1673 1906 neque
1700 1822 1853 1906 tanquam
1881 1815 1932 1883 rei
1959 1814 2001 1884 ad
2022 1817 2084 1906 ju-

719 1930 837 2001 dicium
865 1928 1070 2005 subeundum
1096 1950 1335 2024 praeparemur
1361 1950 1476 2000 coram
1503 1925 1620 1999 throno
1648 1928 1776 2021 gloriae
1804 1939 1898 2000 tuae:
1934 1939 1967 2000 et
1993 1927 2083 2004 bea-

718 2046 887 2120 titudinem
914 2045 1003 2118 illarn
1030 2043 1072 2117 ab
1099 2045 1240 2136 Angelis
1260 2047 1488 2116 annunciatum
1502 2044 1704 2138 pastoribus,
1731 2044 1933 2138 spiritualem
1946 2047 2085 2133 scilieet,

718 2165 753 2233 in
779 2172 868 2234 terra
895 2160 1034 2234 coelesti
1060 2162 1289 2255 suscipiamus,
1316 2182 1357 2233 eo
1383 2163 1417 2230 in
1442 2165 1580 2251 regione
1593 2160 1649 2232 ubi
1676 2159 1888 2233 tabernacula
1914 2161 1997 2234 lucis
2017 2160 2087 2233 fixo

718 2287 812 2350 sunt:
839 2281 874 2347 in
900 2277 999 2348 domo
1026 2272 1162 2369 nuptiali
1189 2286 1366 2365 exornata,
1393 2280 1486 2346 etin
1513 2279 1671 2347 convivio
1688 2279 1779 2347 vitae
1805 2276 1994 2369 spiritualis,
2011 2297 2087 2347 cum

718 2389 782 2462 illis
808 2391 1004 2479 victoribus,
1031 2392 1087 2485 qui
1112 2388 1233 2462 festum
1258 2389 1325 2462 illic
1351 2400 1532 2485 peragunt,
1564 2389 1705 2461 feliciter
1736 2388 1943 2463 celebremus
1975 2400 2024 2478 te,
2052 2401 2086 2464 et

718 2509 805 2577 inter
831 2510 963 2600 agmina
991 2527 1118 2593 eorum,
1146 2527 1303 2577 canamus
1330 2503 1386 2576 tibi
1412 2505 1555 2599 gloriam
1582 2518 1615 2579 et
1641 2505 1782 2578 laudem.

751 2673 763 2686 .
821 2622 983 2716 Papulas.
1040 2620 1160 2692 Amen.

822 2738 997 2810 Sacerdos
1023 2737 1214 2808 inclinatas.
1266 2737 1436 2810 Memento
1462 2739 1603 2810 Domine
1628 2735 1805 2810 Ecclesiae
1832 2748 1910 2811 tuae
1937 2750 2083 2830 sanctae,

719 2853 877 2928 confirma
902 2853 1114 2925 fundamenta
1145 2857 1218 2945 ejus
1250 2855 1285 2925 in
1309 2852 1374 2924 lide
1400 2863 1511 2943 recta,
1547 2863 1581 2925 et
1613 2876 1780 2926 conserva
1813 2877 1888 2927 eam
1919 2858 1954 2926 in
1986 2867 2085 2928 tran-

720 2969 877 3065 qudlitate
902 2977 1075 3065 perpetua,
1102 2973 1195 3043 etin
1222 2992 1305 3065 pace
1333 2968 1521 3041 abundanti.
1574 2972 1735 3044 Pastores
1762 2981 1796 3042 et
1821 2971 1989 3044 Doctores
2013 2973 2085 3045 Dr-

719 3084 889 3160 thodoxos
917 3089 971 3180 qui
997 3096 1156 3181 praesunt
1182 3089 1215 3156 in
1251 3108 1311 3175 ea,
1344 3087 1539 3158 castimonia
1573 3106 1701 3158 morum
1733 3108 1879 3158 exorna:
1905 3090 2087 3184 praecipue

719 3225 804 3276 vero
831 3202 1006 3274 Dominum
1032 3201 1074 3274 N.
1101 3201 1344 3275 Patriarcham:
1372 3211 1407 3274 et
1431 3201 1608 3274 Dominum
1633 3202 1674 3274 N.
1697 3201 1900 3298 Episcopum
1926 3213 2087 3291 nostrum,

720 3329 754 3390 et
788 3319 830 3390 da
863 3317 926 3390 illis
959 3329 995 3389 ut
1029 3341 1103 3389 cum
1137 3317 1261 3391 decore
1293 3329 1433 3414 pascant
1468 3340 1552 3390 conr.
1604 3319 1772 3391 Memento
1807 3321 1906 3389 etiam
1931 3317 2088 3410 Domine,

719 3433 939 3508 Sacerdotum
971 3434 1148 3506 Ecclesiae
1181 3444 1278 3525 tuae,
1311 3446 1344 3507 et
1378 3435 1605 3508 Diaconorum
1636 3435 1750 3532 templi
1775 3436 1841 3522 tui,
1875 3444 1909 3506 et
1944 3439 2089 3508 omnium

721 3551 899 3642 Ordinum,
927 3553 981 3646 qui
1008 3549 1049 3621 ad
1076 3548 1292 3623 ministerium
1324 3560 1414 3622 tuum
1447 3554 1617 3642 segregati
1650 3561 1733 3623 sunt.
1786 3549 1955 3624 Memento
1988 3556 2088 3625 etiarn

718 3668 861 3740 Domine
887 3669 952 3737 mei
978 3669 1165 3761 peccatoris
1192 3669 1389 3761 insipientis,
1415 3678 1450 3738 et
1476 3669 1631 3761 pauperis
1659 3669 1751 3739 servi
1779 3670 1835 3764 tui,
1862 3670 1928 3739 mei
1954 3670 2088 3763 inquam

718 3785 906 3880 peccatoris
944 3784 1130 3871 servitui,
1163 3806 1261 3879 quern
1297 3781 1404 3872 pubes
1438 3781 1604 3882 obscurae
1643 3782 1834 3854 delictorum
1875 3783 2086 3855 circumdant.

718 3899 785 3972 Per
811 3900 1041 3996 aspersionem
1073 3896 1214 3996 hyssopi
1241 3901 1286 3971 tui
1318 3898 1439 3970 munda
1464 3921 1537 3988 me,
1571 3909 1604 3970 et
1635 3911 1790 3994 tanquam
1823 3902 1936 3970 nivem
1969 3898 2087 3972 dealba

719 4039 785 4106 me,
811 4025 987 4112 purgatum
1014 4037 1034 4086 a
1061 3997 1199 4088 maculis
1226 4026 1261 4088 et
1285 4019 1405 4087 naevis
1431 4019 1571 4111 peccati.
1623 4014 1792 4087 Memento
1820 4019 1920 4088 etium
1944 4016 2089 4088 Domine

720 4133 865 4204 omnium
891 4130 1032 4202 fidelium
1060 4133 1175 4225 quiin
1202 4131 1311 4206 exiliis
1339 4142 1425 4222 sunt,
1452 4141 1486 4202 et
1512 4153 1626 4203 eorum
1654 4135 1710 4228 qui
1735 4153 1798 4227 pro
1816 4131 1882 4203 lide
1898 4130 2088 4203 orthodoxa

721 4270 866 4340 agonem
892 4250 1061 4320 sustinent.
1877 4319 1881 4325 ¹

821 4361 997 4435 Sacerdos
1023 4363 1162 4436 elcanae
1187 4385 1311 4435 vocem.
1363 4361 1408 4434 Et
1441 4361 1629 4436 Ecclesiam
1669 4374 1759 4435 tuam
1794 4364 1958 4454 Domine,
1992 4388 2090 4460 quam

719 4477 899 4576 possedisti
932 4478 973 4551 ab
1006 4481 1115 4569 initio,
1156 4489 1190 4550 et
1224 4480 1392 4552 redemisti
1422 4502 1484 4575 per
1520 4482 1715 4572 sanguinem
1748 4483 1906 4573 unigeniti
1942 4481 2017 4552 Filii
2044 4485 2089 4553 tui

719 4594 879 4682 benedic,
920 4603 954 4664 et
986 4593 1115 4690 depelle
1151 4593 1192 4667 ab
1221 4618 1262 4667 eu
1298 4595 1558 4669 conflictationes
1593 4597 1780 4669 haereseon
1813 4600 2088 4692 pemiciosernm‚

721 4733 807 4806 quae
840 4733 860 4781 a
896 4709 1062 4804 spiritibus
1098 4716 1226 4806 peccati
1261 4716 1482 4806 suscitantur,
1513 4724 1548 4784 et
1581 4713 1623 4784 ad
1657 4735 1730 4784 eam
1765 4712 2023 4805 demergendam
2054 4718 2089 4785 in

720 4826 880 4924 abyssrun
910 4828 1106 4920 impietatis,
1133 4831 1330 4900 excitantur.
1383 4827 1546 4925 Propulso
1583 4827 1624 4900 ab
1659 4829 1715 4901 illa
1741 4830 1885 4901 Domine
1918 4829 2088 4921 scandala,

720 4952 753 5015 et
779 4945 883 5031 rixas,
911 4951 945 5013 et
969 4963 1155 5038 praeserva
1182 4967 1258 5017 eam
1283 4967 1304 5016 a
1328 4947 1450 5038 virgis,
1475 4943 1685 5041 flagellisque
1705 4948 1794 5038 tuis,
1828 4957 1927 5044 atque
1960 4971 1980 5020 a
2006 4957 2087 5018 ten·
