4728 6028
665 550 716 624 90
1038 549 1654 629 ossuuvlitolus

664 735 853 798 vocatiouem
875 734 915 797 ltu
938 742 1132 815 acceperunt,
1155 743 1187 798 ut
1208 736 1371 798 verborum
1393 734 1573 820 significatio
1603 735 1731 818 simplex
1752 734 1934 816 postulabat,
1956 735 2029 799 illud

665 833 852 898 solummodo
876 841 991 896 certum
1013 834 1176 912 habentes,
1211 836 1407 918 pronunciata
1437 835 1488 898 illa
1518 835 1680 912 Oratione,
1703 843 1935 898 consummatam
1959 853 2038 898 csse·

665 932 880 997 elementorum
908 935 1176 998 consecrationem.
1221 931 1297 1006 Ouia
1331 951 1405 996 varo
1434 933 1471 996 de
1503 933 1587 1016 Syris
1611 935 1726 1018 agitur,
1758 951 1871 1015 operae
1900 936 2031 1016 pretium

666 1033 735 1110 erit,
757 1033 815 1097 hoc
837 1032 906 1096 loco
928 1032 1046 1096 referre
1059 1033 1278 1114 expositionem
1293 1033 1430 1114 Dionysii
1446 1032 1602 1111 Barsalibi,
1625 1052 1666 1096 ex
1687 1033 1781 1114 ipsius
1797 1032 2030 1111 Commentario,

666 1132 751 1213 cujus
775 1135 939 1214 praecipua
961 1141 1007 1196 est
1029 1133 1108 1194 inter
1130 1131 1197 1193 illos
1221 1133 1375 1196 autoritas.

378 1231 512 1294 Quomodo
534 1249 590 1286 eoo
606 1249 654 1284 ex·
752 1230 906 1295 Sacerdos
931 1233 1092 1294 acinctus
1120 1231 1196 1292 dicit
1227 1230 1451 1293 lanceationem
1481 1229 1614 1311 Spiritus
1647 1234 1764 1305 suructi;
1797 1231 1944 1295 Miserere
1972 1232 2031 1295 mei

342 1318 421 1388 plicet
438 1318 571 1373 Barnlihi.
619 1405 620 1408 Ἴ
665 1326 750 1392 Deus
772 1330 872 1409 Pater,
896 1339 953 1394 eto:
997 1330 1063 1392 idac
1093 1331 1177 1405 loco,
1207 1331 1238 1390 in
1266 1348 1325 1410 quo
1353 1330 1391 1390 de
1417 1328 1612 1392 inuocatione
1639 1329 1771 1409 Spiritus
1798 1332 1899 1393 sancti
1919 1333 2031 1410 apim,

664 1430 871 1509 inquirendum
893 1430 982 1492 nobis
1003 1436 1057 1508 est,
1080 1446 1176 1510 quam
1197 1428 1247 1490 bic
1275 1429 1434 1490 descendit
1452 1427 1585 1508 Spiritus
1607 1435 1740 1505 ramnus,
1762 1448 1981 1510 superponam
2003 1439 2033 1494 et

663 1530 783 1590 einum:
805 1529 1044 1610 prandopuidem
1066 1530 1144 1590 enim
1164 1527 1245 1606 filius
1266 1528 1428 1612 deseendit,
1451 1535 1481 1588 et
1506 1529 1608 1590 unitrur
1627 1528 1688 1588 iliis
1706 1527 1916 1606 personaliter,
1939 1548 2034 1608 quare

665 1627 821 1689 descendit
835 1626 968 1707 Spiritus
989 1627 1137 1688 sanctus?
1157 1625 1295 1688 Dicimus
1316 1635 1415 1688 auten
1437 1627 1475 1688 ob
1492 1628 1627 1688 eamdmu
1644 1645 1780 1704 causam,
1802 1627 1883 1688 iilum
1900 1628 2029 1690 descer-

665 1727 747 1788 dere.
791 1725 877 1788 Sicut
898 1727 976 1788 maim
998 1726 1155 1788 descendit
1181 1727 1213 1786 in
1234 1733 1351 1787 uterum
1373 1725 1503 1800 Manae,
1517 1729 1612 1805 jurata
1632 1726 1686 1786 itta
1707 1724 1815 1805 Arupeli
1834 1725 1938 1801 cerba
1960 1727 2033 1807 Spi-

664 1827 739 1888 ritus
768 1834 890 1888 sanetus
919 1825 1113 1907 superveniet
1139 1826 1170 1887 in
1199 1831 1240 1903 te,
1268 1832 1325 1887 etc.
1346 1825 1476 1904 seritque
1505 1843 1627 1886 comem
1654 1844 1695 1886 ea
1722 1824 1840 1904 Virpine
1861 1834 2029 1904 acceptam,

664 1943 776 2005 carptas
803 1925 893 1987 Verbi
912 1925 979 2000 Dei,
1002 1925 1107 1987 eodem
1127 1925 1217 1986 modo
1238 1925 1396 1986 decemuir
1419 1943 1511 2005 super
1528 1943 1640 2003 panem
1669 1931 1699 1986 et
1719 1925 1820 1986 einum
1842 1942 1919 2004 quac
1941 1943 2033 2004 super

665 2025 765 2086 altare
786 2031 865 2100 sunt,
885 2023 1020 2103 facim
1041 2043 1079 2085 ea
1101 2042 1212 2103 corpus
1234 2030 1265 2084 et
1284 2024 1459 2103 sanquinem
1486 2023 1574 2084 Verbi
1593 2023 1662 2098 Dei,
1684 2030 1820 2085 assurma
1841 2042 1882 2084 ea
1901 2022 2029 2103 Virpine.

666 2123 776 2186 lterum
798 2124 943 2186 dicimus:
976 2140 1052 2202 erpa
1079 2122 1228 2202 Virpinem
1248 2121 1380 2183 Mariam
1401 2122 1446 2182 ita
1465 2120 1580 2200 [wluin
1602 2129 1663 2184 est:
1684 2122 1780 2184 Pater
1801 2121 1903 2199 notuit,
1926 2129 1959 2188 ut
1979 2124 2031 2184 in-

668 2230 850 2284 sumeretur
877 2223 988 2284 Fiiius:
1013 2221 1107 2282 Filius
1136 2228 1235 2281 autem
1263 2221 1420 2282 descefflt
1445 2220 1478 2280 in
1503 2227 1620 2282 uterum
1646 2220 1787 2300 Virpinis‚
1809 2225 1839 2280 et
1859 2240 1900 2280 ea
1922 2239 1959 2282 ea
1980 2223 2031 2282 in-

667 2327 814 2383 cantatam
835 2328 896 2382 est:
919 2321 1074 2381 descendit
1093 2319 1184 2380 etiarn
1204 2318 1336 2399 Spiritus
1357 2325 1481 2380 sanctus
1502 2320 1545 2382 ad
1562 2319 1711 2399 Virpinenu
1732 2327 1879 2394 sanctam,
1901 2320 2031 2396 utFitio,

667 2440 709 2481 aa
730 2439 768 2481 ea
789 2438 901 2499 corpus
919 2418 1076 2498 fomnaret.
1118 2417 1198 2479 Pari
1216 2420 1346 2494 ratimte,
1369 2427 1399 2480 et
1418 2419 1488 2480 ictio
1508 2420 1541 2480 in
1562 2419 1657 2480 altari
1677 2437 1711 2480 se
1731 2438 1782 2480 res
1795 2418 1893 2481 babet.
1937 2418 2032 2482 Pater

666 2519 785 2600 quidem
805 2515 877 2593 cult,
900 2526 933 2579 ut
952 2519 1075 2580 uniatur
1094 2517 1189 2578 Filius
1205 2517 1410 2596 personaliter
1420 2520 1497 2596 pani
1517 2524 1548 2578 et
1567 2519 1658 2591 aino;
1680 2527 1769 2598 atque
1791 2524 1952 2597 eapropter
1973 2519 2032 2580 de-

663 2625 812 2698 precatur
832 2617 986 2680 Sacerdos
1007 2635 1074 2680 cum
1096 2617 1210 2693 amore,
1233 2617 1376 2692 clamore,
1399 2624 1428 2679 et
1449 2618 1541 2679 tacito
1563 2616 1668 2679 cordis
1688 2619 1809 2698 penita,
1831 2617 1914 2697 apaid
1935 2615 2031 2680 Deum

667 2724 699 2780 et
716 2717 850 2795 Patren,
870 2718 1001 2798 petitque
1023 2716 1063 2778 ab
1084 2717 1146 2792 illo,
1168 2723 1309 2795 unquam
1331 2723 1455 2778 aeter-rw
1474 2716 1532 2795 filii
1544 2715 1731 2798 Spirituspue
1746 2718 1909 2796 principio,
1931 2735 1951 2778 a
1972 2735 2031 2798 quo

667 2835 755 2880 omne
775 2818 885 2878 donum
906 2816 1015 2878 bonum
1036 2815 1204 2893 descendit,
1228 2822 1262 2876 ut
1280 2816 1379 2876 mittat
1398 2833 1490 2894 super
1511 2834 1555 2891 se,
1578 2821 1608 2876 et
1638 2828 1730 2894 carpor
1756 2833 1871 2877 omnen
1889 2817 2031 2896 mum

664 2917 782 2996 fidelem
799 2934 880 2995 pone
901 2935 934 2976 se
955 2923 1092 2992 stantem,
1115 2921 1145 2976 et
1164 2932 1256 2994 super
1267 2913 1468 2976 Sacramenta
1489 2916 1522 2976 iu
1543 2915 1637 2976 altari
1652 2916 1765 2993 posita
1779 2914 1924 2994 Spiritum
1945 2934 2032 2978 amm

666 3021 812 3079 aanomm.
862 3015 983 3078 lter-am
1027 3013 1138 3076 Oblata
1164 3013 1292 3094 suscipit
1324 3014 1465 3092 illapsum
1500 3006 1739 3088 (scandant)
1768 3013 1900 3093 &iride
1922 3017 2032 3090 sancti,

667 3121 701 3175 ut
722 3115 814 3175 etiam
835 3115 916 3177 iilum
938 3113 1175 3194 mcepitl'ilius
1195 3113 1347 3190 incarne,
1369 3120 1511 3192 tanquam
1522 3113 1687 3192 primitiae,
1708 3114 1741 3173 in
1755 3112 2031 3192 domaneflaumine.

666 3211 856 3292 Deprecatur
874 3233 989 3294 qucpue
1008 3211 1163 3274 Sacerdos
1184 3218 1217 3271 ut
1236 3211 1372 3278 mittatur,
1392 3209 1524 3290 Spiritus
1551 3229 1643 3291 suuper
1664 3231 1775 3292 corpus
1796 3219 1827 3275 et
1846 3215 2032 3294 sanpuirrem,

666 3313 745 3374 sicud
765 3313 797 3373 in
824 3312 973 3392 Virpr'ruem
994 3320 1066 3374 tune
1093 3311 1219 3390 illapsus
1247 3316 1299 3370 est.
1345 3309 1416 3372 lum
1443 3313 1534 3372 etiam
1558 3328 1617 3390 per
1643 3308 1868 3374 invocationem
1889 3312 2030 3392 Spiritum,

665 3413 789 3491 mpstice
815 3412 966 3491 siqrrifieat
992 3411 1066 3473 illud
1094 3410 1175 3490 quad
1200 3407 1325 3470 Gabriel
1357 3429 1424 3471 mam
1451 3411 1532 3472 stetit
1560 3427 1665 3472 coram
1692 3411 1827 3491 Vimine,
1857 3419 2032 3491 cmmepturu

665 3510 712 3570 itti
737 3517 874 3572 sancum
901 3529 987 3572 auum
1017 3509 1229 3584 anmmeiaad,
1258 3507 1397 3570 amntem
1423 3509 1506 3570 ittam
1526 3511 1702 3590 mysticam,
1724 3527 1801 3589 quae
1822 3510 2034 3591 inteltr'pentioe

666 3615 785 3687 coptum
807 3617 949 3689 meat:
967 3629 1026 3691 per
1047 3627 1136 3690 quam
1157 3626 1224 3670 mum
1246 3609 1299 3670 itta
1322 3615 1470 3686 potestate
1491 3609 1593 3669 munia
1615 3608 1822 3688 sanctificante
1843 3610 2031 3670 communic-

665 3727 732 3769 nem
753 3708 907 3785 tabanus,
929 3711 1030 3771 animo
1052 3727 1074 3770 a
1095 3707 1232 3770 sensibus
1253 3713 1283 3768 et
1303 3725 1324 3767 a
1345 3709 1474 3768 matnia
1495 3706 1598 3770 libera¹

755 3807 826 3870 ibin
846 3810 922 3871 dicit
941 3807 1102 3871 Sacerdos.
1147 3803 1264 3868 Exaudi
1293 3823 1340 3867 me
1369 3804 1496 3869 Domine
1524 3812 1555 3868 et
1583 3806 1819 3868 misereremei.
1863 3805 2033 3868 Secundum

667 3904 770 3967 Mosen
791 3905 967 3987 Bnreeplta,
1000 3904 1152 3968 saeuos
1173 3905 1266 3978 dicit,
1287 3903 1379 3985 llyrie
1401 3903 1535 3979 eleison;
1562 3907 1627 3967 siae
1647 3906 1774 3970 Domine
1796 3906 1941 3968 miserere
1963 3906 2032 3983 mei,

667 4007 739 4086 quia
760 4009 849 4068 sentit
865 4026 922 4086 per
939 4008 1029 4087 rident
1050 4004 1241 4068 descendisse
1262 4003 1406 4083 Spiritum
1428 4010 1574 4080 sancum,
1592 4004 1826 4086 perfecissepue,
1848 4012 1878 4066 et
1899 4005 2033 4083 campte-

667 4105 749 4166 aisse
769 4107 921 4187 mysteria,
944 4125 1011 4168 num
1032 4106 1165 4167 clanme
1179 4103 1283 4166 aalide
1301 4103 1466 4179 clmnatad
1476 4102 1610 4183 Patrem,
1625 4103 1751 4169 Domine
1766 4106 1911 4168 miserere
1926 4105 2031 4165 nostri.

667 4202 703 4264 ln
724 4201 886 4265 Occidente
905 4223 1001 4284 porro
1023 4211 1053 4266 et
1073 4203 1234 4266 secundum
1255 4221 1365 4264 nocam
1387 4202 1588 4279 badidonem
1610 4221 1687 4284 puae
1708 4203 1798 4265 bodie
1820 4202 1945 4276 obtinet,
1967 4200 2032 4262 Sa-

668 4302 788 4378 cerdos,
810 4310 957 4382 utsupra
978 4304 1121 4378 dicimus,
1142 4301 1270 4384 Syn'aae
1286 4301 1369 4364 dicit.
1398 4300 1515 4364 Exaudi
1531 4319 1578 4364 mc
1594 4300 1719 4366 Domine
1743 4308 1773 4364 et
1794 4303 1941 4364 miserere
1962 4302 2032 4378 mei,

667 4403 749 4464 elata
770 4421 860 4478 voce,
882 4405 928 4464 ita
948 4411 982 4465 ut
1001 4403 1161 4482 perueniat
1181 4404 1223 4462 ad
1240 4401 1397 4481 poputum9
1419 4402 1579 4482 donatque
1599 4403 1744 4466 similiter.
1791 4401 1870 4462 lime
1891 4418 1994 4462 omnes
2016 4420 2033 4462 a

664 4503 777 4583 populo
798 4502 901 4563 dicunt
922 4509 982 4580 ter,
1004 4501 1098 4583 llyrie
1119 4500 1249 4576 eleison,
1276 4507 1331 4562 aut
1356 4499 1503 4563 Miserere
1525 4501 1597 4564 mei:
1619 4502 1700 4582 quod
1720 4507 1767 4562 ter
1786 4502 2032 4579 pronuumantes,

665 4603 925 4681 peremerautiam
954 4603 985 4663 in
1014 4602 1226 4680 deprecatione
1252 4607 1356 4662 notam
1379 4599 1509 4678 [admi.
1553 4601 1623 4662 Fuit
1643 4602 1734 4662 atiani
1755 4599 1936 4680 diemde,
1965 4618 2033 4662 cum

667 4700 850 4762 Sacerdmm
870 4701 1011 4780 imperiti,
1032 4701 1090 4763 boc
1112 4700 1178 4762 loco
1197 4698 1328 4778 [rentem
1342 4699 1600 4779 manuferiebunt
1624 4701 1713 4780 quasi
1725 4700 1764 4761 de
1777 4699 1947 4760 commissis
1962 4699 2033 4778 pui-

669 4799 797 4862 busdam
814 4801 1008 4880 poenitentes,
1031 4800 1111 4880 quod
1132 4799 1232 4861 Moses
1252 4796 1416 4877 liarcepba
1436 4801 1599 4880 incongrue
1615 4817 1746 4878 mmsis
1765 4799 1835 4878 fieri
1855 4798 1939 4874 dicit,
1961 4798 2034 4876 quia

669 4901 752 4961 dena
772 4900 898 4978 spiritus
918 4899 1077 4979 baupuide
1098 4899 1218 4975 damu,
1241 4904 1271 4958 et
1289 4915 1350 4959 non
1372 4917 1439 4960 mm
1460 4900 1594 4978 strepitu
1625 4897 1791 4978 llunpidlle
1812 4899 1890 4958 edm
1912 4902 1943 4956 et
1960 4895 2033 4974 pta-

668 5000 737 5062 cide
764 4998 919 5060 descerfflt
945 4997 1069 5060 Verbum
1089 4995 1172 5058 Deus
1192 4997 1224 5057 in
1244 4995 1389 5075 Mamm,
1420 5004 1450 5059 et
1470 5017 1511 5058 ea
1531 5015 1570 5059 ea
1590 4998 1766 5060 acardus
1788 5003 1848 5072 est,
1877 5012 1937 5057 non
1966 5011 2033 5058 oum
