4730 6038
773 652 929 728 SEVERI
963 650 1260 728 ANTIOGHENI.
1627 653 1703 728 325

330 837 521 910 demonstra
550 833 633 929 erga
658 858 713 908 me
738 841 879 930 gratiam
905 847 1010 923 mam,
1038 859 1092 908 me
1117 837 1196 908 licet
1220 836 1389 928 indignum
1409 835 1546 908 salvans
1574 859 1703 910 secun-

331 951 407 1024 dum
433 955 666 1025 miserationes
693 963 785 1040 tuas,
810 963 847 1025 ut
871 953 1056 1045 glorificem
1090 961 1123 1023 te
1150 973 1285 1047 semper
1311 950 1463 1024 omnibus
1497 949 1614 1024 diebus
1640 958 1704 1026 vi-

331 1075 386 1138 tae
412 1089 519 1139 meae.

433 1181 584 1252 Menona
609 1203 735 1252 vocem.
788 1179 975 1252 Ecclesiam
1004 1190 1091 1252 tuam
1126 1189 1290 1268 sanctam,
1327 1203 1413 1276 quae
1447 1190 1499 1252 est
1532 1204 1552 1252 a
1584 1181 1707 1276 linibus

332 1296 375 1368 ad
400 1297 483 1370 lines
510 1308 640 1384 terrae,
668 1280 836 1368 conserva
863 1299 895 1365 in
924 1294 1073 1366 doctrina
1104 1299 1271 1382 veritatis,
1307 1308 1342 1367 nt
1378 1299 1533 1390 quonism]
1565 1293 1621 1368 illa
1655 1306 1709 1369 est

331 1434 452 1507 corpus
481 1411 603 1485 Christi
630 1415 693 1499 tui,
720 1412 943 1501 conjungatur
969 1409 1065 1482 simul
1092 1433 1164 1482 cum
1192 1415 1301 1506 capite
1334 1433 1406 1482 suo.
1457 1409 1567 1482 Etiam
1603 1433 1707 1484 erro-

329 1548 401 1599 rem
427 1531 582 1621 impium,
610 1537 643 1598 et
670 1550 690 1598 ιι
716 1524 861 1599 Diabolo
889 1535 998 1597 ortum
1025 1525 1156 1620 depelle
1184 1549 1229 1597 ex
1254 1523 1425 1598 animabus
1443 1528 1584 1598 nostris:
1612 1525 1708 1598 aufer

333 1645 508 1736 operarios
551 1645 777 1712 mercenarios
810 1650 843 1712 et
878 1643 1028 1733 iniquos,
1060 1641 1209 1713 maculas
1244 1639 1430 1713 haereseon
1470 1640 1561 1728 dele,
1596 1663 1708 1736 neque

329 1759 544 1850 permittent
570 1779 631 1853 per
658 1779 718 1828 eas
744 1755 991 1851 blasphemetur
1017 1778 1139 1827 nomen
1166 1766 1257 1828 tuum
1288 1757 1373 1827 inter
1407 1765 1536 1847 gentes.
1592 1755 1704 1826 Geni-

329 1873 418 1941 mina
447 1870 612 1942 haeretica
640 1894 725 1966 quae
751 1893 838 1942 nunc
864 1874 898 1942 in
924 1869 1080 1942 Ecclesia
1107 1879 1162 1942 tua
1189 1882 1267 1943 nata
1295 1881 1387 1958 sunt,
1415 1868 1533 1964 procul
1560 1869 1601 1940 ab
1630 1875 1704 1963 ejus

330 1987 467 2057 circuitu
495 1986 641 2081 depelle,
668 2009 778 2081 neque
804 1986 959 2077 negligas
986 2006 1110 2081 corpus
1137 1986 1347 2058 sacerdotale
1373 1985 1562 2072 Ecclesiae,
1589 1988 1635 2056 ita
1668 1994 1705 2057 ut

330 2104 441 2195 inique
477 2101 695 2191 discindatur,
729 2101 790 2174 sed
824 2111 990 2173 memento
1026 2101 1228 2195 reliquorum
1266 2101 1556 2188 Orthodoxorum,
1595 2123 1707 2196 neque

331 2214 543 2288 obliviscaris
571 2221 758 2290 testamenti
784 2221 851 2300 tui,
879 2219 955 2310 quia
982 2239 1148 2311 pauperes
1175 2217 1255 2289 lacti
1282 2239 1394 2288 sumus
1416 2215 1525 2288 valde.
1579 2215 1707 2287 Verum

332 2330 453 2422 adJuva
480 2353 534 2402 me
560 2333 653 2404 Deus
679 2342 714 2403 et
739 2331 898 2404 Salvator
923 2340 1055 2419 noster,
1083 2343 1220 2428 propter
1246 2332 1389 2424 gloriam
1416 2333 1556 2404 nominis
1578 2335 1643 2404 tui:
1671 2340 1706 2402 et

330 2443 515 2517 referemus
542 2446 600 2518 tibi
627 2447 769 2538 gloriam
795 2457 829 2518 et
855 2446 997 2518 laudem.

433 2561 610 2634 Sacerdos
635 2563 828 2633 inclinatos.
880 2561 1050 2634 Memento
1065 2563 1209 2635 Domine
1235 2560 1486 2634 benefactorum
1501 2571 1704 2648 nostrorum,

331 2696 538 2771 quocumque
564 2677 682 2764 modo,
710 2687 744 2748 et
769 2678 914 2749 retribue
940 2676 1004 2750 illis
1032 2679 1118 2751 dona
1146 2677 1438 2766 abundantissima,
1466 2688 1501 2748 ut
1525 2681 1622 2748 etiam
1641 2675 1705 2746 illis

334 2795 388 2886 qui
414 2813 582 2888 pauperes
609 2801 813 2883 sustentant,
841 2796 897 2888 qui
922 2798 1123 2889 peregrinos
1157 2799 1357 2890 suscipiunt,
1384 2803 1417 2865 et
1448 2791 1706 2866 necessitatibus

332 2918 523 2980 sanctorum
556 2911 814 2995 communicant,
856 2919 889 2980 et
928 2930 1061 2982 omnem
1095 2909 1258 2981 bonorum
1301 2908 1464 2980 fructuum
1499 2907 1703 2980 fertilitatem
1777 2921 1788 2946 ‘

333 3021 482 3094 offerunt.
535 3023 696 3096 Retribue
723 3024 787 3096 illis
813 3027 847 3096 in
874 3024 928 3095 die
950 3024 1064 3117 judicii
1087 3027 1178 3115 justi.
1231 3025 1400 3096 Memento
1428 3026 1529 3095 etiam
1562 3023 1706 3094 Domine

332 3159 446 3210 eorum
486 3142 542 3233 qui
582 3138 681 3211 bodie
716 3139 905 3212 obtulemnt
943 3137 1004 3211 has
1040 3139 1246 3228 oblationes,
1281 3149 1314 3210 et
1344 3160 1459 3210 eorum
1490 3161 1552 3233 pro
1587 3136 1705 3231 quibus

333 3251 466 3326 oblatae
493 3264 584 3342 sunt,
612 3265 645 3326 et
672 3276 787 3326 eorum
815 3257 1012 3348 quicumque
1039 3255 1125 3326 idem
1152 3257 1184 3324 in
1211 3263 1322 3325 mente
1349 3253 1543 3325 habuerunt.

436 3369 586 3440 Monens
610 3392 737 3442 nocem.
790 3369 875 3442 Esto
901 3370 1044 3441 Domine
1069 3369 1178 3440 viduis
1206 3378 1425 3457 sustentator,
1458 3366 1615 3462 orphanis
1642 3387 1706 3434 re·-

331 3485 475 3577 iugium,
502 3485 637 3559 senibus
664 3485 822 3574 baculus,
845 3487 1008 3575 juventuti
1036 3484 1272 3580 paedagogus,
1307 3495 1342 3555 et
1367 3483 1498 3554 illomm
1525 3484 1580 3574 qui
1613 3480 1707 3571 inju-

332 3603 416 3671 riam
442 3603 609 3695 patiuntur
636 3600 784 3691 adJutcr,
811 3622 926 3672 eorum
954 3603 1009 3694 qui
1037 3624 1057 3671 ιι
1089 3599 1183 3672 malis
1219 3600 1386 3694 spiritibus
1419 3605 1586 3669 tentantur
1615 3592 1708 3664 libe-

333 3723 434 3786 rator.
487 3716 652 3789 Miserere
677 3716 807 3788 illorum
836 3720 891 3810 qui
918 3713 1088 3787 doloribus
1124 3725 1159 3786 et
1192 3712 1433 3786 infirmitatibus
1469 3709 1709 3796 conflictantur,

334 3829 432 3901 solve
458 3830 534 3902 illos
562 3835 616 3924 qui
643 3834 733 3904 omni
760 3853 887 3922 genere
914 3834 1143 3926 oppressionis
1163 3841 1220 3902 aut
1234 3831 1477 3926 persecutionis
1502 3825 1707 3898 obsidentur.

334 3945 531 4018 lucurvatos
559 3946 684 4039 dirige,
712 3969 773 4018 eos
801 3951 855 4041 qui
881 3947 1074 4019 ceciderunt
1100 3950 1212 4038 erige,
1239 3967 1347 4038 neque
1374 3948 1477 4028 sinas,
1505 3949 1540 4010 ut
1555 3959 1709 4010 somnum

333 4065 464 4153 peccati
490 4061 652 4135 ullatenus
680 4063 898 4148 dormiamus,
932 4064 988 4156 qui
1015 4061 1057 4132 ad
1083 4071 1223 4133 mortem
1258 4071 1428 4132 aeternam
1461 4055 1612 4129 deducit:
1646 4052 1708 4123 sed

332 4195 395 4247 nos
423 4196 540 4250 omnes
566 4201 628 4273 per
659 4181 895 4274 poenitentiam
928 4177 1064 4272 purifica
1098 4187 1133 4247 et
1161 4197 1224 4272 per
1254 4175 1424 4270 lacrymas
1458 4174 1708 4243 conversionis:

336 4301 369 4361 et
394 4289 580 4365 referemus
607 4293 665 4366 tibi
691 4293 844 4384 gloriam.

440 4406 616 4482 Sacerdos
647 4409 840 4480 inclinatus.
898 4407 1068 4480 Memento
1103 4405 1247 4477 Domine
1276 4399 1291 4440 ⁶
1318 4403 1450 4495 Regum
1484 4393 1709 4473 Ortbodoxo-

335 4543 406 4592 nrm
435 4530 470 4592 et
496 4534 635 4612 terram,
662 4523 826 4618 simulque
853 4523 1008 4618 quidquid
1034 4542 1137 4617 super
1163 4520 1253 4593 illam
1271 4529 1336 4606 est,
1364 4517 1519 4615 pacifice:
1546 4526 1582 4586 ut
1606 4517 1712 4585 vitam

336 4635 543 4730 tranquillam
571 4651 605 4712 et
632 4643 775 4736 quietam
803 4640 978 4726 ducamus,
1005 4660 1147 4710 vacuam
1175 4647 1209 4708 et
1233 4635 1374 4709 liberam
1401 4657 1421 4705 a
1447 4628 1552 4705 turbis
1572 4641 1606 4702 et
1620 4651 1711 4702 con-

335 4753 547 4826 tentionibus.

436 4868 588 4940 Eteonos
613 4891 739 4940 uocem.
792 4868 908 4962 Reges
935 4867 1050 4939 fideles
1077 4878 1111 4939 et
1142 4888 1261 4963 pacem
1295 4875 1444 4938 amantes
1477 4863 1616 4959 pacifica
1648 4883 1711 4957 per

333 4987 514 5075 potentiam
542 4994 631 5056 tuam
659 4983 848 5072 excelsam,
876 4993 910 5055 et
936 4983 1070 5054 ordines
1098 5005 1214 5054 eorum
1242 4985 1297 5076 qui
1324 4982 1538 5052 ministerium
1554 4987 1588 5048 et
1602 4977 1708 5047 auxi-

333 5093 411 5168 bum
438 5097 601 5193 praebent
635 5100 799 5174 adversus
831 5098 945 5171 hostes
980 5101 1078 5189 regni
1114 5096 1237 5169 Christi
1270 5098 1334 5186 tui;
1367 5095 1514 5187 adjunge
1547 5092 1640 5176 illos,
1676 5097 1711 5159 et

1417 5209 1493 5284 44*
1604 5277 1608 5282 .
