4712 6032
636 602 666 680 s.
692 599 892 676 nosrnrnn
916 599 1180 676 rnrnrmoms
1206 596 1449 674 nmroonmr.
1656 595 1732 670 235
1809 551 1812 559 ’

464 786 640 858 Sacerdos
665 785 857 856 inclinatus.
911 785 1044 858 Gratias
1062 807 1212 877 agamus,
1241 783 1430 871 adoremus,
1458 793 1492 855 ει
1507 781 1733 876 glorificemus

358 905 510 990 Patrem,
536 899 671 990 nitrum,
699 911 733 972 et
759 900 916 996 Spiritum
944 911 1094 972 sanctum
1119 923 1220 971 unum
1246 898 1353 970 Deum
1380 921 1509 972 verum.

464 1017 615 1089 Eleooos
640 1035 766 1086 oocera.
819 1015 1100 1107 Magnificentiam
1128 1025 1216 1086 tuam
1233 1015 1376 1087 Domine
1402 1013 1590 1106 glorificant
1617 1033 1733 1085 omnes

360 1137 501 1206 virtutes
538 1133 699 1202 materiae
734 1140 910 1224 expertes:
945 1129 1098 1222 legiones
1135 1127 1355 1200 inllammatae
1395 1152 1441 1200 ex
1472 1127 1604 1200 flamma
1645 1148 1733 1221 pro-

361 1248 498 1319 ductae:
526 1250 660 1338 agmina
687 1245 836 1317 ardentia
864 1245 1044 1317 Cherubim
1075 1245 1227 1318 tortium:
1262 1253 1391 1316 turmae
1424 1241 1590 1316 terribiles
1624 1241 1734 1314 Sera-

359 1362 448 1459 phim
475 1372 683 1450 sanctorum3
710 1363 765 1456 qni
798 1371 975 1434 moventes
1011 1360 1082 1432 alas
1117 1359 1212 1446 suas,
1249 1359 1409 1450 clamant,
1441 1359 1669 1432 vociferantur
1702 1369 1736 1430 et

361 1478 480 1549 dicunt

465 1591 627 1684 Populus.
680 1589 839 1677 Sancurs,
867 1589 1028 1677 SanctuS,
1055 1590 1208 1662 Sanctus

464 1706 640 1778 Sacerdos
666 1705 858 1775 inclinatus.
912 1705 1032 1776 Trinas
1059 1705 1337 1778 sanctificationes
1355 1706 1522 1778 oderimus
1545 1704 1615 1794 tibi,
1642 1706 1735 1777 Dens

360 1823 480 1909 Pater,
510 1829 544 1891 et
569 1824 739 1912 unigenito
766 1819 851 1891 Filio
887 1829 964 1908 tuo,
998 1827 1032 1889 et
1064 1820 1200 1916 Spiritui
1235 1831 1292 1892 tuo
1332 1829 1464 1895 sancto:
1505 1823 1735 1916 nequeenim

360 1933 592 2008 mensurabilis
620 1945 672 2008 εει
698 1935 856 2007 sanctitas
883 1945 939 2006 tua
966 1935 1126 2008 Domine:
1154 1940 1209 2031 qui
1235 1957 1309 2006 cnm
1335 1935 1460 2028 indigni
1475 1959 1638 2026 essemus,
1665 1939 1732 2007 mi-

361 2054 433 2124 sisti
445 2050 563 2122 Filium
589 2060 679 2122 tuum
705 2053 739 2120 in
765 2049 920 2121 mnndum
946 2072 1008 2144 pro
1035 2050 1140 2123 salute
1167 2059 1299 2146 nostra:
1327 2063 1488 2148 ortusque
1505 2063 1556 2126 est
1578 2075 1624 2123 ex
1648 2051 1734 2122 Vir-

361 2169 456 2258 gine,
484 2176 518 2236 et
543 2187 606 2260 per
630 2174 770 2236 mortem
799 2187 892 2236 suam
926 2167 1029 2237 vitam
1056 2169 1219 2260 praestitit
1245 2165 1435 2238 mortalitati
1461 2176 1607 2239 nostrae.

465 2279 618 2350 Eteonos
643 2301 769 2352 ccccm.
824 2279 888 2365 Qui
915 2301 988 2350 cnm
1017 2278 1187 2352 voluntate
1213 2303 1291 2371 sua,
1320 2285 1414 2376 quasi
1429 2282 1646 2355 succidaneos
1671 2302 1734 2375 pro

360 2395 458 2467 nobis
484 2394 717 2489 peccatoribus
744 2398 837 2465 venit
864 2393 906 2466 ad
933 2405 1093 2486 mortem,
1121 2401 1252 2492 accepit
1277 2419 1398 2492 panem
1433 2403 1467 2468 in
1502 2418 1620 2468 manns
1656 2417 1735 2468 snas

361 2519 513 2596 sanctas,
546 2511 575 2596 l·
605 2507 793 2596 benedixit,
829 2517 850 2592 †
885 2509 1119 2600 sanctificavit,
1162 2510 1188 2604 †
1223 2512 1340 2604 fregit,
1377 2513 1531 2608 deditque
1565 2511 1735 2606 discipulis

362 2629 430 2699 suis
458 2627 599 2728 sanctis,
627 2634 661 2696 ει
688 2623 785 2697 dixit:
813 2627 954 2720 accipite
981 2626 1177 2698 manducate
1204 2623 1345 2700 exleot
1377 2622 1391 2661 ²
1418 2629 1493 2701 lloo
1527 2637 1580 2700 εει
1612 2649 1736 2722 corpus

361 2765 489 2832 meum,
503 2741 604 2836 quod
637 2765 702 2816 vos
729 2753 762 2813 et
797 2764 914 2814 omnes
948 2745 1168 2838 suscipientes
1200 2743 1280 2815 illud
1311 2743 1447 2834 fideles,
1478 2753 1659 2840 praeparat
1694 2741 1737 2812 ad

361 2860 464 2931 vitam
491 2868 672 2930 aeternam.

419 3033 427 3042 ,
465 2973 627 3065 Populos.
680 2975 800 3046 Amen.

438 3087 652 3162 'Sacerdos
705 3089 863 3162 Similiter
889 3103 923 3163 ει
949 3091 1087 3164 calicem
1116 3114 1215 3187 quem
1241 3093 1420 3163 miscuerat
1454 3093 1535 3161 vino
1572 3095 1605 3158 et
1638 3111 1737 3182 aqua,

363 3207 392 3292 ι
417 3203 603 3295 benedixit,
634 3208 663 3293 l
697 3205 934 3296 sanctificavit,
970 3209 999 3294 ι
1025 3215 1058 3278 ει
1091 3207 1181 3277 dedit
1214 3207 1332 3278 iisdem
1359 3207 1526 3300 discipulis
1554 3206 1677 3275 sanctis
1704 3211 1739 3273 et

364 3321 462 3393 dixit:
489 3323 659 3416 Accipite,
686 3321 788 3393 bibite
815 3342 862 3392 ex
888 3343 929 3393 eo
960 3343 1026 3394 vos
1063 3343 1194 3394 omnes:
1220 3321 1283 3392 llio
1310 3333 1363 3394 est
1397 3323 1534 3413 sanguis
1561 3339 1655 3389 mens
1683 3319 1747 3411 qui,
1803 3375 1804 3380 ,

363 3457 426 3508 vos
455 3445 488 3506 et
516 3458 634 3508 omnes
661 3439 882 3532 suscipientes
913 3459 987 3508 enm
1023 3433 1138 3509 fideles
1162 3449 1341 3533 praeparat
1363 3439 1529 3508 advitam
1556 3444 1737 3505 aeternam.

466 3550 628 3644 Populus.
681 3555 801 3625 Amen.
1460 3577 1463 3582 ’

466 3666 650 3738 Sacerdos.
704 3668 773 3740 Sed
800 3680 834 3740 et
866 3666 998 3762 quando
1032 3672 1226 3762 mysterium
1259 3669 1345 3742 istud
1379 3666 1612 3754 celebrabitis,
1647 3667 1738 3756 agite

364 3786 558 3853 memoriam
585 3787 701 3854 mortis
728 3805 845 3871 meae,
873 3783 983 3855 donec
1008 3767 1153 3855 veniam.
1235 3789 1239 3796 '
1585 3784 1587 3790 '

467 3898 628 3989 Populus.
681 3897 800 3969 Mortis
827 3908 905 3969 tuae
931 3898 1074 3969 Domine
1101 3902 1295 3970 memoriam
1323 3903 1461 3992 agimus.

468 4011 652 4085 Sacerdos.
706 4015 815 4086 Etiam
843 4011 1019 4085 adventum
1046 4023 1134 4085 tuum
1162 4014 1360 4102 salutarem,
1389 4025 1422 4085 et
1449 4011 1628 4084 secundum
1648 4011 1738 4084 illum

364 4127 590 4199 retributionis
631 4139 929 4202 commemorantes
970 4129 1132 4230 Domine,
1174 4128 1290 4202 landes
1334 4151 1406 4200 cum
1448 4129 1739 4223 deprecationibus

364 4245 529 4334 majestati
562 4252 639 4314 tuae
672 4243 859 4334 offerimus,
893 4259 927 4319 ut
955 4247 988 4316 in
1015 4244 1068 4316 die
1094 4245 1151 4316 illo
1178 4267 1302 4337 magno
1326 4243 1441 4337 judicii
1468 4248 1513 4314 tui
1536 4247 1638 4336 justi,
1671 4266 1739 4315 non
1803 4313 1805 4318 ,

363 4382 426 4456 per
451 4369 591 4455 peccata
617 4369 732 4434 nostra
757 4362 876 4434 bamus
903 4364 997 4436 cibus
1026 4360 1206 4434 carbonum
1234 4364 1334 4452 ignis,
1361 4359 1616 4454 alimentumqne
1638 4359 1740 4431 flam-

363 4496 440 4546 mae
466 4475 637 4548 terribibs:
663 4498 731 4548 non
758 4476 992 4570 demergamur
1018 4480 1051 4548 in
1078 4499 1170 4549 mare
1189 4476 1327 4566 ardens,
1355 4483 1410 4546 aut
1427 4477 1545 4567 jactati
1560 4473 1740 4545 obruamur

364 4587 516 4663 fluctibns
544 4594 678 4682 ignium.
731 4591 808 4664 Non
838 4597 939 4667 simus
967 4593 1131 4664 haeredes
1159 4595 1387 4687 suspiriorum:
1419 4611 1528 4684 neque
1561 4588 1738 4679 gemitibus

365 4704 498 4777 acerbis
525 4704 662 4778 addicas
695 4728 773 4780 nos:
806 4730 874 4779 non
909 4709 1025 4780 bamus
1056 4708 1260 4780 habitatores
1295 4706 1446 4779 loconrm
1474 4703 1738 4793 tenebrosorum,

365 4829 400 4891 ει
424 4825 601 4913 regionum
629 4825 748 4894 timore
773 4823 960 4917 plenarum:
988 4845 1055 4894 non
1082 4823 1182 4894 alieni
1206 4822 1323 4894 bamus
1357 4819 1398 4891 ab
1433 4819 1637 4892 haereditate
1671 4831 1740 4905 tua,

365 4955 474 5030 neque
500 4940 625 5032 privati
657 4936 877 5010 familiaritate
917 4949 991 5011 tna:
1025 4937 1086 5014 sed
1119 4961 1193 5010 oum
1226 4940 1373 5009 invitatis
1407 4935 1449 5008 ud
1481 4933 1740 5007 recumbendum

365 5060 491 5142 tecum,
529 5063 564 5124 ει
593 5056 726 5126 voeatis
759 5053 802 5126 ad
833 5057 1025 5128 convivium
1060 5064 1150 5125 tuum
1183 5056 1350 5145 conjungo
1382 5074 1463 5140 nos,
1498 5061 1531 5122 et
1562 5048 1741 5145 splendore

301 5195 307 5205 ¹
419 5189 542 5232 torruit
586 5181 590 5188 '
1465 5169 1514 5242 33
