4730 6038
997 1076 1597 1258 illorum

763 1410 1307 1540 Potuerunt
1391 1407 1925 1530 nrlsoorr

889 1653 1200 1748 MABUGENSIS,
1228 1655 1312 1732 SEU
1337 1649 1703 1730 HIEROPOLITANI.

1100 1927 1222 2000 Oratio
1250 1933 1330 1999 onte
1356 1926 1494 1998 Pacem.

693 2123 809 2227 Duos
842 2153 911 2222 vita
943 2153 1105 2238 omnium,
1136 2149 1195 2250 lun
1228 2162 1305 2223 ante
1338 2152 1429 2222 initia
1462 2170 1574 2220 rernm
1606 2150 1756 2221 existens
1791 2159 1825 2222 et
1855 2152 1979 2224 nostris

616 2268 768 2342 omnibns
795 2265 1049 2358 cogitationibus
1077 2266 1261 2354 excelsior,
1299 2267 1419 2360 dignos
1450 2265 1543 2338 effice
1575 2286 1654 2351 nos,
1690 2275 1726 2336 ut
1756 2288 1830 2338 cum
1863 2269 1980 2340 timore

614 2395 739 2458 stemus
766 2405 879 2455 coram
906 2393 957 2471 te,
985 2381 1102 2453 dantes
1128 2382 1226 2456 nobis
1253 2385 1396 2455 invicem
1423 2404 1558 2478 pacem,
1591 2385 1625 2452 in
1652 2383 1789 2454 caritate
1822 2385 1981 2475 unigeniti

612 2497 688 2572 Filii
715 2503 778 2572 tui:
804 2522 866 2595 per
894 2521 990 2592 quem
1018 2507 1051 2570 et
1078 2521 1151 2570 cnm
1179 2521 1244 2594 quo
1272 2509 1305 2571 te
1332 2499 1428 2571 decet
1454 2497 1580 2592 gloria,
1615 2496 1723 2571 bonor
1749 2509 1783 2570 et
1807 2502 1981 2594 imperium

613 2637 687 2688 cnm
711 2616 836 2712 Spiritu
853 2624 909 2687 tuo
926 2617 1148 2706 sanctissimo,
1174 2614 1276 2705 bono,
1304 2615 1486 2705 adorando,
1514 2613 1715 2701 vivificante,
1742 2612 1866 2708 tibique
1892 2636 1981 2688 con-

613 2729 841 2824 substantiali,
868 2753 971 2814 nnnc,
999 2741 1061 2802 etc.

720 2845 881 2940 Populus.
934 2848 1054 2921 Arnen.

720 2963 904 3037 Soccrrloo.
956 2964 1040 3035 Pax.

720 3078 882 3172 Populos.
934 3078 979 3150 Et
1004 3102 1078 3150 cnm
1105 3080 1220 3173 spiritu
1247 3088 1312 3150 tuo.

719 3196 905 3267 Diaconos.
959 3193 1026 3266 Det
1053 3198 1190 3289 quisque
1216 3216 1359 3290 pacem.¹

717 3311 878 3406 Populus.
931 3311 1062 3403 Dignos
1088 3310 1152 3382 fac.

719 3429 906 3499 Diaconos.
959 3427 1147 3522 Postquam.

721 3543 883 3637 Populuc.
937 3542 1064 3616 Coram
1088 3553 1132 3615 te.

719 3659 903 3731 Sacerdos.
955 3659 1139 3732 Dexteram
1167 3670 1256 3731 tuam
1281 3657 1481 3732 invisibilem
1506 3660 1648 3731 Domine
1676 3659 1827 3750 demitte,
1853 3675 1888 3736 et
1912 3664 1980 3737 bc-

616 3777 713 3849 nedic
728 3777 924 3850 adoratores
950 3785 1037 3863 tuos,
1064 3777 1119 3870 qui
1137 3798 1223 3847 nunc
1248 3775 1566 3848 inclinanturcoram
1591 3785 1639 3847 te:
1666 3798 1728 3871 per
1746 3777 1980 3854 multitudinem

616 3898 863 3968 miserationum
895 3895 1054 3986 unigeniti
1080 3892 1155 3964 Filii
1181 3897 1245 3983 tui,
1276 3913 1339 3987 per
1371 3913 1486 3985 quem,
1522 3899 1556 3962 et
1590 3913 1663 3962 cum
1699 3914 1782 3988 quo,
1817 3906 1850 3967 te
1883 3897 1981 3972 decet

617 4010 736 4102 gloria,
762 4009 884 4098 bonor,
911 4019 945 4081 et
969 4018 1131 4105 potestus,
1159 4031 1232 4080 cum
1260 4007 1384 4103 Spiritu
1410 4016 1480 4096 tuo,
1507 4010 1730 4096 sanctissimo,
1755 4010 1857 4104 bono,
1890 4014 1981 4088 ado-

617 4125 741 4216 rando,
767 4125 975 4211 vivificante,
1003 4123 1126 4219 tibique
1153 4123 1440 4210 consubstantiali,
1467 4145 1572 4214 nunc,
1599 4133 1660 4196 etc.

721 4241 880 4334 Populus.
935 4242 1053 4315 Amen.

720 4357 895 4429 Sacerdos
921 4356 1006 4428 ttctt
1033 4357 1230 4427 Oroliooem
1254 4377 1356 4450 cuper
1382 4351 1498 4427 celum.
2011 4443 2015 4452 ,

722 4473 772 4546 Te
800 4473 1018 4570 deprecamur
1044 4475 1077 4543 in
1102 4471 1166 4544 bac
1192 4471 1275 4546 hora
1300 4472 1454 4563 bomne,
1481 4481 1516 4542 ut
1542 4469 1601 4544 des
1621 4471 1881 4567 nobis'gratiam
1896 4473 1980 4570 Spi-

619 4593 701 4663 ritus
736 4591 782 4660 tui
815 4592 937 4678 sancti,
979 4600 1012 4662 et
1052 4588 1253 4662 corrobores
1292 4610 1356 4661 nos
1387 4588 1430 4660 ml
1460 4590 1675 4661 ministerium
1705 4589 1769 4664 boc
1799 4589 1981 4690 spirimale,

620 4705 846 4801 depellasqne‚
874 4715 907 4777 et
933 4708 1047 4799 ejicias
1074 4702 1217 4778 anobis
1244 4727 1361 4779 omnes
1396 4707 1614 4796 cogitationes
1640 4705 1774 4800 foedas,
1809 4716 1844 4780 et
1868 4705 1980 4802 pban-

618 4830 761 4894 tremata
796 4829 944 4893 terrena:
979 4843 1041 4916 per
1072 4821 1279 4894 clementiam
1312 4823 1471 4912 unigeniti
1497 4819 1571 4892 Filii
1603 4824 1666 4895 tui:
1700 4845 1761 4919 per
1796 4843 1911 4920 quem,
1946 4832 1981 4894 et

621 4960 695 5010 cum
723 4958 786 5031 qno
814 4947 847 5009 te
874 4936 971 5008 decet
997 4936 1124 5030 gloria,
1150 4936 1256 5011 bonor
1283 4947 1317 5009 et
1342 4939 1531 5031 imperium,
1563 4959 1636 5010 cum
1663 4938 1786 5036 Spiritu
1812 4949 1868 5011 tuo
1895 4960 1980 5012 san-

621 5055 768 5126 ctissimo
795 5063 829 5126 et
856 5053 965 5144 bono,
992 5063 1054 5126 eto.
