4814 6060
377 642 384 657 ·
555 618 857 697 lGNlel
910 619 1549 715 utilioremque.
1673 622 1749 697 509

371 804 503 898 legibus
532 804 651 878 divinis
678 809 752 894 tuis,
781 820 814 881 et
839 808 1024 880 referemus
1051 805 1110 880 tibi
1126 807 1269 898 gloriam
1287 818 1321 879 et
1339 805 1483 898 laudem,
1510 810 1748 905 unigenitoque

372 921 458 994 Filio
486 929 554 1009 tuo,
583 932 616 993 et
642 921 779 1017 Spiritui
806 933 861 996 tuo
889 925 1099 996 sanctissimo
1128 933 1160 994 et
1187 921 1288 996 bono.

477 1037 639 1130 Populus.
692 1039 813 1111 Amen.

473 1153 662 1226 Sacerdos.
716 1155 800 1225 Pax.

478 1268 639 1363 Populus.
691 1267 736 1340 Et
763 1292 837 1342 cum
864 1273 981 1365 spiritu
1008 1282 1074 1342 tuo.

476 1385 665 1456 Diaconos.
718 1387 785 1457 Det
810 1409 929 1482 pacem
957 1389 1191 1481 unusquisque.

475 1497 660 1591 Sacerdos.
713 1499 858 1574 Demitte
885 1502 1058 1574 dexteram
1084 1512 1173 1574 tuam
1192 1501 1325 1598 plenam
1346 1501 1574 1592 misericordia
1591 1504 1747 1595 Domine,

374 1620 429 1712 qui
454 1622 488 1690 iu
516 1616 590 1688 altis
616 1615 746 1691 habitas
774 1629 807 1688 et
833 1617 965 1689 humilia
1000 1619 1162 1712 respicis,
1196 1628 1231 1689 et
1264 1616 1405 1688 benedic
1441 1622 1524 1692 istos
1560 1639 1681 1693 servos
1715 1630 1748 1692 et

376 1732 574 1806 adoratores
603 1743 690 1822 tuos,
717 1736 773 1828 qui
799 1755 886 1804 nunc
912 1732 1015 1805 corde
1051 1737 1210 1823 contrito,
1246 1743 1279 1805 et
1312 1755 1388 1805 cum
1422 1737 1520 1806 animi
1547 1734 1748 1828 dejectione,

375 1847 463 1922 colla
491 1871 551 1921 sua
578 1848 821 1922 inclinaverunt
848 1871 961 1922 coram
990 1848 1086 1921 altari
1112 1859 1169 1923 tuo
1197 1858 1332 1946 sancto:
1374 1859 1408 1920 et
1444 1858 1604 1923 staturam
1641 1855 1747 1946 spiri-

372 1965 493 2038 tualem
521 1969 702 2036 animarum
719 1967 861 2038 omnium
884 1975 1033 2038 nostrum
1061 1967 1116 2059 qui
1142 1968 1356 2038 incurvamur
1383 1964 1443 2037 sub
1473 1964 1632 2039 oneribus
1659 1990 1748 2060 gra-

372 2083 517 2153 vissimis
543 2091 772 2176 peccatorum,
799 2080 963 2168 extende,
992 2091 1025 2152 et
1051 2083 1146 2172 erige
1173 2102 1248 2152 eam
1274 2080 1412 2154 brachio
1440 2089 1497 2155 tuo
1524 2079 1602 2153 forti
1628 2092 1662 2153 et
1687 2087 1746 2156 iu-

372 2195 508 2268 visibili:
544 2206 579 2268 ut
606 2195 647 2268 ad
674 2194 894 2268 babitaculum
928 2195 1007 2268 illud
1034 2195 1166 2268 beatum
1203 2195 1290 2268 unde
1323 2219 1386 2291 per
1420 2199 1561 2291 iniquam
1597 2206 1748 2270 nostram

372 2311 618 2385 inclinationem
646 2316 778 2404 egressi
804 2333 936 2401 sumus,
969 2322 1198 2404 revertamur,
1233 2316 1474 2412 veniamusque
1501 2322 1536 2383 et
1560 2311 1747 2384 habitemus

371 2426 703 2523 imperturbabiliter,
735 2437 836 2522 atque
870 2427 1052 2501 domestice
1080 2449 1178 2523 quam
1204 2431 1368 2519 maxime,
1401 2437 1435 2500 et
1468 2426 1654 2500 referemus
1689 2427 1748 2501 tibi

373 2543 529 2634 gloriam,
557 2553 618 2615 etc.

476 2658 639 2752 Populus.
691 2659 811 2731 Amen.

475 2773 660 2846 Sacerdos.
713 2775 747 2847 A
781 2787 815 2847 te
849 2777 935 2846 euim
961 2775 1063 2847 Pater
1088 2775 1256 2864 luminum,
1284 2787 1318 2848 et
1344 2777 1437 2850 Deus
1465 2779 1627 2864 veritatis,
1655 2780 1748 2848 venit

371 2898 405 2961 et
436 2889 505 2962 fluit
537 2911 637 2962 omne
671 2890 793 2962 donum
829 2888 970 2977 bonum,
1003 2901 1037 2961 et
1063 2890 1263 2986 perfectum:
1298 2894 1352 2987 qui
1388 2915 1408 2963 a
1443 2894 1605 2988 principio
1639 2914 1747 2984 genus

369 3006 722 3099 nostrumhumapum
748 3007 1017 3101 perpotentiam
1051 3010 1234 3099 majestatis
1268 3017 1346 3078 tuae
1380 3030 1426 3079 ex
1460 3007 1561 3080 nihilo
1590 3007 1747 3095 eduxisti,

371 3120 459 3216 quod
486 3124 586 3193 etiam
612 3124 806 3214 magisterio
834 3121 965 3210 domus,
992 3132 1026 3194 et
1052 3120 1224 3217 disciplina
1249 3121 1336 3214 legis
1363 3133 1439 3194 tuae
1466 3122 1578 3194 divina
1606 3127 1746 3213 ornasti,

370 3245 405 3308 et
430 3240 609 3328 instituisti,
636 3247 671 3309 ut
696 3260 763 3310 non
790 3235 1003 3324 illiberaliter,
1031 3259 1094 3309 nec
1126 3247 1261 3333 praeter
1286 3247 1413 3309 rectam
1447 3259 1574 3310 mamm
1608 3242 1746 3310 institu-

371 3353 533 3425 endorum
559 3351 710 3445 regulam
737 3363 881 3425 mentem
913 3355 1044 3424 tertiam
1078 3363 1310 3438 conservaret,
1336 3355 1369 3424 in
1396 3353 1556 3446 dignitate
1582 3352 1747 3428 mentibus

372 3467 509 3540 secundi
536 3469 661 3541 ordinis
689 3478 911 3563 competente,
939 3491 1026 3563 quae
1045 3473 1173 3564 primae
1186 3473 1305 3542 mentis
1319 3482 1396 3542 sunt
1412 3472 1592 3543 ministrae.
1620 3469 1746 3542 Verum

372 3606 448 3657 cum
474 3582 573 3656 bomo
600 3583 751 3656 muliebri
777 3583 979 3680 palpatione,
1008 3585 1050 3657 ad
1076 3607 1117 3657 ea
1154 3608 1240 3680 quae
1272 3584 1359 3657 humi
1393 3596 1530 3681 serpunt
1566 3585 1747 3674 declinans
1832 3605 1835 3610 “

325 3689 327 3692 ’
372 3723 410 3773 se
446 3700 509 3774 illis
542 3701 779 3797 implicuisset,
813 3724 881 3775 non
916 3703 1098 3774 sustinuisti
1128 3713 1163 3773 ut
1196 3723 1280 3797 opus
1314 3723 1468 3774 manuum
1502 3713 1652 3792 tuamm,
1685 3723 1748 3797 per

370 3817 614 3914 improbitatem
646 3817 810 3890 maledicti
843 3817 947 3908 illius,
988 3816 1187 3906 rebellaret,
1221 3817 1282 3889 sed
1315 3839 1438 3910 magno
1475 3839 1558 3909 erga
1593 3817 1746 3888 homines

371 3955 500 4022 amore,
527 3935 730 4024 unigenitum
757 3934 876 4006 Filium
903 3943 992 4006 tuum
1019 3936 1135 4006 misisti
1159 3934 1393 4028 personaliter,
1420 3931 1462 4004 ad
1490 3933 1629 4005 salutem
1655 3936 1747 4004 ima-

373 4052 461 4139 ginis
488 4057 575 4121 tuae.
629 4047 738 4120 Etiam
766 4072 812 4122 ex
842 4049 899 4122 illo
931 4049 1128 4122 infirmitatis
1160 4049 1262 4122 exilio
1289 4052 1323 4120 in
1351 4071 1417 4143 quo
1440 4049 1577 4140 jacebat
1604 4047 1749 4120 eduxisti

371 4187 464 4237 eam:
499 4169 566 4237 imo
599 4170 797 4239 concessisti
830 4170 861 4236 ei
896 4189 958 4262 per
995 4169 1137 4259 gratiam
1176 4177 1263 4238 tuam
1299 4177 1335 4260 ut
1366 4165 1478 4238 divina
1511 4165 1623 4236 lieret:
1657 4163 1748 4258 quod

371 4280 523 4378 polliceri
548 4279 614 4361 sibi
636 4302 799 4376 nusquam
828 4305 910 4354 ausa
945 4281 1063 4356 fuisset
1095 4292 1129 4353 et
1161 4284 1355 4379 mysterium
1382 4279 1447 4352 boe
1473 4301 1627 4371 magnum
1655 4277 1745 4373 quod

372 4396 600 4471 absconditum
626 4397 737 4470 fuerat
763 4422 782 4470 a
810 4395 974 4470 mentibus
1010 4401 1155 4469 omnium
1182 4401 1377 4492 quicumque
1403 4396 1483 4468 facti
1509 4404 1597 4482 suut,
1624 4393 1745 4468 mundo

369 4512 542 4604 revelasti,
567 4536 630 4609 per
655 4515 914 4586 incarnationem
943 4511 1067 4584 Christi
1098 4516 1152 4584 tui.
1210 4513 1442 4609 Deprecamur
1468 4515 1580 4606 itaque
1607 4518 1640 4583 te
1666 4510 1747 4582 Do-

369 4633 457 4702 mine
483 4628 606 4701 multae
633 4629 897 4719 misericordiae,
923 4637 1052 4700 utnon
1078 4638 1215 4723 propter
1240 4631 1429 4724 iniquitates
1456 4637 1603 4716 nostras,
1629 4627 1745 4720 prives
1799 4689 1801 4694 .

370 4766 432 4820 uos
460 4747 692 4818 commuuione
725 4744 843 4818 horum
875 4746 1110 4840 mysteriorum
1146 4754 1337 4820 sauctorum
1370 4755 1404 4816 et
1435 4743 1651 4830 coelestium,
1683 4737 1746 4813 sed

371 4859 521 4933 concede
546 4858 800 4934 nobisDomine
826 4881 888 4956 per
914 4855 1029 4932 eorum
1047 4864 1305 4955 susceptionem,
1332 4859 1516 4933 custodiam
1533 4856 1746 4950 Angelicam,

371 4977 567 5049 affluentiam
601 4976 885 5063 benedictionum,
921 4978 1122 5070 veniamque
1155 4979 1498 5070 praevaricationum,
1532 4983 1568 5046 ut
1598 4993 1684 5068 pure
1714 4979 1748 5041 et

370 5090 459 5164 laete
486 5091 671 5168 referamus
698 5093 757 5165 tibi
785 5093 939 5185 gloriam,
966 5103 1030 5166 etc.

1459 5209 1507 5284 ut
1523 5205 1541 5242 ⁴*
