4804 6026
792 631 1245 712 irrorares*
1604 640 1661 758 ιι

276 820 331 914 qui
356 818 530 892 nonnam
556 819 689 896 adstant
715 829 749 894 et
776 829 884 909 orant,
912 841 986 894 cum
1012 820 1165 896 omuibus
1193 823 1247 917 qui
1273 845 1293 896 a
1320 823 1456 898 saeculo
1483 823 1542 900 tihi
1567 825 1648 923 pla-

278 945 428 1026 cuemnt,
455 933 497 1008 ab
524 934 657 1010 Adamo
685 933 726 1006 ad
752 933 838 1008 hanc
864 956 971 1030 usque
998 935 1094 1008 diem.
1137 935 1335 1010 Memoriam
1362 963 1494 1036 quoque
1521 947 1651 1034 agimus

278 1062 421 1147 patrum,
447 1051 597 1142 tranum,
624 1054 926 1146 magistrommque
952 1061 1154 1144 nostrorum,
1182 1055 1236 1148 qui
1265 1053 1449 1130 docuemnt
1473 1077 1537 1130 nos
1562 1081 1651 1131 ver-

275 1166 354 1242 bum
379 1171 551 1243 veritatis:
578 1167 811 1242 defunctorum
837 1190 970 1262 quoque
982 1178 1184 1259 nostrorum,
1211 1179 1248 1264 et
1258 1174 1403 1246 omnium
1421 1171 1652 1248 defunctorum

276 1282 437 1374 tidelium3
471 1285 651 1379 praecipue
685 1305 770 1358 varo
805 1292 838 1354 et
870 1286 1061 1356 nominatim
1089 1288 1412 1377 consanguineorum
1446 1297 1651 1380 nostmrum,

276 1409 345 1472 tum
371 1422 487 1473 eorum
515 1402 569 1495 qui
595 1409 724 1496 partem
749 1398 883 1490 habent,
910 1408 967 1472 aut
992 1397 1176 1474 habuerunt
1202 1404 1235 1474 in
1253 1405 1424 1476 erectione
1450 1402 1518 1477 loci
1543 1408 1650 1497 istius,

278 1526 312 1588 et
343 1519 440 1590 unius
466 1517 645 1611 cujusque,
684 1518 737 1588 oui
769 1515 942 1590 nobiscum
978 1515 1152 1590 intercedit
1184 1520 1393 1610 communio,
1427 1521 1503 1593 sive
1529 1523 1651 1615 verbo,

278 1635 353 1705 sive
380 1656 497 1728 opere,
523 1633 558 1706 in
583 1653 693 1729 pauco
721 1631 778 1704 vel
802 1634 837 1705 in
862 1630 982 1706 multo:
1018 1631 1105 1706 illius
1140 1636 1356 1729 praesertim,
1387 1645 1651 1731 propterquam

277 1748 413 1822 ollertur
439 1747 504 1820 boc
531 1748 737 1834 sacrificium,
765 1745 807 1820 N.

379 1865 457 1937 Hoc
487 1863 564 1934 loco
604 1868 842 1936 conmemorat
874 1885 948 1936 enm
975 1885 1044 1957 pro
1072 1886 1137 1958 qno
1173 1865 1335 1961 Litorpin
1367 1866 1583 1960 celebratur,
1616 1875 1652 1940 et

277 2003 513 2076 nummumque
539 1979 641 2052 aliem
668 1983 924 2052 commemorari
951 1986 1097 2073 oportet.
1123 1979 1166 2051 Si
1193 1982 1381 2057 Genitnicie
1393 1984 1464 2056 Dei
1490 1989 1552 2057 md
1576 1983 1649 2054 oli-

277 2101 371 2189 mjm
396 2101 509 2169 sancti
534 2094 643 2168 nessa
663 2095 873 2183 celebrator,
900 2096 1009 2168 dicet:

280 2221 282 2234 '
381 2212 495 2285 Sancti
507 2211 548 2284 N.
563 2214 657 2304 cujus
673 2210 772 2285 bodie
788 2213 981 2284 memoriam
1002 2212 1229 2286 celebramus:
1257 2223 1292 2286 et
1311 2217 1494 2310 praecipue
1512 2224 1651 2290 sanctae

278 2331 447 2422 genitricis
473 2329 539 2402 Dei
565 2327 715 2417 Mariae,
747 2327 790 2399 ad
822 2330 916 2420 cujus
945 2327 1108 2402 honorem
1141 2339 1175 2402 et
1206 2339 1344 2427 propter
1377 2354 1477 2427 quam
1510 2329 1650 2405 ollertur

277 2445 341 2518 boc
367 2445 577 2536 sacrificium,
604 2442 794 2539 specialiter
821 2454 855 2515 et
881 2443 1112 2537 singulariter,
1144 2455 1181 2519 ut
1213 2448 1287 2542 ipsa
1323 2449 1364 2520 sit
1390 2445 1478 2543 apud
1511 2457 1545 2518 te
1570 2450 1650 2522 Do-

278 2565 365 2634 mine
393 2560 605 2656 deprecatrix
631 2581 692 2656 pro
721 2581 928 2654 quocumque
956 2564 1011 2656 qui
1038 2560 1080 2634 ad
1106 2563 1179 2653 ejus
1201 2562 1360 2636 orationis
1377 2559 1534 2634 auxilium
1560 2587 1650 2637 con-

278 2677 372 2772 fugit.
426 2679 520 2750 Deus
545 2675 637 2749 bone
663 2685 697 2748 et
723 2678 915 2749 misericors
940 2697 1004 2773 per
1029 2680 1102 2768 ejus
1116 2681 1286 2752 orationes
1314 2677 1549 2774 acceptobdes,
1564 2680 1652 2776 apud

278 2805 311 2866 ta
338 2805 372 2866 et
397 2792 640 2884 exaudiendas,
667 2791 815 2865 conceda
846 2815 889 2864 ea
916 2814 1001 2887 quae
1033 2797 1115 2890 petit
1145 2791 1219 2882 ille,
1254 2798 1310 2890 qui
1336 2793 1497 2886 singulari
1522 2793 1649 2870 honore
1724 2771 1729 2792 ⁸

279 2909 428 2982 celebrat
452 2913 645 2982 memoriam
674 2911 756 3001 ejus.
782 2909 913 2981 Averte
947 2907 988 2981 ab
1023 2930 1064 2982 eo
1092 2914 1309 3000 tentationes,
1342 2911 1583 3002 castigationes
1617 2923 1651 2986 et

279 3030 396 3120 virgas
431 3024 575 3114 luroris,
609 3033 644 3096 et
675 3045 778 3120 parce
815 3025 943 3098 delictis
976 3035 1011 3096 et
1041 3029 1189 3122 peccatis
1224 3029 1317 3119 ejus,
1353 3050 1417 3124 per
1442 3027 1651 3102 clementiam

278 3152 382 3232 mam,
399 3165 462 3237 per
480 3143 649 3214 orationes
668 3142 838 3232 genitricis
854 3151 930 3213 tuae
947 3150 982 3212 et
993 3144 1137 3214 omnium
1150 3153 1340 3216 sanctorum
1360 3155 1500 3217 morum.
1530 3144 1650 3216 Amen.

382 3258 519 3330 lterum
546 3256 640 3328 Deus
667 3265 701 3327 tu
727 3246 847 3328 tactus'
863 3278 901 3328 es
929 3257 1144 3347 sacrificinm,
1178 3268 1212 3330 et
1238 3260 1295 3332 tibi
1322 3261 1515 3358 sacrificium
1543 3257 1650 3331 oder·-

278 3384 344 3448 lur:
385 3377 519 3468 suscipe
559 3370 624 3444 boc
666 3371 863 3444 sacrificium
897 3394 943 3442 ex
975 3370 1126 3446 monibus
1160 3377 1245 3445 meis
1283 3373 1545 3469 peccatricibus,
1587 3395 1648 3469 pro

278 3495 387 3563 anima
414 3489 454 3562 N.
482 3494 517 3560 et
542 3509 662 3558 nmnen
688 3493 760 3579 ejus
791 3494 844 3558 ter
876 3490 1093 3580 pronunciat.
1130 3487 1265 3560 Iterum.
1307 3491 1401 3562 Deus
1427 3499 1562 3586 praesta
1589 3511 1650 3587 per

278 3607 485 3680 clementiam
512 3613 613 3693 mam,
639 3605 790 3699 requiem
816 3613 850 3675 et
875 3605 1067 3676 memoriam
1100 3601 1223 3678 bonam
1255 3607 1342 3700 patri
1376 3627 1452 3678 meo
1487 3615 1521 3677 et
1555 3608 1650 3678 matri

214 3795 218 3804 ,
277 3743 381 3792 meae.
409 3721 559 3792 Nomina
583 3718 718 3791 illorum
743 3725 796 3790 ter
819 3723 1039 3814 pronunciet.
1066 3718 1108 3791 Si
1137 3743 1204 3814 pro
1232 3723 1365 3814 infirmo
1398 3722 1558 3814 Litorpio
1585 3743 1649 3793 ce-

280 3837 443 3909 lebrator.
470 3838 564 3910 Deus
590 3837 800 3923 misericors,
826 3838 989 3908 miserere
1014 3835 1117 3926 illius,
1153 3847 1188 3908 et
1214 3839 1364 3912 concede
1396 3839 1444 3911 illi
1476 3841 1648 3912 sanitatem

278 3957 407 4024 animae
434 3962 468 4024 et
494 3955 657 4047 corporis.
684 3951 726 4022 Si
747 3973 815 4044 pro
849 3953 1017 4046 defuncto.
1043 3952 1137 4026 Deus
1163 3963 1300 4049 praesta
1331 3953 1377 4028 illi
1411 3959 1581 4051 requiem,
1616 3967 1650 4027 et

276 4069 408 4166 plenam
441 4067 607 4142 felicitatis
639 4067 827 4140 fruitionem
862 4071 897 4140 in
930 4067 1126 4142 habitaculis
1152 4069 1237 4143 lucis
1269 4073 1352 4160 tuis,
1386 4093 1460 4142 cum
1497 4068 1648 4143 omnibus

278 4189 332 4281 qui
358 4185 572 4281 perfecerunt
597 4183 803 4257 voluntatem
835 4194 932 4257 tuam
985 4183 1125 4258 Praesta
1152 4189 1251 4258 etiam
1276 4184 1427 4282 requiem
1453 4197 1486 4258 et
1513 4209 1648 4260 memo-

275 4307 358 4375 riam
384 4303 509 4376 bonam
535 4303 623 4396 patri
648 4323 738 4392 meo,
764 4310 799 4373 et
825 4304 922 4374 matri
947 4324 1055 4390 meae,
1083 4306 1435 4398 etunicuiquaeorum
1454 4301 1648 4398 quibuscum

277 4418 351 4489 mild
379 4420 525 4491 societas
551 4416 739 4489 intercedit:
767 4428 801 4490 et
827 4421 1024 4514 quicumque
1051 4418 1092 4493 ab
1122 4419 1308 4492 infirmitate
1333 4429 1448 4490 nostra
1475 4422 1587 4515 petiit,
1614 4428 1649 4490 ut

276 4531 361 4606 ilius
387 4536 582 4606 memoriam
609 4555 788 4626 ageremus
814 4536 847 4605 iu
874 4533 1040 4608 sacrificio
1066 4534 1147 4625 boc,
1176 4535 1264 4631 quod
1296 4559 1316 4608 a
1350 4535 1448 4610 nobis
1482 4545 1648 4632 peccato-

277 4648 368 4722 ribus
395 4649 453 4722 tibi
481 4648 629 4740 otientur,
656 4670 795 4744 quorum
821 4651 954 4722 nomina
980 4649 1038 4723 tibi
1064 4662 1145 4725 nota
1171 4662 1255 4726 sunt.

377 4771 537 4859 Στώμιν
561 4769 686 4848 καλῶς.
713 4763 847 4838 Stemus
875 4765 1040 4839 decenter.
1067 4767 1174 4864 llyrie
1199 4767 1338 4842 eleison.

383 4883 476 4953 Tunc
502 4882 642 4975 deponit
667 4884 838 4974 mysterio,
866 4889 901 4952 et
926 4881 1075 4954 collocat
1108 4884 1250 4956 calicem
1284 4885 1332 4955 ad
1366 4883 1554 4974 ostentent,
1589 4887 1648 4956 di-

279 5021 370 5069 ecnm
397 4999 444 5069 od
471 4996 709 5069 Occidentem:
740 4997 896 5070 extendit
921 4999 1146 5092 Anopboram
1171 5003 1245 5073 sice
1270 5001 1378 5074 cetum
1402 5007 1528 5095 mojne,
1560 5023 1648 5096 ope-

276 5115 389 5208 ritque
414 5117 586 5208 mysterio,
613 5118 648 5187 et
673 5113 766 5185 dicit.
