4712 6032
855 343 858 350 ⁴
928 313 962 356 l

679 639 708 715 S.
736 635 939 713 tutunus
971 630 1346 711 transtulerat.
1625 632 1698 708 165

432 825 617 897 Sacerdos.
650 822 1003 896 Commemorationem
1020 820 1275 916 dispensationis
1302 828 1379 892 tuac
1398 819 1551 893 salutaris
1565 820 1699 893 lacien-

330 952 400 1031 tes‚
428 941 561 1017 Christe
586 941 679 1013 Deus
706 949 840 1027 noster,
868 936 1079 1033 imploramus
1107 947 1141 1008 et
1154 925 1372 1031 deprecamur
1389 937 1571 1010 honitatem
1598 950 1698 1026 tuam,

328 1067 365 1130 ut
391 1081 464 1130 cum
491 1062 609 1130 venies
636 1060 670 1128 in
697 1056 805 1150 gloria
832 1053 1058 1146 cumAngelis
1086 1057 1150 1125 tuis
1166 1055 1303 1141 sanctis,
1330 1061 1365 1122 et
1391 1057 1573 1127 constitues
1600 1055 1693 1128 thro-

328 1195 405 1246 num
438 1173 568 1266 gloriae
600 1182 698 1264 tuae,
728 1172 984 1267 praecipiasque
1017 1179 1151 1260 terrae,
1182 1179 1217 1240 nt
1248 1170 1355 1264 pariat
1382 1190 1498 1241 omnes
1526 1169 1700 1244 defunctos

330 1288 372 1362 ad
398 1289 550 1363 standum
576 1311 690 1363 coram
716 1297 750 1360 te
775 1289 809 1358 in
836 1291 954 1359 timore
982 1297 1016 1358 et
1040 1297 1202 1357 tremore:
1230 1305 1304 1355 cum
1331 1284 1513 1358 collocabis
1531 1309 1640 1378 agnos
1658 1287 1700 1361 ad

332 1404 505 1476 dexteram
524 1417 622 1490 ‚mam
649 1415 683 1475 et
707 1402 836 1475 hoedos
863 1403 905 1475 ad
931 1406 1097 1474 sinistram
1123 1410 1228 1489 tuam.
1255 1411 1289 1472 et
1314 1406 1539 1497 unusquisque
1566 1425 1699 1498 exspe-
1759 1403 1762 1414 '

331 1519 433 1594 ctahit
464 1530 708 1616 competentem
744 1517 808 1592 sihi
837 1518 1107 1605 retributionem,
1141 1527 1175 1588 et
1206 1514 1390 1590 habitacula
1425 1518 1487 1592 sihi
1521 1519 1700 1593 destinata:

332 1659 375 1707 ne
401 1638 543 1708 Domine
571 1637 740 1709 audiamus
767 1657 787 1706 a
813 1645 993 1707 revocem
1019 1633 1108 1704 illam
1134 1632 1308 1722 acerbam,
1343 1644 1377 1706 et
1407 1635 1629 1708 mortiferam:
1655 1658 1701 1708 ne

331 1751 422 1825 dicas
448 1754 564 1840 nohis,
590 1753 753 1841 Domine,
779 1751 927 1824 recedite
954 1775 974 1822 a
1001 1772 1055 1821 me
1082 1747 1262 1836 maledicti,
1292 1747 1381 1822 ahite
1407 1752 1441 1822 in
1468 1755 1594 1843 ignem,
1622 1754 1699 1846 qnia

331 1889 396 1960 ego
423 1891 491 1942 non
516 1870 597 1938 novi
628 1889 703 1942 vos.
756 1867 824 1954 Ne,
856 1869 1016 1955 Domine,
1049 1869 1151 1939 simus
1183 1863 1281 1936 alieni
1318 1889 1337 1936 a
1372 1865 1595 1940 familiaritate
1628 1878 1699 1940 tua:

332 2006 375 2056 ne
402 1993 553 2072 avertas,
579 1982 744 2073 Domine,
770 1983 889 2055 faciem
910 1993 999 2054 tuam
1026 2006 1046 2054 a
1071 1979 1186 2053 nohis:
1213 2002 1258 2052 ne
1271 1983 1427 2076 aspicias,
1454 1984 1608 2071 Domina,
1634 2005 1699 2056 nos

330 2099 540 2191 indignanter
566 2104 598 2172 in
626 2104 775 2186 iratae,
803 2100 963 2186 Domine,
991 2097 1173 2170 ascendant
1198 2108 1339 2192 peccata
1366 2108 1400 2170 et
1427 2101 1562 2171 crimina
1586 2110 1700 2186 nostra

333 2218 367 2287 in
402 2237 463 2287 cor
494 2227 584 2288 tuum
619 2225 785 2289 sanctum:
824 2238 886 2304 ne,
925 2215 1083 2301 Domine,
1116 2217 1219 2286 intres
1253 2215 1286 2284 in
1319 2213 1476 2308 iudicium
1509 2214 1700 2288 nohiscum:

331 2353 439 2427 neque
466 2354 550 2424 agas
577 2353 660 2424 erga
688 2353 768 2420 nos,
796 2343 950 2426 tanquam
978 2353 1060 2422 erga
1087 2353 1149 2403 eos
1176 2350 1314 2425 quorum
1348 2352 1426 2426 spes
1453 2334 1606 2426 praecisa
1634 2343 1701 2404 est:

331 2469 440 2543 neque
466 2447 623 2520 ultionem
648 2445 755 2520 facias
783 2447 825 2519 de
850 2446 969 2535 noha,
997 2449 1091 2541 quasi
1117 2448 1266 2519 inimicis.
1319 2445 1396 2520 Nan
1429 2455 1582 2542 tanquam
1610 2445 1700 2518 alie-

331 2585 393 2637 nos
420 2563 566 2659 repellas
591 2585 673 2636 nos:
700 2585 743 2635 ne
769 2566 928 2659 projicias
955 2583 1030 2650 nos,
1056 2564 1210 2652 Domine,
1238 2560 1364 2635 alacie
1391 2573 1466 2653 tua,
1496 2566 1552 2658 qui
1577 2585 1701 2637 nornen

332 2689 421 2752 mma
447 2688 597 2752 sanctum
625 2682 864 2772 cognovimus,
891 2689 926 2751 et
951 2678 1155 2750 divinitatem
1182 2690 1270 2750 tuam
1296 2677 1445 2753 conlessi
1472 2699 1595 2752 sumus.
1630 2677 1701 2750 Sed

331 2795 385 2867 lac
418 2795 592 2869 nobiscum
624 2794 803 2870 secundum
836 2797 1076 2891 promissiones
1109 2804 1183 2868 tuas
1216 2817 1337 2884 veras,
1376 2804 1411 2866 et
1442 2817 1509 2890 non
1541 2793 1701 2867 fallaces:

336 2909 461 2983 dimitte
488 2910 606 2984 delicta
632 2919 766 2999 nostra,
792 2913 954 3009 propitius
981 2921 1054 2984 esto
1080 2914 1394 3006 peccatisnostris:
1422 2923 1456 2983 et
1481 2912 1537 2984 iac
1561 2910 1700 2980 miseri-

333 3027 478 3101 cordiam
506 3049 607 3124 super
632 3025 870 3100 haereditatem
897 3036 998 3116 tuam,
1025 3037 1058 3099 et
1077 3048 1278 3123 superares
1296 3049 1444 3122 pascuae
1462 3039 1550 3116 tuae,
1577 3047 1700 3120 quem-

332 3142 506 3216 admodum
532 3149 706 3239 poenitens
732 3143 888 3216 Ecclesia
916 3155 972 3216 tua
999 3143 1163 3239 supplicat
1187 3144 1261 3233 ahi,
1298 3156 1332 3216 et
1364 3156 1471 3218 tecum
1506 3144 1596 3215 Patri
1630 3154 1701 3234 tuo,

335 3259 457 3333 diceus.

435 3377 596 3470 Populos.
623 3377 787 3450 Miserere
813 3379 928 3450 nostri.

434 3491 618 3564 Sacerdos.
646 3494 718 3568 Nos
746 3515 888 3588 quoque.

437 3609 600 3702 Papulas.
627 3610 678 3682 Te
704 3601 886 3681 laudamus.

435 3724 619 3797 Sacerdos.
646 3725 841 3821 Praecipue.

433 3839 620 3913 Diaconos.
649 3840 756 3927 Quam
783 3839 927 3912 timenda
954 3849 1006 3912 est
1031 3837 1115 3910 haec
1141 3837 1239 3932 hora,
1267 3850 1330 3912 etc.

434 3956 610 4028 Sacerdos
635 3958 826 4030 inclinatae.
852 3958 996 4030 Domine
1023 3955 1184 4042 clemens,
1217 3967 1252 4028 et
1285 3957 1407 4028 multae
1438 3952 1698 4044 misericordiae,

331 4075 601 4163 misereremei,
629 4085 663 4147 et
688 4079 781 4146 mitte
807 4096 909 4170 super
934 4095 989 4144 me
1016 4081 1049 4144 et
1075 4093 1176 4167 super
1208 4071 1394 4144 oblationes
1421 4075 1514 4160 istas,
1542 4071 1698 4164 Spiritum

331 4191 445 4260 vivum
459 4199 492 4260 et
510 4201 677 4280 sanctum,
703 4191 937 4278 vivificantem,
966 4199 998 4261 el
1017 4191 1126 4261 omnia
1143 4189 1413 4276 sanctificantem,
1439 4187 1699 4282 largitoremque

334 4307 530 4378 sanctitatis:
565 4308 671 4402 ipsum
708 4310 763 4402 qui
797 4310 831 4378 in
856 4305 1029 4401 Prophetis
1056 4308 1180 4376 sanctis
1206 4305 1336 4376 locutus
1364 4315 1427 4393 est,
1454 4316 1488 4376 et
1512 4303 1697 4400 Apostolos

332 4429 488 4508 sanctas,
514 4433 746 4519 martyresque
773 4427 964 4496 coronavit:
990 4425 1128 4518 ipseque
1155 4419 1307 4493 illabatur
1333 4421 1537 4517 superhaec
1563 4433 1699 4516 myste-

331 4539 382 4609 ria
411 4548 445 4608 et
471 4539 653 4612 sanctificet
678 4539 742 4610 illa.

435 4654 597 4747 Populos.
624 4656 757 4729 Exaudi
783 4679 856 4744 me,
881 4655 1032 4729 Domine.

435 4768 610 4844 Sacerdos
644 4773 781 4872 elccoaa
813 4795 939 4846 nocem.
974 4772 1019 4846 Ut
1058 4770 1214 4858 illabens,
1257 4770 1375 4843 efficiat
1411 4793 1531 4866 panem
1568 4770 1699 4865 quidem

332 4888 450 4976 istum,
476 4907 599 4982 corpus
627 4887 750 4962 Christi
774 4891 839 4962 Dei
865 4893 1012 4962 nostris

436 5003 597 5096 Popalas.
623 5007 743 5080 Amen.

438 5117 621 5194 Sacerdos.
648 5119 693 5193 Et
717 5121 855 5195 calicem
881 5125 1000 5212 istum,
1027 5123 1222 5214 sanguinem
1249 5119 1371 5194 Christi
1396 5119 1461 5190 Dei
1487 5121 1601 5191 nostri.

1420 5235 1471 5309 24
1484 5235 1503 5270 ⁴*
