4784 6040
691 529 770 604 424
1201 525 1561 604 ultonotn

693 716 923 812 quodcumque
949 716 1065 789 auxilii
1091 735 1200 808 genus
1226 711 1382 802 contulit,
1408 721 1443 784 et
1469 734 1531 808 per
1560 712 1744 784 doctrinam
1769 715 1923 786 veritatis
1941 717 2067 787 animas

693 842 828 906 nostras
849 832 982 922 mersit,
1010 841 1043 902 et
1064 853 1127 925 per
1142 831 1372 923 operationem
1388 832 1474 900 varii
1490 831 1628 920 generis
1649 827 1896 917 miraculorum,
1924 827 2066 904 diversis

694 949 794 1019 etiam
822 951 1026 1020 curationum
1052 944 1161 1017 modis
1188 949 1322 1016 sanavit
1348 965 1493 1039 corpora
1528 953 1663 1030 nostra,
1699 954 1733 1014 et
1766 944 1809 1015 ad
1843 947 2068 1036 cognitionem

693 1065 746 1134 sui
777 1085 841 1135 nos
873 1061 1020 1134 deduxit.
1086 1059 1236 1132 Tandem
1272 1059 1313 1130 ad
1350 1082 1482 1131 crucem
1519 1058 1698 1132 salutarem
1733 1061 1846 1148 venit;
1881 1071 1914 1131 et
1947 1084 2067 1157 passus

693 1177 888 1249 naturaliter
916 1177 1013 1250 simul
1040 1187 1073 1249 et
1098 1175 1301 1260 voluntarie,
1327 1177 1361 1245 in
1387 1197 1491 1246 carne
1517 1195 1578 1246 sua
1605 1173 1757 1268 passibili
1782 1183 1816 1244 et
1833 1173 1976 1264 mortali,
2002 1199 2067 1247 non

694 1291 890 1388 impassibili
908 1315 1018 1386 neque
1038 1289 1227 1379 immortali,
1254 1287 1508 1388 chirographum
1526 1301 1674 1362 nostrum
1694 1289 1841 1380 discidit;
1868 1301 1902 1363 et
1922 1295 2066 1364 moriens

694 1430 777 1480 vera
805 1415 912 1480 morte
938 1418 1071 1494 nostra,
1097 1411 1203 1502 ipsam
1232 1428 1318 1500 quae
1345 1404 1386 1476 ad
1414 1409 1664 1501 corruptionem
1690 1404 1896 1500 perducebat
1916 1417 2068 1494 mortem,

695 1523 859 1598 destruxit
885 1533 919 1594 et
944 1525 1045 1595 vertit
1070 1527 1104 1594 in
1131 1544 1300 1617 soporem.
1335 1519 1502 1609 Surrexit,
1530 1531 1564 1592 at
1589 1523 1623 1592 in
1650 1521 1827 1616 sepulchro
1855 1521 1943 1594 nulla
1964 1544 2067 1618 pror-

695 1662 753 1710 sus
781 1643 915 1711 omnino
943 1641 1112 1734 corruptio
1139 1659 1274 1710 carnem
1302 1641 1374 1730 ejus
1403 1638 1528 1730 attigit,
1561 1647 1617 1708 aut
1650 1637 1716 1708 ulla
1751 1641 1885 1710 ratione
1920 1638 1962 1709 ad
1995 1659 2068 1710 eum

694 1759 869 1850 pervenit;
896 1763 995 1850 atque
1021 1776 1083 1849 per
1109 1753 1292 1825 triduanam
1320 1753 1542 1847 sepulturam,
1577 1762 1680 1826 totum
1712 1754 1895 1843 Adamum,
1922 1757 2067 1850 potentia

695 1893 767 1960 sua,
795 1891 908 1942 secum
936 1894 955 1941 a
984 1873 1121 1943 mortuis
1148 1871 1319 1940 excitavit.

800 1985 976 2057 Sacerdos
1008 1985 1146 2057 elevans
1176 2007 1303 2055 vocem,
1362 1983 1440 2079 Ipse
1479 1981 1493 2020 ⁵
1528 1986 1628 2076 igitur
1663 1989 1819 2081 princeps
1853 1985 2066 2057 revelationis

693 2100 857 2174 bonomm
882 2113 1092 2189 nostrorum,
1127 2121 1273 2196 vespera
1309 2097 1363 2170 illa
1395 2104 1538 2190 gemitus
1572 2105 1623 2172 sui
1656 2101 1855 2186 voluntarii,
1889 2124 1952 2197 per
1981 2099 2066 2172 baec

695 2216 858 2288 elementa
884 2215 1087 2289 vivificantia
1114 2226 1148 2287 et
1175 2216 1216 2287 ad
1243 2214 1470 2310 accipiendum
1496 2213 1619 2304 facilia,
1645 2220 1841 2311 mysterium
1868 2215 1951 2304 boc,
1981 2215 2065 2310 quod

694 2331 811 2405 verbis
838 2331 1000 2428 explicari
1027 2355 1095 2405 non
1121 2341 1234 2427 potest
1260 2331 1454 2425 disponens,
1481 2336 1612 2427 accepit
1639 2355 1760 2426 panem
1785 2335 1819 2403 in
1846 2355 1963 2405 manus
1990 2354 2065 2406 suas

695 2457 843 2538 sanctas,
871 2460 905 2521 et
925 2447 1019 2519 velut
1035 2448 1194 2521 Pontifex
1214 2459 1248 2520 et
1265 2447 1451 2542 Apostolus
1472 2447 1693 2521 confessionis
1714 2457 1863 2538 nostrae,
1889 2469 1952 2544 pro
1971 2446 2065 2520 uobis

696 2566 823 2654 gratias
851 2563 1020 2653 referens,
1056 2566 1182 2655 gratias
1211 2566 1296 2654 egit,
1323 2570 1344 2645 τ
1370 2562 1557 2652 benedixit,
1593 2565 1873 2652 isanctiticavit
1909 2562 2065 2655 ifregit,

617 2707 624 2712 ·
695 2676 850 2772 deditque
878 2677 1046 2774 discipulis
1074 2681 1143 2751 suis
1171 2678 1307 2755 dicens:
1333 2679 1489 2774 Accipite
1516 2679 1605 2750 edite
1631 2703 1677 2752 ex
1704 2703 1772 2771 eo;
1804 2680 1878 2752 Hoc
1904 2691 1958 2752 est
1984 2702 2065 2752 cor-

693 2816 756 2889 pus
783 2815 908 2880 meum,
936 2793 1024 2888 quod
1050 2818 1113 2890 pro
1140 2792 1255 2882 vobis,
1283 2805 1317 2866 et
1341 2817 1404 2891 pro
1432 2794 1541 2867 moltis
1567 2795 1731 2888 frangitur
1758 2807 1792 2869 et
1819 2796 1992 2887 dividitur,
2025 2795 2064 2868 ad

696 2912 922 3005 expiationem
949 2908 1155 2999 delictorum,
1183 2921 1217 2982 et
1243 2913 1347 2984 vitam
1373 2921 1553 2983 aeternam.
1890 2931 1893 2937 ·

799 3025 960 3118 Populus.
1012 3027 1132 3100 Amen.

797 3139 981 3214 Sacerdos.
1035 3139 1193 3214 Similiter
1225 3151 1259 3214 et
1290 3141 1428 3214 calicem
1462 3145 1544 3214 vino
1581 3152 1615 3214 et
1647 3165 1734 3239 aqua
1767 3147 2063 3232 commiscuisset,

694 3255 876 3344 benedixit,
903 3264 924 3340 †
951 3257 1186 3345 sanctificavit,
1213 3265 1234 3340 †
1261 3268 1295 3328 et
1320 3259 1432 3332 divisit
1459 3257 1628 3353 discipulis
1655 3263 1724 3332 suis
1752 3259 1881 3332 dicens:
1914 3260 2065 3354 Accipite

693 3370 795 3444 bibite
823 3394 869 3443 ex
896 3395 938 3445 eo
966 3394 1030 3447 vos
1058 3395 1192 3463 omnes;
1218 3373 1282 3445 llic
1308 3384 1361 3446 est
1387 3377 1526 3466 sanguis
1550 3397 1642 3448 meus
1673 3375 1764 3447 Novi
1785 3375 1991 3448 Testamenti
2013 3375 2064 3468 qui

693 3495 765 3584 pro'
783 3488 882 3562 vobis
909 3498 943 3561 et
968 3512 1030 3585 pro
1058 3489 1167 3562 multis
1195 3489 1368 3562 effunditur
1401 3499 1434 3560 et
1465 3489 1618 3562 daturin
1645 3494 1873 3564 remissionem
1900 3502 2065 3587 peccato-

693 3627 778 3694 rum,
806 3616 840 3676 et
866 3609 967 3677 vitam
983 3616 1175 3678 ‘aeternam

799 3721 960 3812 Populea.
1014 3722 1133 3792 Amen.
1781 3813 1784 3820 .

798 3834 983 3906 Sacerdos.
1037 3835 1110 3907 lloc
1137 3820 1248 3912 facile,
1275 3838 1391 3930 inquit,
1417 3839 1451 3907 in
1478 3858 1586 3907 meam
1613 3838 1978 3927 commemorationem,
2000 3860 2066 3930 ego

696 3952 782 4021 enim
810 3951 884 4023 dico
912 3949 1012 4023 vobis
1040 3950 1129 4045 quod
1154 3949 1283 4023 iuturus
1317 3974 1390 4024 sum
1422 3955 1457 4022 in
1489 3950 1598 4022 medio
1631 3955 1755 4039 vestri,
1791 3963 1825 4024 et
1857 3957 2066 4026 sanctitatem

694 4063 758 4135 illis
791 4087 877 4158 quae
907 4067 1120 4162 perficientur
1151 4065 1258 4156 daho;
1293 4071 1349 4161 qui
1383 4070 1468 4138 enim
1501 4066 1678 4139 manducat
1701 4063 1834 4163 ¹corpus
1871 4093 1998 4163 meum,
2032 4077 2070 4141 et

694 4177 778 4250 bibit
802 4201 912 4252 meum
939 4186 1135 4274 sanguinem
1162 4187 1195 4253 in
1222 4206 1276 4254 me
1303 4192 1425 4273 manet,
1452 4192 1486 4255 et
1513 4205 1579 4276 ego
1606 4186 1640 4254 in
1667 4208 1725 4258 eo:
1753 4194 1788 4256 et
1804 4188 1888 4257 sicut
1901 4207 1969 4278 ego
1983 4190 2068 4258 vivo

696 4304 834 4390 propter
859 4296 1004 4386 Patrem,
1032 4301 1076 4370 ita
1105 4301 1203 4369 etiam
1231 4301 1285 4392 qai
1312 4297 1488 4371 manducat
1514 4321 1580 4386 me,
1607 4304 1703 4371 vivet
1718 4312 1857 4396 propter
1873 4323 1936 4372 me.
1971 4302 2071 4373 Hanc

696 4409 797 4498 igitur
829 4413 1002 4503 mysticam
1036 4413 1272 4485 institutionem
1307 4415 1546 4508 suscipientes,
1583 4413 1762 4486 secundom
1797 4415 1908 4508 legum
1939 4423 2068 4486 marum

697 4521 965 4619 dispositionem,
1002 4550 1023 4600 o
1055 4526 1203 4600 Verbum
1234 4527 1345 4617 Deus,
1380 4551 1499 4623 panem
1532 4531 1825 4623 praeparavimus,
1859 4537 1894 4600 et
1928 4528 2070 4602 calicem

696 4642 903 4727 miscuimus,
938 4643 1171 4736 praedicantes
1205 4666 1307 4739 super
1338 4642 1423 4716 baec
1458 4654 1560 4715 totam
1592 4644 1873 4739 dispensationem
1907 4653 2012 4735 tuam,
2044 4666 2069 4714 a

695 4757 819 4849 prima,
854 4766 887 4827 et
918 4767 1088 4831 momento
1116 4769 1215 4853 atque
1236 4762 1325 4831 nictu
1347 4759 1435 4832 oculi
1458 4758 1548 4830 facta
1578 4763 1688 4833 carnis
1712 4762 1935 4849 assumtione,
1961 4779 2070 4854 usque

694 4869 737 4940 ad
758 4873 961 4965 passionem,
989 4884 1141 4968 mortem,
1166 4895 1310 4962 crucem,
1338 4887 1372 4947 et
1391 4877 1669 4946 resurrectionem
1687 4874 1763 4946 Deo
1787 4874 1935 4966 dignam:
1962 4873 2067 4946 corde

695 5007 794 5081 puro,
824 5008 891 5059 una
924 5009 1014 5061 voce
1041 4988 1221 5064 secundum
1253 4991 1398 5064 divinum
1432 4989 1511 5061 illud
1540 4995 1762 5088 praeceptum
1790 4999 1890 5077 tuum,
1926 5000 2062 5062 mortem
