4712 6032
573 484 638 562 S.
690 419 889 562 dULll
940 487 1166 563 PAPAE
1217 485 1506 564 lt0blblll.
1661 485 1738 558 22⁷

477 671 638 766 Populus.
691 671 809 746 Amen.

477 787 666 859 Diaconos.
719 786 853 860 Stemus
880 786 1046 860 decenter.

477 903 638 998 Populus.
691 901 945 976 Misericordiae
969 903 1045 976 Dei.

478 1018 662 1091 Sacerdos.
716 1017 857 1092 Caritas.

479 1133 641 1228 Populos.
693 1132 738 1206 Et
763 1157 847 1206 cum.

479 1247 663 1320 Sacerdos.
716 1248 853 1322 Sursum
881 1248 993 1322 corda.

478 1364 640 1460 Populos.
692 1362 862 1436 Habemus
889 1364 931 1435 ad
957 1365 1144 1436 Dominum.

477 1481 660 1553 Sacerdos.
714 1479 847 1553 Gratias
874 1501 1012 1573 agamus
1038 1483 1193 1554 Domino.

477 1596 637 1691 Populus.
689 1598 835 1690 Dignum
861 1606 896 1667 el
917 1600 1041 1690 justum
1068 1606 1129 1670 est.

478 1711 652 1784 Sacerdos
677 1713 869 1786 inclinatas.
922 1711 1015 1784 Vere
1041 1713 1175 1807 dignum
1203 1727 1236 1788 et
1258 1720 1381 1809 justum
1410 1727 1475 1805 est,
1502 1724 1538 1786 ut
1563 1717 1740 1792 adoremus

374 1835 409 1900 ot
443 1826 613 1902 laudemus
648 1828 781 1900 Patrem
817 1837 851 1900 et
885 1827 1021 1918 Filium,
1062 1841 1096 1902 et
1127 1831 1283 1926 Spiritum
1320 1841 1467 1904 sanctum
1503 1853 1601 1903 unum
1632 1832 1741 1903 Deum

372 1965 500 2016 verum.
709 2022 716 2036 ,

478 2053 629 2131 Eledaos
654 2082 779 2130 vocem.
831 2061 885 2131 Ad
918 2060 1049 2133 laudem
1081 2082 1201 2158 nempe
1236 2067 1350 2156 magui
1384 2061 1515 2134 decoris
1548 2065 1593 2132 tui
1619 2061 1742 2133 inelia-

374 2169 463 2263 hilis,
489 2195 557 2245 non
584 2172 743 2246 subiciunt
770 2195 886 2246 omues
912 2174 1089 2247 rationales
1116 2185 1311 2266 creaturae,
1343 2201 1418 2250 cum
1450 2175 1644 2250 abscondite
1677 2201 1741 2250 su·-
1778 2175 1782 2180 ’
1814 2169 1818 2174 ’

286 2385 289 2392 .
374 2292 489 2384 perior
516 2293 559 2360 sit
582 2289 656 2361 laus
682 2293 738 2362 tua
765 2291 917 2363 omuibus
944 2293 1069 2362 naturis
1102 2291 1287 2366 visibilibus
1320 2303 1375 2365 aut
1407 2289 1641 2365 invisibilibus:
1678 2293 1743 2378 Qui

375 2404 510 2497 dignum
541 2403 651 2479 fecisti
685 2407 842 2502 populum
870 2415 958 2478 tuum
985 2406 1135 2496 fidelem,
1163 2419 1278 2480 sancte
1305 2432 1380 2480 cum
1406 2405 1584 2479 Cherubim
1610 2417 1644 2479 et
1669 2407 1742 2480 Se-

374 2520 501 2617 raphim
534 2521 690 2594 laudandi
723 2522 925 2594 divinitatem
957 2532 1046 2595 tuam
1072 2523 1291 2613 ineffabilem,
1325 2505 1534 2620 praesertim
1556 2544 1641 2595 vcro
1677 2523 1743 2596 boc

374 2646 526 2733 tempora
554 2637 650 2709 simul
677 2649 710 2710 et
736 2638 937 2732 generaliter
969 2639 1126 2734 hymnum
1161 2640 1249 2712 illum
1282 2640 1483 2728 coelestem,
1519 2638 1743 2712 laudationem

374 2751 464 2823 illam
489 2764 541 2824 ter
567 2763 728 2845 sanctam,
754 2754 950 2850 praeclarae
977 2758 1143 2847 majestati
1170 2765 1247 2828 tuse
1274 2755 1408 2829 divinae
1434 2756 1649 2830 concinentes
1665 2753 1742 2826 cla-

376 2879 476 2958 mant,
504 2869 732 2942 vociferantur
757 2882 791 2943 et
817 2870 937 2943 dicunt.

479 2985 638 3079 Populos.
692 2987 844 3060 Saucius.

479 3099 654 3175 Sacerdos
685 3103 876 3175 inclinatas.
929 3103 1072 3176 Saucius
1110 3105 1204 3176 Deus
1238 3104 1341 3176 Pater
1376 3105 1594 3198 omnipotens.
1648 3101 1742 3174 San-

377 3227 448 3289 ctus
474 3216 578 3291 Filius
604 3226 678 3290 tuus
705 3221 892 3311 unigenitus
918 3218 1080 3292 Dominus
1115 3229 1231 3292 noster
1256 3219 1357 3292 lesus
1385 3218 1543 3293 Christus.
1598 3217 1741 3291 Sanctus

376 3334 518 3429 Spiritus
545 3345 619 3407 tuus
637 3345 789 3407 sanctus.
843 3334 1088 3426 Magnificentia
1114 3345 1169 3407 tua
1198 3334 1375 3429 estquod
1408 3333 1535 3429 absque
1568 3334 1635 3406 ulla
1661 3357 1740 3406 mu·
1782 3333 1787 3344 '

375 3454 499 3521 tatione
526 3452 716 3523 incarnatus
744 3461 796 3522 est
821 3454 1009 3544 unigenitus
1035 3450 1138 3522 Filius
1164 3461 1259 3537 tuus,
1293 3473 1339 3520 cx
1364 3445 1505 3543 Virgine
1532 3459 1668 3538 sancta,
1709 3459 1742 3520 et

375 3565 516 3662 perfecit
543 3571 651 3638 omnia
679 3590 782 3663 opera
815 3590 875 3640 sua
901 3577 1007 3656 recte,
1034 3576 1066 3638 et
1091 3588 1153 3662 per
1179 3568 1356 3662 passiones
1384 3587 1462 3638 suas
1488 3575 1622 3639 sanctas
1648 3565 1742 3638 bbe-

375 3686 464 3754 ravit
489 3704 549 3756 eos
577 3685 631 3778 qui
658 3687 690 3754 iu
716 3682 807 3754 illum
834 3683 1051 3756 crediderunt.

480 3799 629 3870 ffleoans
653 3821 779 3871 vocem.
809 3799 984 3908 ⁸Vespera
1012 3798 1067 3870 illa
1094 3808 1281 3895 postrema,
1310 3821 1374 3893 qua
1401 3796 1576 3869 traditurus
1605 3806 1677 3868 erat
1703 3819 1742 3869 se

325 3903 326 3908 ’
374 3917 495 4009 ipsum,
522 3937 583 4011 pro
608 3919 679 3987 vita
707 3927 741 3987 et
769 3915 876 3988 salute
903 3915 1024 4003 mundi,
1052 3920 1181 4013 accepit
1207 3937 1325 4011 panem
1345 3919 1378 3984 iu
1404 3937 1520 3986 manus
1549 3935 1627 3986 suas
1655 3934 1741 3985 sau-

374 4041 446 4103 ctus
473 4033 501 4120 †
527 4043 560 4102 ct
586 4031 770 4120 benedixit,
802 4033 831 4120 †
863 4043 896 4104 et
930 4032 1031 4125 fregit
1064 4034 1092 4121 †
1126 4015 1279 4126 deditque
1316 4030 1484 4126 discipulis
1517 4033 1584 4104 suis
1618 4033 1741 4103 sanctis

375 4147 498 4220 diceus.
550 4150 703 4243 Accipite
729 4146 923 4238 manducate
951 4171 997 4221 ex
1023 4171 1076 4220 co.
1129 4149 1203 4220 Hoc
1234 4158 1285 4220 est
1318 4167 1440 4243 corpus
1474 4169 1602 4233 meum,
1634 4149 1742 4242 ipsum

376 4262 465 4357 quod
499 4287 560 4359 pro
593 4264 712 4354 vobis,
746 4274 779 4335 et
812 4286 875 4360 pro
902 4264 1010 4336 multis
1038 4264 1191 4337 daturin
1218 4266 1442 4358 expiationem
1470 4262 1680 4352 debetorum,
1708 4273 1743 4333 et

375 4383 606 4452 remissionem
632 4389 846 4475 peccatorum
874 4391 906 4451 et
933 4369 1035 4451 vitam
1052 4382 1241 4452 ’aetemam

245 4483 247 4492 ’
478 4495 638 4588 Populos.
694 4496 813 4570 Amen.

478 4610 662 4683 Sacerdos.
715 4611 872 4684 Similiter
898 4613 997 4684 etiam
1024 4621 1057 4683 et
1084 4634 1185 4708 super
1212 4610 1348 4683 calicem
1366 4599 1493 4702 gratias
1527 4615 1595 4702 egit
1619 4613 1647 4700 †
1672 4610 1741 4682 be·
1833 4621 1849 4670 ‘-

375 4725 513 4817 nedixit,
540 4729 568 4816 †
594 4728 828 4817 sanctificavit,
860 4731 887 4816 †
921 4727 1075 4824 deditque
1107 4727 1273 4824 discipulis
1307 4729 1376 4798 suis
1407 4726 1583 4823 Apostolis
1616 4731 1740 4800 sanctis

377 4841 500 4915 dicens.
551 4846 706 4939 Accipite
738 4841 840 4917 bibite
867 4868 912 4917 ex
947 4869 989 4918 eo
1016 4867 1081 4917 vos
1114 4865 1239 4916 omues.
1291 4843 1353 4915 llic
1389 4853 1441 4915 est
1475 4845 1612 4935 sanguis
1645 4866 1740 4916 meus

426 4982 511 5025 Tamus
524 4982 548 5026 n.
1487 4960 1535 5034 32
