4814 6060
717 443 799 523 554
1224 419 1594 518 thllRGlh]

718 653 780 706 ore
805 652 873 703 uno
901 640 1000 724 atque
1028 627 1143 717 corde,
1171 625 1398 700 collaudemus
1421 649 1544 700 noman
1568 636 1658 699 tuum
1679 648 1849 719 magnum,
1877 636 1912 700 et
1937 628 2094 724 inclytum

718 755 753 821 ci
780 745 877 820 simul
902 745 986 818 lesu
1013 743 1148 834 Christi,
1175 752 1209 814 ct
1235 743 1378 838 Spiritus
1405 747 1450 814 tui
1477 746 1595 832 sancti,
1622 764 1724 832 nunc,
1752 752 1815 814 etc.

824 861 987 954 Popahrs.
1040 859 1134 931 Sicut
1160 869 1234 930 crat
1260 868 1294 930 et
1328 869 1381 931 est
1406 880 1607 954 permanens
1634 861 1668 928 in
1694 860 1916 950 generatione
1943 880 2098 951 genera-

717 981 855 1064 tionum,
883 987 917 1048 et
943 979 976 1046 in
1004 973 1141 1046 sacculo
1167 973 1290 1046 futuro.

824 1092 1010 1163 Sacerdos.
1062 1093 1137 1164 Pax
1163 1089 1275 1162 vohis.
1380 1089 1542 1182 Papulas.
1596 1087 1739 1161 Etcum
1768 1092 1885 1185 spiritu
1912 1099 1982 1162 tuo.

823 1208 1008 1280 Sacerdos.
1069 1207 1121 1279 Sit
1161 1203 1390 1278 misericordia
1432 1207 1545 1298 magni
1585 1207 1649 1277 Dei
1686 1217 1721 1278 et
1761 1209 1946 1280 servatoris
1991 1210 2098 1282 ncshi

716 1325 800 1398 lesu
828 1321 951 1396 Christi
979 1346 1053 1396 cum
1081 1320 1234 1394 omnihus
1260 1319 1371 1394 vohis.

823 1439 986 1532 Populus.
1039 1437 1184 1510 Etcum
1212 1440 1328 1533 spiritu
1356 1446 1422 1508 tuo.

823 1554 1000 1625 Sacerdos
1023 1557 1157 1646 sraapit
1183 1559 1217 1623 et
1243 1556 1366 1644 sipnat.

825 1669 1006 1742 Diacoaas
1028 1668 1224 1762 proclamat
1252 1666 1475 1738 Catholicam.

968 1943 1153 2014 Sacerdos.
1208 1941 1330 2015 Oratio
1357 1942 1551 2014 Dominica.
1605 1938 1707 2012 Pater
1732 1950 1856 2013 noster.

828 2131 1029 2204 Benedictus
1056 2154 1095 2204 es
1121 2135 1266 2205 Domine
1294 2134 1348 2225 qui
1375 2132 1504 2203 coelum
1532 2139 1721 2224 terramque
1747 2129 1866 2226 imples
1893 2129 2003 2223 gloria
2030 2142 2097 2220 tua,

720 2251 843 2344 quippe
876 2269 938 2319 nos
974 2246 1076 2320 modo
1115 2246 1270 2340 dignatus
1310 2270 1348 2320 es
1390 2268 1555 2342 usurpare
1590 2248 1783 2317 memoriam
1820 2252 2010 2321 testamenti
2051 2253 2097 2322 tui

720 2367 847 2455 sancti,
881 2363 1113 2459 perficereque
1146 2361 1343 2436 sacrificium
1377 2363 1441 2436 hoc
1467 2361 1689 2434 reverendum
1718 2371 1752 2432 et
1776 2364 1993 2436 incruentum.
2046 2365 2097 2436 'lu

719 2482 831 2576 itaque
857 2481 951 2552 Deus
977 2489 1112 2569 noster,
1147 2483 1202 2575 qui
1233 2481 1421 2553 sanctificas
1448 2487 1656 2552 sacramenta
1683 2481 1766 2570 ista,
1792 2491 1936 2574 purgato
1963 2504 2026 2555 nos
2054 2483 2111 2568 ah„

721 2598 811 2668 omui
845 2598 1091 2688 inquinamento
1128 2607 1162 2668 et
1194 2599 1304 2668 carnis
1340 2605 1375 2668 et
1414 2597 1569 2691 spiritus,
1608 2593 1796 2688 docetoquc
1834 2618 1898 2670 nos
1934 2600 2098 2694 perficere

721 2709 811 2806 quod
838 2720 987 2782 sanctum
1015 2715 1126 2786 estin
1154 2715 1272 2786 timore
1299 2715 1360 2784 tui:
1387 2722 1423 2783 ut
1449 2734 1524 2782 cum
1551 2713 1740 2784 testimonio
1761 2712 1893 2786 sincero
1914 2718 2096 2787 conscien-

690 2829 791 2897 ”tiae
816 2836 954 2912 nostrae
980 2825 1059 2899 lacti
1086 2829 1266 2924 participes
1294 2827 1587 2901 sanctificationum
1615 2834 1756 2915 tuarum,
1783 2832 1935 2901 uniamur
1961 2835 2097 2926 corpori

720 2951 755 3012 et
780 2945 935 3035 sanguini
962 2940 1085 3018 Christi
1112 2947 1169 3033 tui,
1197 2947 1330 3038 aptique
1361 2946 1485 3032 simus,
1518 2949 1552 3014 ut
1584 2945 1658 3037 ipse
1684 2940 1811 3014 hahitat
1836 2947 1869 3014 in
1896 2944 2007 3032 nohis,
2033 2967 2096 3017 sc-

720 3056 861 3129 cundum
888 3063 1145 3153 promissionem
1177 3061 1302 3154 ipsius,
1336 3061 1467 3154 sintque
1500 3057 1604 3130 corda
1636 3067 1752 3130 nostra
1784 3080 1848 3156 pro
1876 3059 2022 3156 hospitio
2050 3061 2097 3134 illi

720 3171 813 3245 hono
841 3177 979 3270 spiritui.
1033 3176 1081 3248 lta
1109 3176 1203 3248 Deus
1230 3185 1364 3262 noster,
1390 3197 1434 3244 ne
1459 3173 1566 3248 iacias
1601 3196 1799 3269 quemquam
1826 3186 1977 3250 nostrum
2004 3199 2097 3250 reum

721 3293 875 3385 corporis
902 3301 936 3363 et
962 3293 1134 3383 sanguinis
1161 3289 1283 3364 Christi
1309 3289 1384 3362 Filii
1410 3291 1469 3379 tui,
1494 3311 1605 3384 neqrm
1629 3309 1768 3381 aegrum
1790 3292 1911 3383 anima,
1939 3302 1995 3366 aut
2012 3315 2097 3364 cor-

720 3426 816 3502 pore,
842 3415 1022 3502 propterea
1050 3406 1140 3502 quod
1167 3406 1293 3499 indigni
1313 3407 1548 3501 participemus
1570 3415 1788 3478 sacrosancta
1814 3409 1991 3502 mysteria:
2019 3408 2096 3503 quin

721 3523 834 3616 potius
861 3513 1011 3594 concede
1037 3521 1147 3611 nohis,
1174 3531 1341 3616 utusque
1368 3521 1411 3593 ad
1437 3531 1622 3594 extremum
1650 3531 1799 3596 nostrum
1827 3524 1989 3617 spiritum,
2016 3521 2096 3618 pla-

615 3621 625 3639 *
721 3657 857 3709 ceamus
885 3636 954 3726 tihi,
980 3636 1228 3733 habeamurque
1256 3637 1346 3730 digni
1373 3658 1506 3709 sumere
1533 3635 1692 3709 salutaria
1714 3646 1934 3728 sacramenta,
1962 3639 2095 3710 Domini

721 3762 755 3824 et
781 3751 1016 3848 Redemptoris
1041 3757 1149 3828 nostri
1174 3753 1258 3828 lesu
1286 3752 1427 3842 Christi,
1458 3774 1568 3847 neque
1595 3750 1720 3845 indigni
1746 3777 1891 3851 corpore
1917 3765 2036 3826 saneto
2063 3763 2097 3825 et

722 3872 886 3959 sanguine
912 3870 1086 3964 piaculari,
1113 3869 1174 3942 sod
1199 3869 1311 3943 idonci
1339 3872 1395 3964 qui
1421 3891 1462 3941 ea
1491 3872 1707 3964 accipiamus,
1734 3889 1799 3965 quo
1825 3891 1887 3966 per
1912 3873 1987 3965 ipsa
2013 3892 2095 3942 cor-

655 4021 660 4030 ·
720 3980 883 4073 roborati,
910 3984 1054 4058 mundati
1081 3995 1114 4058 ct
1140 3985 1293 4081 perfecti,
1319 3988 1488 4082 possimus
1516 3985 1616 4077 digua
1642 3983 1828 4058 obsecrare
1848 3995 1891 4072 tc,
1918 4010 1981 4082 per
2006 4009 2092 4084 prc-

721 4101 888 4171 cationem
915 4099 1004 4172 illam
1038 4123 1137 4196 quam
1170 4122 1233 4174 uos
1268 4101 1380 4174 docuit
1405 4103 1602 4193 ¹unigenitus
1635 4100 1739 4174 Filius
1766 4112 1854 4191 tuus,
1881 4105 1986 4178 corde
2011 4127 2094 4200 puro

720 4214 903 4288 clamantes
931 4226 965 4287 et
991 4215 1155 4290 dicentes:
1182 4218 1284 4289 Pater
1310 4227 1425 4290 noster
1451 4220 1507 4311 qui
1533 4237 1572 4288 es
1598 4219 1630 4286 in
1657 4219 1772 4294 coelis.

825 4330 988 4423 Populus.
1041 4332 1273 4406 Sanctificetur
1298 4356 1419 4407 nomeu
1446 4343 1549 4424 tuum,
1576 4343 1637 4404 etc.
1745 4389 1747 4392 -

824 4445 1001 4520 Sacerdos
1032 4453 1092 4520 ait.
1146 4452 1290 4522 Domine
1325 4452 1418 4522 Deus
1453 4458 1487 4520 et
1521 4459 1678 4522 servator
1711 4459 1843 4539 noster,
1882 4471 1926 4522 nc
1958 4448 2094 4524 inducas

719 4585 784 4636 nos
810 4565 844 4634 in
871 4566 1071 4637 tentationes
1099 4565 1258 4657 difficiles,
1285 4576 1341 4638 aut
1366 4568 1588 4638 necessitates
1615 4587 1762 4638 amaras:
1797 4587 1840 4638 ne
1867 4563 2005 4638 inducas
2031 4587 2093 4638 nos

717 4680 752 4750 in
778 4677 918 4773 laqueos
946 4678 1144 4770 adversarii,
1170 4680 1379 4778 hostiumque
1406 4684 1587 4754 animarum
1614 4693 1819 4754 nostrarum:
1846 4703 1956 4776 neque
1983 4682 2092 4754 desti-

717 4800 793 4865 tuas
820 4813 884 4864 nos
909 4804 946 4865 ut
969 4795 1152 4870 incidamus
1184 4799 1218 4868 in
1251 4819 1368 4877 monus
1405 4795 1655 4893 aspectabilium
1687 4808 1937 4890 grassatorum,
1970 4809 2004 4870 ct
2038 4800 2094 4892 qui

717 4911 821 4980 vitam
849 4917 997 4981 nostram
1024 4911 1159 4986 laedere
1186 4915 1339 5010 cupiant;
1372 4913 1433 4988 sed
1458 4911 1565 4985 lihera
1591 4934 1653 4985 uos
1680 4911 1722 4984 ah
1750 4910 1904 4986 omnihus
1931 4915 2094 4986 tsnmtio-
