4728 6028
390 3093 511 3179 Deiectui
521 3143 553 3180 er
563 3125 682 3179 libraria·

374 3229 429 3265 rum
441 3212 597 3283 negligentia
608 3221 655 3266 est

424 4333 456 4386 ln
473 4332 623 4402 quibusdam
643 4341 685 4386 ta·

694 567 745 642 84
1072 563 1685 653 assertationis

693 773 761 817 curn
790 751 968 833 praesertim
998 767 1101 813 omnes
1131 751 1289 813 veritatem
1319 747 1388 812 fidei
1418 749 1456 811 da
1485 747 1689 825 Eucharistia,
1718 747 1868 812 fundatum
1897 748 1928 811 in
1957 745 2061 811 verbis

692 852 804 917 Christi
827 869 897 914 esse
918 856 1078 926 testentur,
1100 855 1189 930 atque
1212 851 1291 912 inter
1313 850 1388 913 alios
1410 850 1592 931 praecipuus
1615 850 1778 930 Dionysius
1800 846 1955 911 Barsalibi.
1978 846 2059 910 lilius

691 952 786 1014 verba
808 950 884 1013 baec
906 958 985 1026 sunt,
1008 950 1036 1010 in
1061 946 1281 1012 Commentario
1304 949 1341 1011 ad
1365 951 1452 1012 istum
1473 948 1627 1030 Liturgine
1649 949 1757 1011 lacum.
1785 947 1844 1010 liic
1864 950 1975 1010 recitat
1995 945 2059 1008 Sa-

691 1053 802 1114 cerdos
822 1051 1026 1112 uenationem
1047 1049 1214 1130 mysticam,
1236 1050 1355 1128 apitque
1375 1049 1551 1110 memoriam
1572 1049 1719 1127 socmficii
1739 1048 1829 1123 illius,
1851 1049 1931 1128 quad
1952 1065 2061 1107 sacer-

692 1150 837 1213 dotaliter
852 1147 984 1228 perfecit
1003 1146 1151 1208 Dominus
1171 1152 1274 1208 noster
1295 1149 1327 1208 in
1349 1147 1526 1222 coeraaeulo,
1555 1165 1685 1225 vespero
1714 1165 1773 1226 qua
1801 1147 1969 1208 traditurus
1995 1151 2063 1206 erat

690 1267 725 1310 se
746 1249 842 1328 ipsum
859 1266 920 1327 pro
940 1246 1037 1310 nobis.
1066 1243 1230 1326 Postquam
1252 1247 1330 1306 enim
1351 1244 1473 1306 Poscbo
1494 1245 1589 1326 leqale
1599 1245 1786 1324 perfecisset,
1803 1243 1948 1324 Episcopi
1959 1241 2061 1326 officio

688 1347 812 1426 functus
833 1353 888 1422 est,
910 1347 1162 1424 ministeriumque
1183 1345 1241 1405 boc
1261 1343 1415 1423 Apostolis
1436 1345 1501 1405 suis
1522 1345 1748 1407 commendarit.
1775 1342 1936 1422 decipiens
1957 1361 2061 1421 nempe

688 1465 800 1527 panem
821 1448 853 1508 in
874 1463 982 1507 monus
1004 1462 1077 1507 suas
1098 1450 1234 1521 sanctos,
1256 1444 1439 1524 siqnificaait
1459 1462 1492 1504 se
1513 1442 1610 1522 ipsum
1625 1462 1692 1504 esse
1704 1443 1756 1522 qui
1765 1442 1930 1520 assumpsit
1938 1458 2061 1501 cornea

691 1548 855 1608 animatam
877 1564 918 1606 ea
939 1543 1041 1606 Maria
1068 1543 1193 1622 Virqine.
1241 1541 1314 1604 Cum
1335 1548 1437 1603 autem
1457 1541 1620 1620 benedicit,
1643 1542 1825 1621 sipnificanit
1845 1560 1879 1602 se
1901 1539 2062 1602 abstulisse

691 1645 930 1707 maledictionem
952 1643 1202 1722 transpressioais
1221 1642 1390 1721 praecepti,
1413 1659 1434 1701 a
1455 1647 1558 1702 nostra
1579 1660 1697 1721 parere.
1734 1638 1808 1702 Sam
1830 1639 1938 1732 deinde
1957 1637 2061 1717 [repit

691 1747 724 1806 ia
745 1743 885 1825 mysterio
907 1743 1089 1823 uqntpcacir
1107 1740 1196 1803 nobis
1213 1741 1387 1820 passionem
1417 1758 1520 1814 mmm,
1550 1741 1777 1820 casalinorum
1783 1785 1794 1816 ,
1822 1747 1852 1800 et
1867 1737 2061 1799 'occisionem

692 1861 790 1918 ιιιαιιι,
813 1843 1041 1920 transfusionem
1062 1841 1189 1901 maaca:
1212 1841 1339 1920 denique
1360 1846 1484 1900 inertem
1506 1857 1601 1899 suam
1648 1837 1721 1900 Cum
1741 1839 1844 1919 sreqit,
1866 1838 1983 1917 siquam
2002 1834 2063 1914 fuit

692 1941 774 2022 quad
795 1942 927 2020 seipsum
948 1939 1114 2000 immolauit
1134 1945 1164 2000 et
1185 1939 1306 2000 divisit.-
1328 1938 1464 2017 quodque
1486 1936 1525 1998 ab
1548 1936 1688 2016 colluxit
1705 1943 1899 2018 peccatorum
1911 1935 2059 1997 emissio.

693 2041 734 2102 Et
754 2039 928 2117 dedititiis,
952 2057 1011 2119 qua
1033 2039 1152 2098 ratione
1174 2037 1355 2116 sipnistcooit
1375 2034 1414 2096 ob
1437 2055 1472 2097 eo
1494 2036 1569 2096 illud
1590 2037 1700 2098 donum
1721 2053 1797 2099 esse.
1827 2035 1897 2096 Tum
1907 2032 2063 2095 Sacerdos

693 2146 740 2201 ter
763 2155 852 2200 cruce
874 2136 1006 2199 oblatam
1027 2138 1136 2217 siquem,
1160 2155 1226 2198 eum
1248 2136 1331 2212 dicit,
1356 2135 1472 2196 Gratias
1495 2135 1568 2218 egit,
1591 2137 1671 2215 quad
1692 2136 1782 2197 etiam
1800 2134 1880 2215 facit
1896 2133 2004 2196 deinde
2020 2133 2064 2195 od

693 2237 830 2308 calicem,
852 2234 983 2314 dicitque
1004 2234 1099 2296 aerbo
1121 2236 1191 2314 ipsa
1203 2252 1281 2315 quae
1294 2235 1374 2295 utcu
1388 2232 1535 2294 Dominus
1545 2241 1649 2296 noster
1662 2235 1693 2295 in
1708 2235 1881 2310 cremando,
1903 2252 1970 2295 cum
1991 2232 2065 2294 illud

693 2335 865 2417 mysterium
876 2333 1042 2412 perficeret,
1064 2339 1211 2396 utnotum
1230 2332 1339 2412 faciat,
1361 2333 1442 2394 ilium
1460 2334 1557 2412 ipsum
1580 2330 1767 2409 (Christum)
1789 2352 1865 2406 esse,
1888 2334 1940 2413 qui
1958 2330 2063 2412 sculpas

693 2451 773 2493 nunc
793 2433 826 2493 in
847 2433 941 2492 altari
957 2433 1093 2512 positas,
1116 2435 1287 2512 sanctificat
1302 2451 1361 2511 per
1387 2433 1568 2495 uoluntatem
1588 2432 1692 2494 Patris
1713 2435 1775 2508 sui,
1803 2440 1834 2494 et
1860 2434 2063 2512 opaationem

693 2530 825 2610 Spiritus
845 2532 962 2591 sancti:
980 2550 1039 2611 per
1050 2530 1246 2593 Sacerdotem
1267 2532 1320 2611 qui
1340 2549 1448 2593 nuces
1467 2531 1591 2611 sonnat,
1614 2539 1643 2593 et
1663 2532 1760 2594 aerbo
1779 2533 1968 2611 pronunciat.
1999 2529 2063 2592 Nec

695 2630 774 2690 enim
787 2631 839 2710 qui
851 2631 1010 2705 ministrat,
1032 2632 1087 2692 sed
1107 2631 1159 2711 qui
1179 2631 1348 2707 invocatur,
1370 2631 1435 2710 ipse
1457 2639 1503 2692 est
1524 2631 1576 2712 qui
1597 2632 1774 2711 sanctificat.
1810 2631 1874 2693 Hoc
1890 2631 2062 2693 testimonio

695 2729 862 2789 certissime
875 2726 1109 2806 demonstratur,
1131 2728 1327 2791 ttarsattbtum
1350 2729 1388 2791 de
1403 2731 1583 2793 necessitate
1597 2728 1760 2792 verborum
1777 2728 1886 2793 Christi
1902 2748 1962 2792 non
1976 2727 2063 2790 aliter

695 2826 844 2904 sensisse,
870 2844 958 2906 mam
986 2825 1062 2890 abas
1092 2845 1195 2890 omnes
1218 2827 1409 2911 theologos,
1440 2836 1528 2909 atque
1556 2829 1632 2890 adeo
1659 2828 1758 2908 ipsum
1791 2826 1896 2890 cadem
1924 2835 2062 2908 tanquam

694 2924 808 2987 inutilia
831 2927 861 2987 in
889 2923 1025 3008 Liturgia
1053 2943 1109 2989 sua
1137 2928 1361 3008 suppressisse,
1392 2943 1480 2989 nemo
1509 2926 1597 2990 iacilc
1627 2927 1817 2992 existimabit.
1861 2926 1935 3009 Ejus
1962 2933 2061 2988 tamen

695 3041 807 3086 nornen
829 3023 964 3106 praefert
986 3043 1045 3086 una
1067 3044 1107 3088 ex
1128 3026 1315 3108 interpolatis
1338 3026 1396 3089 illis
1418 3026 1572 3110 Liturgiis.

782 3124 826 3186 lta
849 3126 941 3206 igitur
963 3125 1151 3188 statuendum
1173 3125 1302 3205 videtur,
1326 3124 1476 3188 delectum
1498 3127 1549 3207 qui
1565 3127 1593 3188 in
1608 3126 1666 3189 illis
1681 3127 1862 3190 observatur
1874 3125 2063 3186 librariorum

695 3225 796 3305 potius
827 3225 915 3302 vitio,
952 3241 1040 3305 quarn
1073 3243 1130 3306 per
1159 3225 1245 3287 aliam
1274 3243 1393 3288 causam
1422 3228 1594 3307 irrepsisse.
1639 3227 1713 3290 Sunt
1735 3227 1813 3289 enirn
1836 3225 1957 3288 codices
1980 3224 2063 3286 multi

696 3324 747 3405 qui
769 3321 913 3387 sarmatas
935 3323 1149 3405 compendiose
1177 3326 1368 3404 contrahant,
1398 3335 1430 3388 et
1458 3343 1596 3408 magnam
1624 3325 1741 3388 illarum
1771 3334 1887 3407 partem
1917 3325 2062 3402 omittant,

695 3441 773 3505 quae
796 3421 914 3484 aliunde
937 3423 1067 3504 petenda
1094 3432 1172 3486 sunt.
1217 3423 1250 3486 ln
1278 3426 1372 3505 prima
1400 3425 1509 3510 igitur,
1542 3444 1620 3507 quae
1649 3426 1731 3488 Petri
1761 3425 1882 3503 dicitur,
1913 3425 2063 3486 minimum

695 3521 875 3586 diliicultatis
898 3521 958 3585 est:
981 3540 1060 3602 narn,
1083 3523 1229 3604 Accipite,
1252 3527 1441 3600 manducate,
1462 3526 1574 3605 primas
1594 3523 1740 3587 formulae
1762 3542 1855 3587 voces
1878 3541 2063 3604 repraesen-

695 3630 754 3685 tat:
774 3623 940 3706 junguntur
961 3639 1039 3703 quae
1062 3623 1147 3704 sequi
1159 3622 1272 3686 solent:
1303 3623 1369 3686 lioc
1390 3632 1436 3686 est
1457 3626 1535 3685 enim
1557 3643 1668 3704 corpus
1689 3643 1785 3686 murm
1807 3625 1887 3704 quod
1903 3641 1963 3703 pro
1976 3623 2064 3684 cobis

693 3721 848 3802 franqitur
870 3730 900 3784 et
916 3740 976 3801 pro
998 3721 1099 3782 multis
1120 3723 1221 3798 datur,
1244 3741 1321 3803 quae
1344 3721 1511 3802 sequuntur
1532 3724 1642 3802 verba,
1670 3725 1703 3785 in
1724 3724 1928 3785 remissionem
1946 3740 2063 3801 peccu-

696 3830 810 3898 torum,
832 3820 996 3903 perlectam
1019 3827 1050 3883 et
1071 3819 1195 3903 reliquis
1219 3821 1403 3886 conformem
1426 3823 1603 3884 sententiam
1626 3822 1765 3886 eliciunt.
1811 3822 1855 3886 lta
1883 3838 2002 3902 quaque
2031 3821 2063 3881 ia

698 3919 800 3983 calicis
814 3918 1011 3983 benedicendi
1026 3918 1320 3984 iormulabbservari
1342 3928 1452 4003 potest.
1477 3921 1575 3984 Locus
1598 3940 1674 4006 erga
1697 3940 1822 4001 vacuus,
1846 3939 1912 3984 cum
1925 3921 2063 4001 sequenti

698 4019 776 4082 rnale
799 4020 977 4101 conjunctus
999 4018 1067 4083 luit:
1090 4019 1222 4083 tortasse
1244 4029 1276 4083 ut
1298 4022 1387 4082 minio
1410 4019 1604 4100 scriberetur,
1628 4039 1797 4103 quanquam
1818 4021 1877 4084 hac
1890 4023 1919 4083 in
1934 4019 2061 4083 vetustis

698 4117 921 4199 exemplaribus
938 4137 1039 4183 rarum
1059 4121 1114 4182 sit:
1136 4127 1189 4182 aut
1211 4120 1303 4184 verba
1326 4140 1366 4183 ex
1390 4121 1549 4205 religione,
1572 4120 1627 4184 sed
1647 4140 1708 4185 non
1721 4120 1886 4186 secundam
1906 4121 2061 4183 scientiam
2110 4193 2114 4204 .

697 4219 920 4298 praetenuissa,
943 4218 1072 4282 librariis
1095 4220 1216 4283 errandi
1233 4221 1422 4284 occasionem
1444 4220 1624 4284 obtulerunt.

783 4316 818 4379 ln
840 4319 954 4382 duabus
977 4319 1079 4382 alteris
1101 4319 1169 4400 plus
1192 4321 1381 4384 obscuritatis
1409 4327 1469 4382 est:
1500 4339 1599 4403 neque
1628 4328 1729 4384 tamen
1756 4319 1815 4382 illis
1843 4319 2063 4382 accommodari

375 4433 436 4472 mon
455 4421 547 4472 omisca
565 4421 686 4472 videntur
699 4435 759 4480 non
782 4423 884 4496 potest
905 4419 1045 4498 superior
1067 4417 1251 4482 observatio.
1280 4419 1354 4482 Sunt
1376 4421 1454 4483 enirn
1475 4420 1629 4504 Liturgiae
1652 4419 1764 4501 aliquot
1787 4438 1864 4501 quae
1887 4417 2063 4501 particulam

377 4504 458 4558 verba
481 4521 513 4560 ex
531 4515 603 4559 certa
622 4523 685 4573 pro-

376 4592 467 4658 posito.

699 4536 740 4580 ex
761 4516 947 4598 Evangeliis,
971 4536 1058 4599 quarn
1080 4521 1236 4600 mysticam
1262 4522 1468 4582 narrabanem
1497 4528 1586 4584 vacat
1607 4519 1771 4599 Barsalibi,
1802 4519 1939 4601 pluribus
1962 4518 2063 4581 verbis

701 4615 889 4697 arnplibcant,
913 4618 995 4698 quod
1024 4617 1056 4679 in
1085 4616 1199 4680 duabus
1227 4618 1293 4680 istis
1321 4619 1432 4682 iactum
1461 4628 1517 4683 est.
1567 4619 1664 4683 Nihilo
1696 4621 1793 4682 minus
1823 4627 1921 4681 tamen
1952 4618 2064 4681 Christi

700 4715 926 4779 sacramentalia
948 4717 1042 4779 verba
1065 4715 1211 4797 referunt,
1236 4725 1287 4780 aut
1308 4718 1487 4800 supplentur
1516 4738 1534 4781 a
1556 4718 1779 4783 Sacerdotibus.
1824 4718 1869 4781 De
1892 4718 1950 4780 illis
1972 4718 2066 4800 igitur

701 4833 824 4898 quarum
849 4817 993 4878 autoritas
1017 4814 1196 4898 reliquarum
1219 4818 1370 4880 autoritati
1393 4819 1561 4900 comparari
1583 4833 1643 4881 non
1657 4826 1767 4899 potest,
1791 4838 1848 4882 neo
1865 4817 1966 4898 debet,
1987 4819 2066 4882 baec

700 4916 828 4979 maxime
851 4915 1019 4979 verisimilis
1042 4917 1217 4998 conjectura
1239 4923 1296 4994 est,
1319 4935 1386 4981 cunr
1408 4917 1438 4978 in
1458 4935 1571 4981 summa
1584 4918 1754 5001 ignorantia
1777 4920 1955 5001 contingere
1977 4925 2067 4999 post-

702 5014 821 5078 modum
843 5013 932 5077 tacite
953 5013 1054 5093 tuerit,
1076 5023 1108 5079 ut
1131 5023 1334 5097 campartem
1364 5025 1504 5099 tanquam
1526 5019 1675 5104 integram
1705 5019 1820 5083 librarii
1846 5017 2064 5097 describerent,
