<?xml version="1.0" encoding="UTF-8"?>
<!DOCTYPE html PUBLIC "-//W3C//DTD XHTML 1.0 Transitional//EN"
    "http://www.w3.org/TR/xhtml1/DTD/xhtml1-transitional.dtd">
<html xmlns="http://www.w3.org/1999/xhtml" xml:lang="en" lang="en">
 <head>
  <title>
</title>
<meta http-equiv="Content-Type" content="text/html;charset=utf-8" />
  <meta name='ocr-system' content='tesseract 3.04.00' />
  <meta name='ocr-capabilities' content='ocr_page ocr_carea ocr_par ocr_line ocrx_word'/>
</head>
<body>
  <div class='ocr_page' id='page_1' title='image "./liturgiarumorie04renagoog_0478.png"; bbox 0 0 4784 6040; ppageno 0'>
   <div class='ocr_carea' id='block_1_1' title="bbox 584 590 1643 695">
    <p class='ocr_par' dir='ltr' id='par_1_1' title="bbox 584 590 1643 695">
     <span class='ocr_line' id='line_1_1' title="bbox 584 590 1643 695; baseline -0.004 -3"><span class='ocrx_word' id='word_1_1' title='bbox 584 613 787 695; x_wconf 82' lang='lat' dir='ltr'><strong>mommo</strong></span> <span class='ocrx_word' id='word_1_2' title='bbox 812 613 1076 694; x_wconf 71' lang='lat' dir='ltr'><strong>cormacum</strong></span> <span class='ocrx_word' id='word_1_3' title='bbox 1101 590 1341 694; x_wconf 76' lang='lat' dir='ltr'><strong>nmioom&#39;u.</strong></span> <span class='ocrx_word' id='word_1_4' title='bbox 1569 613 1643 688; x_wconf 82' lang='lat'><strong>441</strong></span> 
     </span>
    </p>
   </div>
   <div class='ocr_carea' id='block_1_2' title="bbox 272 801 1715 5077">
    <p class='ocr_par' dir='ltr' id='par_1_2' title="bbox 274 801 1648 1596">
     <span class='ocr_line' id='line_1_2' title="bbox 277 801 1648 900; baseline -0.001 -22"><span class='ocrx_word' id='word_1_5' title='bbox 277 805 540 879; x_wconf 87' lang='lat' dir='ltr'><strong>misericordiam</strong></span> <span class='ocrx_word' id='word_1_6' title='bbox 571 811 661 876; x_wconf 90' lang='lat' dir='ltr'><strong>tuam</strong></span> <span class='ocrx_word' id='word_1_7' title='bbox 693 805 836 896; x_wconf 83' lang='lat' dir='ltr'><strong>ignosce</strong></span> <span class='ocrx_word' id='word_1_8' title='bbox 868 801 966 893; x_wconf 90' lang='lat' dir='ltr'><strong>mihi,</strong></span> <span class='ocrx_word' id='word_1_9' title='bbox 999 812 1034 875; x_wconf 90' lang='lat' dir='ltr'><strong>et</strong></span> <span class='ocrx_word' id='word_1_10' title='bbox 1064 825 1126 900; x_wconf 89' lang='lat' dir='ltr'><strong>per</strong></span> <span class='ocrx_word' id='word_1_11' title='bbox 1167 802 1374 900; x_wconf 88' lang='lat' dir='ltr'><strong>clementiam</strong></span> <span class='ocrx_word' id='word_1_12' title='bbox 1406 812 1494 876; x_wconf 90' lang='lat' dir='ltr'><strong>tuam</strong></span> <span class='ocrx_word' id='word_1_13' title='bbox 1525 801 1648 877; x_wconf 88' lang='lat' dir='ltr'><strong>munda</strong></span> 
     </span>
     <span class='ocr_line' id='line_1_3' title="bbox 275 917 1647 1016; baseline 0.001 -24"><span class='ocrx_word' id='word_1_14' title='bbox 275 941 346 992; x_wconf 89' lang='lat' dir='ltr'><strong>ma:</strong></span> <span class='ocrx_word' id='word_1_15' title='bbox 375 930 475 1016; x_wconf 84' lang='lat' dir='ltr'><strong>atqua</strong></span> <span class='ocrx_word' id='word_1_16' title='bbox 501 919 686 996; x_wconf 88' lang='lat' dir='ltr'><strong>oblationes</strong></span> <span class='ocrx_word' id='word_1_17' title='bbox 713 922 795 993; x_wconf 89' lang='lat' dir='ltr'><strong>istas</strong></span> <span class='ocrx_word' id='word_1_18' title='bbox 824 919 993 992; x_wconf 85' lang='lat' dir='ltr'><strong>sanctifica</strong></span> <span class='ocrx_word' id='word_1_19' title='bbox 1018 940 1081 1015; x_wconf 95' lang='lat' dir='ltr'><strong>per</strong></span> <span class='ocrx_word' id='word_1_20' title='bbox 1106 917 1263 1014; x_wconf 88' lang='lat' dir='ltr'><strong>Spiritum</strong></span> <span class='ocrx_word' id='word_1_21' title='bbox 1290 927 1379 992; x_wconf 78' lang='lat' dir='ltr'><strong>trum</strong></span> <span class='ocrx_word' id='word_1_22' title='bbox 1407 930 1567 1008; x_wconf 87' lang='lat' dir='ltr'><strong>sanctum,</strong></span> <span class='ocrx_word' id='word_1_23' title='bbox 1589 923 1647 1015; x_wconf 85' lang='lat' dir='ltr'><strong>qul</strong></span> 
     </span>
     <span class='ocr_line' id='line_1_4' title="bbox 277 1034 1646 1130; baseline 0.001 -23"><span class='ocrx_word' id='word_1_24' title='bbox 277 1035 425 1130; x_wconf 86' lang='lat' dir='ltr'><strong>aequalis</strong></span> <span class='ocrx_word' id='word_1_25' title='bbox 452 1048 504 1111; x_wconf 90' lang='lat' dir='ltr'><strong>ast</strong></span> <span class='ocrx_word' id='word_1_26' title='bbox 529 1034 588 1110; x_wconf 92' lang='lat' dir='ltr'><strong>tibi</strong></span> <span class='ocrx_word' id='word_1_27' title='bbox 613 1037 707 1108; x_wconf 85' lang='lat' dir='ltr'><strong>Dens</strong></span> <span class='ocrx_word' id='word_1_28' title='bbox 732 1036 845 1126; x_wconf 91' lang='lat' dir='ltr'><strong>Pater,</strong></span> <span class='ocrx_word' id='word_1_29' title='bbox 872 1045 906 1107; x_wconf 87' lang='lat' dir='ltr'><strong>ct</strong></span> <span class='ocrx_word' id='word_1_30' title='bbox 931 1035 1015 1108; x_wconf 84' lang='lat' dir='ltr'><strong>Elbo</strong></span> <span class='ocrx_word' id='word_1_31' title='bbox 1043 1045 1099 1108; x_wconf 89' lang='lat' dir='ltr'><strong>tuo</strong></span> <span class='ocrx_word' id='word_1_32' title='bbox 1126 1037 1309 1128; x_wconf 83' lang='lat' dir='ltr'><strong>unigenito,</strong></span> <span class='ocrx_word' id='word_1_33' title='bbox 1336 1034 1517 1108; x_wconf 88' lang='lat' dir='ltr'><strong>secundnm</strong></span> <span class='ocrx_word' id='word_1_34' title='bbox 1550 1035 1646 1110; x_wconf 91' lang='lat' dir='ltr'><strong>divi-</strong></span> 
     </span>
     <span class='ocr_line' id='line_1_5' title="bbox 275 1150 1645 1248; baseline 0.001 -24"><span class='ocrx_word' id='word_1_35' title='bbox 275 1155 427 1240; x_wconf 89' lang='lat' dir='ltr'><strong>nitatem,</strong></span> <span class='ocrx_word' id='word_1_36' title='bbox 456 1151 691 1240; x_wconf 87' lang='lat' dir='ltr'><strong>substantiam,</strong></span> <span class='ocrx_word' id='word_1_37' title='bbox 726 1161 878 1223; x_wconf 88' lang='lat' dir='ltr'><strong>naturam</strong></span> <span class='ocrx_word' id='word_1_38' title='bbox 910 1161 945 1223; x_wconf 86' lang='lat' dir='ltr'><strong>ct</strong></span> <span class='ocrx_word' id='word_1_39' title='bbox 976 1150 1244 1225; x_wconf 77' lang='lat' dir='ltr'><strong>dominationem.</strong></span> <span class='ocrx_word' id='word_1_40' title='bbox 1296 1151 1374 1248; x_wconf 88' lang='lat' dir='ltr'><strong>lpse</strong></span> <span class='ocrx_word' id='word_1_41' title='bbox 1407 1151 1575 1242; x_wconf 80' lang='lat' dir='ltr'><strong>adveniat,</strong></span> <span class='ocrx_word' id='word_1_42' title='bbox 1611 1164 1645 1226; x_wconf 90' lang='lat' dir='ltr'><strong>et</strong></span> 
     </span>
     <span class='ocr_line' id='line_1_6' title="bbox 274 1265 1644 1364; baseline 0 -24"><span class='ocrx_word' id='word_1_43' title='bbox 274 1266 446 1359; x_wconf 74' lang='lat' dir='ltr'><strong>illabatur,</strong></span> <span class='ocrx_word' id='word_1_44' title='bbox 488 1277 523 1340; x_wconf 89' lang='lat' dir='ltr'><strong>ct</strong></span> <span class='ocrx_word' id='word_1_45' title='bbox 555 1290 617 1364; x_wconf 87' lang='lat' dir='ltr'><strong>per</strong></span> <span class='ocrx_word' id='word_1_46' title='bbox 649 1265 934 1340; x_wconf 79' lang='lat' dir='ltr'><strong>obumbrationem</strong></span> <span class='ocrx_word' id='word_1_47' title='bbox 970 1289 1084 1356; x_wconf 89' lang='lat' dir='ltr'><strong>suam,</strong></span> <span class='ocrx_word' id='word_1_48' title='bbox 1117 1267 1267 1364; x_wconf 87' lang='lat' dir='ltr'><strong>perficiat</strong></span> <span class='ocrx_word' id='word_1_49' title='bbox 1299 1267 1384 1341; x_wconf 88' lang='lat' dir='ltr'><strong>haec</strong></span> <span class='ocrx_word' id='word_1_50' title='bbox 1423 1276 1644 1360; x_wconf 88' lang='lat' dir='ltr'><strong>sacramenta,</strong></span> 
     </span>
     <span class='ocr_line' id='line_1_7' title="bbox 275 1381 1643 1481; baseline 0.003 -27"><span class='ocrx_word' id='word_1_51' title='bbox 275 1406 398 1480; x_wconf 88' lang='lat' dir='ltr'><strong>corpus</strong></span> <span class='ocrx_word' id='word_1_52' title='bbox 431 1395 465 1457; x_wconf 88' lang='lat' dir='ltr'><strong>ct</strong></span> <span class='ocrx_word' id='word_1_53' title='bbox 496 1385 691 1477; x_wconf 81' lang='lat' dir='ltr'><strong>sanguinem</strong></span> <span class='ocrx_word' id='word_1_54' title='bbox 724 1385 885 1476; x_wconf 83' lang='lat' dir='ltr'><strong>unigeniti</strong></span> <span class='ocrx_word' id='word_1_55' title='bbox 918 1381 993 1458; x_wconf 89' lang='lat' dir='ltr'><strong>Filii</strong></span> <span class='ocrx_word' id='word_1_56' title='bbox 1019 1385 1081 1472; x_wconf 88' lang='lat' dir='ltr'><strong>tui,</strong></span> <span class='ocrx_word' id='word_1_57' title='bbox 1118 1394 1152 1458; x_wconf 90' lang='lat' dir='ltr'><strong>et</strong></span> <span class='ocrx_word' id='word_1_58' title='bbox 1184 1407 1247 1481; x_wconf 90' lang='lat' dir='ltr'><strong>per</strong></span> <span class='ocrx_word' id='word_1_59' title='bbox 1273 1405 1315 1458; x_wconf 88' lang='lat' dir='ltr'><strong>ea</strong></span> <span class='ocrx_word' id='word_1_60' title='bbox 1340 1384 1484 1458; x_wconf 88' lang='lat' dir='ltr'><strong>Domine</strong></span> <span class='ocrx_word' id='word_1_61' title='bbox 1509 1387 1643 1458; x_wconf 88' lang='lat' dir='ltr'><strong>veniam</strong></span> 
     </span>
     <span class='ocr_line' id='line_1_8' title="bbox 274 1497 903 1596; baseline -0.005 -23"><span class='ocrx_word' id='word_1_62' title='bbox 274 1509 497 1596; x_wconf 87' lang='lat' dir='ltr'><strong>consequatur</strong></span> <span class='ocrx_word' id='word_1_63' title='bbox 522 1521 610 1593; x_wconf 81' lang='lat' dir='ltr'><strong>grex</strong></span> <span class='ocrx_word' id='word_1_64' title='bbox 636 1508 710 1572; x_wconf 91' lang='lat' dir='ltr'><strong>tuus</strong></span> <span class='ocrx_word' id='word_1_65' title='bbox 737 1497 903 1596; x_wconf 88' lang='lat' dir='ltr'><strong>spiritalis.</strong></span> 
     </span>
    </p>

    <p class='ocr_par' dir='ltr' id='par_1_3' title="bbox 378 1614 733 1688">
     <span class='ocr_line' id='line_1_9' title="bbox 378 1614 733 1688; baseline -0.006 0"><span class='ocrx_word' id='word_1_66' title='bbox 378 1617 566 1688; x_wconf 81' lang='lat' dir='ltr'><strong>Diocooua.</strong></span> <span class='ocrx_word' id='word_1_67' title='bbox 620 1614 733 1688; x_wconf 85' lang='lat' dir='ltr'><strong>Orata.</strong></span> 
     </span>
    </p>

    <p class='ocr_par' dir='ltr' id='par_1_4' title="bbox 376 1730 836 1805">
     <span class='ocr_line' id='line_1_10' title="bbox 376 1730 836 1805; baseline 0 -1"><span class='ocrx_word' id='word_1_68' title='bbox 376 1732 562 1804; x_wconf 75' lang='lat' dir='ltr'><strong>Sacerdos.</strong></span> <span class='ocrx_word' id='word_1_69' title='bbox 614 1730 747 1805; x_wconf 83' lang='lat' dir='ltr'><strong>Exaudi</strong></span> <span class='ocrx_word' id='word_1_70' title='bbox 773 1753 836 1804; x_wconf 90' lang='lat' dir='ltr'><strong>mc.</strong></span> 
     </span>
    </p>

    <p class='ocr_par' dir='ltr' id='par_1_5' title="bbox 380 1847 863 1944">
     <span class='ocr_line' id='line_1_11' title="bbox 380 1847 863 1944; baseline 0 -24"><span class='ocrx_word' id='word_1_71' title='bbox 380 1847 539 1942; x_wconf 75' lang='lat' dir='ltr'><strong>Populus.</strong></span> <span class='ocrx_word' id='word_1_72' title='bbox 591 1847 696 1944; x_wconf 73' lang='lat' dir='ltr'><strong>llyrie</strong></span> <span class='ocrx_word' id='word_1_73' title='bbox 724 1848 863 1921; x_wconf 87' lang='lat' dir='ltr'><strong>eleison.</strong></span> 
     </span>
    </p>

    <p class='ocr_par' dir='ltr' id='par_1_6' title="bbox 275 1961 1643 2294">
     <span class='ocr_line' id='line_1_12' title="bbox 377 1961 1642 2061; baseline -0.001 -24"><span class='ocrx_word' id='word_1_74' title='bbox 377 1961 552 2037; x_wconf 74' lang='lat' dir='ltr'><strong>Soccrdm</strong></span> <span class='ocrx_word' id='word_1_75' title='bbox 578 1963 715 2036; x_wconf 81' lang='lat' dir='ltr'><strong>clerone</strong></span> <span class='ocrx_word' id='word_1_76' title='bbox 739 1985 865 2035; x_wconf 74' lang='lat' dir='ltr'><strong>cocao.</strong></span> <span class='ocrx_word' id='word_1_77' title='bbox 917 1962 1035 2036; x_wconf 85' lang='lat' dir='ltr'><strong>Victor</strong></span> <span class='ocrx_word' id='word_1_78' title='bbox 1060 1972 1095 2036; x_wconf 87' lang='lat' dir='ltr'><strong>et</strong></span> <span class='ocrx_word' id='word_1_79' title='bbox 1120 1967 1294 2038; x_wconf 86' lang='lat' dir='ltr'><strong>victoriam</strong></span> <span class='ocrx_word' id='word_1_80' title='bbox 1326 1974 1524 2061; x_wconf 85' lang='lat' dir='ltr'><strong>praestans,</strong></span> <span class='ocrx_word' id='word_1_81' title='bbox 1557 1985 1642 2038; x_wconf 89' lang='lat' dir='ltr'><strong>san-</strong></span> 
     </span>
     <span class='ocr_line' id='line_1_13' title="bbox 276 2077 1643 2182; baseline 0.002 -32"><span class='ocrx_word' id='word_1_82' title='bbox 276 2089 347 2152; x_wconf 89' lang='lat' dir='ltr'><strong>ctus</strong></span> <span class='ocrx_word' id='word_1_83' title='bbox 382 2090 416 2153; x_wconf 89' lang='lat' dir='ltr'><strong>ct</strong></span> <span class='ocrx_word' id='word_1_84' title='bbox 451 2079 674 2182; x_wconf 87' lang='lat' dir='ltr'><strong>sanctilicator</strong></span> <span class='ocrx_word' id='word_1_85' title='bbox 709 2080 850 2176; x_wconf 86' lang='lat' dir='ltr'><strong>Spiritus</strong></span> <span class='ocrx_word' id='word_1_86' title='bbox 886 2090 1032 2168; x_wconf 88' lang='lat' dir='ltr'><strong>sanctus,</strong></span> <span class='ocrx_word' id='word_1_87' title='bbox 1066 2082 1139 2177; x_wconf 88' lang='lat' dir='ltr'><strong>ipse</strong></span> <span class='ocrx_word' id='word_1_88' title='bbox 1173 2104 1236 2177; x_wconf 90' lang='lat' dir='ltr'><strong>per</strong></span> <span class='ocrx_word' id='word_1_89' title='bbox 1267 2077 1573 2172; x_wconf 84' lang='lat' dir='ltr'><strong>obumbrationem,</strong></span> <span class='ocrx_word' id='word_1_90' title='bbox 1608 2091 1643 2154; x_wconf 89' lang='lat' dir='ltr'><strong>et</strong></span> 
     </span>
     <span class='ocr_line' id='line_1_14' title="bbox 275 2195 1641 2294; baseline 0 -26"><span class='ocrx_word' id='word_1_91' title='bbox 275 2195 426 2294; x_wconf 91' lang='lat' dir='ltr'><strong>illapsum</strong></span> <span class='ocrx_word' id='word_1_92' title='bbox 453 2220 558 2287; x_wconf 92' lang='lat' dir='ltr'><strong>sunm,</strong></span> <span class='ocrx_word' id='word_1_93' title='bbox 584 2219 704 2294; x_wconf 89' lang='lat' dir='ltr'><strong>panem</strong></span> <span class='ocrx_word' id='word_1_94' title='bbox 731 2196 862 2292; x_wconf 89' lang='lat' dir='ltr'><strong>quidem</strong></span> <span class='ocrx_word' id='word_1_95' title='bbox 888 2199 986 2270; x_wconf 89' lang='lat' dir='ltr'><strong>istum</strong></span> <span class='ocrx_word' id='word_1_96' title='bbox 1009 2195 1112 2270; x_wconf 82' lang='lat' dir='ltr'><strong>faciat</strong></span> <span class='ocrx_word' id='word_1_97' title='bbox 1138 2219 1261 2294; x_wconf 88' lang='lat' dir='ltr'><strong>corpus</strong></span> <span class='ocrx_word' id='word_1_98' title='bbox 1285 2195 1408 2272; x_wconf 85' lang='lat' dir='ltr'><strong>Christi</strong></span> <span class='ocrx_word' id='word_1_99' title='bbox 1435 2197 1499 2270; x_wconf 87' lang='lat' dir='ltr'><strong>Dei</strong></span> <span class='ocrx_word' id='word_1_100' title='bbox 1523 2199 1641 2270; x_wconf 91' lang='lat' dir='ltr'><strong>nostri.</strong></span> 
     </span>
    </p>

    <p class='ocr_par' dir='ltr' id='par_1_7' title="bbox 378 2313 713 2409">
     <span class='ocr_line' id='line_1_15' title="bbox 378 2313 713 2409; baseline 0 -24"><span class='ocrx_word' id='word_1_101' title='bbox 378 2314 541 2409; x_wconf 78' lang='lat' dir='ltr'><strong>Populea.</strong></span> <span class='ocrx_word' id='word_1_102' title='bbox 592 2313 713 2386; x_wconf 86' lang='lat' dir='ltr'><strong>Amen.</strong></span> 
     </span>
    </p>

    <p class='ocr_par' dir='ltr' id='par_1_8' title="bbox 275 2419 1642 2619">
     <span class='ocr_line' id='line_1_16' title="bbox 328 2419 1642 2522; baseline -0.001 -21"><span class='ocrx_word' id='word_1_103' title='bbox 328 2511 334 2519; x_wconf 47' lang='grc'><em>,</em></span> <span class='ocrx_word' id='word_1_104' title='bbox 378 2429 561 2502; x_wconf 74' lang='lat' dir='ltr'><strong>Sacerdos.</strong></span> <span class='ocrx_word' id='word_1_105' title='bbox 614 2427 658 2500; x_wconf 91' lang='lat' dir='ltr'><strong>Et</strong></span> <span class='ocrx_word' id='word_1_106' title='bbox 693 2429 831 2504; x_wconf 88' lang='lat' dir='ltr'><strong>calicem</strong></span> <span class='ocrx_word' id='word_1_107' title='bbox 871 2428 977 2521; x_wconf 90' lang='lat' dir='ltr'><strong>hunc,</strong></span> <span class='ocrx_word' id='word_1_108' title='bbox 1016 2429 1213 2522; x_wconf 82' lang='lat' dir='ltr'><strong>sanguinem</strong></span> <span class='ocrx_word' id='word_1_109' title='bbox 1253 2427 1376 2502; x_wconf 80' lang='lat' dir='ltr'><strong>Christi</strong></span> <span class='ocrx_word' id='word_1_110' title='bbox 1413 2429 1497 2519; x_wconf 87' lang='lat' dir='ltr'><strong>Dal,</strong></span> <span class='ocrx_word' id='word_1_111' title='bbox 1534 2419 1642 2514; x_wconf 73' lang='lat' dir='ltr'><strong>Regis</strong></span> 
     </span>
     <span class='ocr_line' id='line_1_17' title="bbox 275 2549 1028 2619; baseline 0.001 -2"><span class='ocrx_word' id='word_1_112' title='bbox 275 2549 390 2619; x_wconf 88' lang='lat' dir='ltr'><strong>nostri.</strong></span> <span class='ocrx_word' id='word_1_113' title='bbox 1025 2589 1028 2596; x_wconf 74' lang='lat'><em>=</em></span> 
     </span>
    </p>

    <p class='ocr_par' dir='ltr' id='par_1_9' title="bbox 377 2660 711 2755">
     <span class='ocr_line' id='line_1_18' title="bbox 377 2660 711 2755; baseline 0.006 -23"><span class='ocrx_word' id='word_1_114' title='bbox 377 2660 539 2755; x_wconf 69' lang='lat' dir='ltr'><strong>Populea.</strong></span> <span class='ocrx_word' id='word_1_115' title='bbox 591 2661 711 2734; x_wconf 87' lang='lat' dir='ltr'><strong>Amen.</strong></span> 
     </span>
    </p>

    <p class='ocr_par' dir='ltr' id='par_1_10' title="bbox 274 2775 1641 2990">
     <span class='ocr_line' id='line_1_19' title="bbox 376 2775 1641 2872; baseline 0.002 -24"><span class='ocrx_word' id='word_1_116' title='bbox 376 2777 561 2849; x_wconf 81' lang='lat' dir='ltr'><strong>Sacerdos.</strong></span> <span class='ocrx_word' id='word_1_117' title='bbox 613 2777 658 2849; x_wconf 92' lang='lat' dir='ltr'><strong>Ut</strong></span> <span class='ocrx_word' id='word_1_118' title='bbox 690 2775 842 2850; x_wconf 90' lang='lat' dir='ltr'><strong>omnibus</strong></span> <span class='ocrx_word' id='word_1_119' title='bbox 876 2799 918 2850; x_wconf 89' lang='lat' dir='ltr'><strong>ca</strong></span> <span class='ocrx_word' id='word_1_120' title='bbox 953 2775 1210 2872; x_wconf 83' lang='lat' dir='ltr'><strong>accipientibus,</strong></span> <span class='ocrx_word' id='word_1_121' title='bbox 1244 2785 1279 2848; x_wconf 87' lang='lat' dir='ltr'><strong>at</strong></span> <span class='ocrx_word' id='word_1_122' title='bbox 1312 2775 1641 2865; x_wconf 88' lang='lat' dir='ltr'><strong>communicantibus,</strong></span> 
     </span>
     <span class='ocr_line' id='line_1_20' title="bbox 274 2893 1031 2990; baseline 0 -25"><span class='ocrx_word' id='word_1_123' title='bbox 274 2895 338 2966; x_wconf 88' lang='lat' dir='ltr'><strong>sint</strong></span> <span class='ocrx_word' id='word_1_124' title='bbox 363 2895 484 2990; x_wconf 80' lang='lat' dir='ltr'><strong>pignus</strong></span> <span class='ocrx_word' id='word_1_125' title='bbox 511 2893 626 2967; x_wconf 85' lang='lat' dir='ltr'><strong>salutis</strong></span> <span class='ocrx_word' id='word_1_126' title='bbox 653 2893 824 2966; x_wconf 86' lang='lat' dir='ltr'><strong>advitam</strong></span> <span class='ocrx_word' id='word_1_127' title='bbox 851 2903 1031 2966; x_wconf 84' lang='lat' dir='ltr'><strong>aeternam.</strong></span> 
     </span>
    </p>

    <p class='ocr_par' dir='ltr' id='par_1_11' title="bbox 376 3007 710 3103">
     <span class='ocr_line' id='line_1_21' title="bbox 376 3007 710 3103; baseline 0.003 -23"><span class='ocrx_word' id='word_1_128' title='bbox 376 3007 539 3103; x_wconf 79' lang='lat' dir='ltr'><strong>Populus.</strong></span> <span class='ocrx_word' id='word_1_129' title='bbox 591 3011 710 3083; x_wconf 90' lang='lat' dir='ltr'><strong>Amen.</strong></span> 
     </span>
    </p>

    <p class='ocr_par' dir='ltr' id='par_1_12' title="bbox 272 3123 1715 3896">
     <span class='ocr_line' id='line_1_22' title="bbox 376 3123 1715 3219; baseline 0.001 -23"><span class='ocrx_word' id='word_1_130' title='bbox 376 3124 553 3197; x_wconf 73' lang='lat' dir='ltr'><strong>Socerum</strong></span> <span class='ocrx_word' id='word_1_131' title='bbox 584 3125 775 3197; x_wconf 75' lang='lat' dir='ltr'><strong>inchoatur.</strong></span> <span class='ocrx_word' id='word_1_132' title='bbox 828 3123 1012 3219; x_wconf 83' lang='lat' dir='ltr'><strong>Propterea</strong></span> <span class='ocrx_word' id='word_1_133' title='bbox 1047 3123 1215 3198; x_wconf 84' lang='lat' dir='ltr'><strong>oderimus</strong></span> <span class='ocrx_word' id='word_1_134' title='bbox 1250 3123 1309 3198; x_wconf 90' lang='lat' dir='ltr'><strong>tihi</strong></span> <span class='ocrx_word' id='word_1_135' title='bbox 1349 3124 1546 3199; x_wconf 84' lang='lat' dir='ltr'><strong>sacrificium</strong></span> <span class='ocrx_word' id='word_1_136' title='bbox 1577 3125 1643 3198; x_wconf 89' lang='lat' dir='ltr'><strong>hoo</strong></span> <span class='ocrx_word' id='word_1_137' title='bbox 1713 3143 1715 3150; x_wconf 58' lang='lat'><strong>ยน</strong></span> 
     </span>
     <span class='ocr_line' id='line_1_23' title="bbox 275 3239 1642 3338; baseline -0.001 -23"><span class='ocrx_word' id='word_1_138' title='bbox 275 3240 456 3338; x_wconf 86' lang='lat' dir='ltr'><strong>spirituale,</strong></span> <span class='ocrx_word' id='word_1_139' title='bbox 484 3241 663 3314; x_wconf 88' lang='lat' dir='ltr'><strong>secundnm</strong></span> <span class='ocrx_word' id='word_1_140' title='bbox 691 3240 872 3316; x_wconf 88' lang='lat' dir='ltr'><strong>doctrinam</strong></span> <span class='ocrx_word' id='word_1_141' title='bbox 898 3242 1032 3314; x_wconf 87' lang='lat' dir='ltr'><strong>Domini</strong></span> <span class='ocrx_word' id='word_1_142' title='bbox 1057 3242 1181 3329; x_wconf 89' lang='lat' dir='ltr'><strong>nostri,</strong></span> <span class='ocrx_word' id='word_1_143' title='bbox 1208 3261 1270 3337; x_wconf 93' lang='lat' dir='ltr'><strong>pro</strong></span> <span class='ocrx_word' id='word_1_144' title='bbox 1297 3243 1456 3315; x_wconf 82' lang='lat' dir='ltr'><strong>universa</strong></span> <span class='ocrx_word' id='word_1_145' title='bbox 1486 3239 1642 3315; x_wconf 84' lang='lat' dir='ltr'><strong>Ecclesia</strong></span> 
     </span>
     <span class='ocr_line' id='line_1_24' title="bbox 275 3355 1641 3454; baseline -0.001 -23"><span class='ocrx_word' id='word_1_146' title='bbox 275 3369 400 3446; x_wconf 86' lang='lat' dir='ltr'><strong>sancta,</strong></span> <span class='ocrx_word' id='word_1_147' title='bbox 426 3378 489 3454; x_wconf 94' lang='lat' dir='ltr'><strong>pro</strong></span> <span class='ocrx_word' id='word_1_148' title='bbox 515 3358 711 3432; x_wconf 88' lang='lat' dir='ltr'><strong>Pastoribus</strong></span> <span class='ocrx_word' id='word_1_149' title='bbox 739 3355 956 3447; x_wconf 84' lang='lat' dir='ltr'><strong>Orthodoxis,</strong></span> <span class='ocrx_word' id='word_1_150' title='bbox 983 3358 1038 3453; x_wconf 84' lang='lat' dir='ltr'><strong>qui</strong></span> <span class='ocrx_word' id='word_1_151' title='bbox 1064 3355 1256 3452; x_wconf 87' lang='lat' dir='ltr'><strong>pascendae</strong></span> <span class='ocrx_word' id='word_1_152' title='bbox 1281 3355 1391 3434; x_wconf 84' lang='lat' dir='ltr'><strong>eidem</strong></span> <span class='ocrx_word' id='word_1_153' title='bbox 1415 3367 1551 3448; x_wconf 84' lang='lat' dir='ltr'><strong>vacant,</strong></span> <span class='ocrx_word' id='word_1_154' title='bbox 1577 3380 1641 3454; x_wconf 91' lang='lat' dir='ltr'><strong>pro</strong></span> 
     </span>
     <span class='ocr_line' id='line_1_25' title="bbox 273 3470 1641 3570; baseline -0.001 -24"><span class='ocrx_word' id='word_1_155' title='bbox 273 3472 424 3568; x_wconf 79' lang='lat' dir='ltr'><strong>Regibus</strong></span> <span class='ocrx_word' id='word_1_156' title='bbox 450 3471 622 3562; x_wconf 85' lang='lat' dir='ltr'><strong>fidelibus,</strong></span> <span class='ocrx_word' id='word_1_157' title='bbox 655 3496 718 3570; x_wconf 91' lang='lat' dir='ltr'><strong>pro</strong></span> <span class='ocrx_word' id='word_1_158' title='bbox 745 3477 935 3546; x_wconf 87' lang='lat' dir='ltr'><strong>cessatione</strong></span> <span class='ocrx_word' id='word_1_159' title='bbox 961 3471 1143 3562; x_wconf 90' lang='lat' dir='ltr'><strong>bellorum,</strong></span> <span class='ocrx_word' id='word_1_160' title='bbox 1182 3494 1245 3569; x_wconf 94' lang='lat' dir='ltr'><strong>pro</strong></span> <span class='ocrx_word' id='word_1_161' title='bbox 1272 3475 1480 3570; x_wconf 79' lang='lat' dir='ltr'><strong>peregrinis,</strong></span> <span class='ocrx_word' id='word_1_162' title='bbox 1513 3482 1548 3544; x_wconf 89' lang='lat' dir='ltr'><strong>et</strong></span> <span class='ocrx_word' id='word_1_163' title='bbox 1573 3470 1641 3545; x_wconf 93' lang='lat' dir='ltr'><strong>ad-</strong></span> 
     </span>
     <span class='ocr_line' id='line_1_26' title="bbox 273 3589 1641 3687; baseline -0.001 -23"><span class='ocrx_word' id='word_1_164' title='bbox 273 3593 383 3680; x_wconf 85' lang='lat' dir='ltr'><strong>venis,</strong></span> <span class='ocrx_word' id='word_1_165' title='bbox 411 3599 445 3662; x_wconf 88' lang='lat' dir='ltr'><strong>ct</strong></span> <span class='ocrx_word' id='word_1_166' title='bbox 469 3611 532 3687; x_wconf 93' lang='lat' dir='ltr'><strong>pro</strong></span> <span class='ocrx_word' id='word_1_167' title='bbox 562 3590 714 3664; x_wconf 78' lang='lat' dir='ltr'><strong>omnbus</strong></span> <span class='ocrx_word' id='word_1_168' title='bbox 740 3589 805 3662; x_wconf 89' lang='lat' dir='ltr'><strong>illis</strong></span> <span class='ocrx_word' id='word_1_169' title='bbox 832 3592 887 3683; x_wconf 77' lang='lat' dir='ltr'><strong>(pn</strong></span> <span class='ocrx_word' id='word_1_170' title='bbox 912 3593 1071 3663; x_wconf 87' lang='lat' dir='ltr'><strong>invocant</strong></span> <span class='ocrx_word' id='word_1_171' title='bbox 1096 3610 1219 3663; x_wconf 90' lang='lat' dir='ltr'><strong>nomen</strong></span> <span class='ocrx_word' id='word_1_172' title='bbox 1244 3600 1335 3662; x_wconf 89' lang='lat' dir='ltr'><strong>tuum</strong></span> <span class='ocrx_word' id='word_1_173' title='bbox 1361 3599 1521 3678; x_wconf 91' lang='lat' dir='ltr'><strong>sanctum,</strong></span> <span class='ocrx_word' id='word_1_174' title='bbox 1548 3591 1641 3662; x_wconf 87' lang='lat' dir='ltr'><strong>Deus</strong></span> 
     </span>
     <span class='ocr_line' id='line_1_27' title="bbox 272 3703 1640 3804; baseline -0.001 -27"><span class='ocrx_word' id='word_1_175' title='bbox 272 3716 400 3796; x_wconf 87' lang='lat' dir='ltr'><strong>noster,</strong></span> <span class='ocrx_word' id='word_1_176' title='bbox 425 3715 461 3778; x_wconf 94' lang='lat' dir='ltr'><strong>nt</strong></span> <span class='ocrx_word' id='word_1_177' title='bbox 487 3703 686 3797; x_wconf 85' lang='lat' dir='ltr'><strong>adjuventur</strong></span> <span class='ocrx_word' id='word_1_178' title='bbox 717 3729 778 3804; x_wconf 90' lang='lat' dir='ltr'><strong>per</strong></span> <span class='ocrx_word' id='word_1_179' title='bbox 810 3706 950 3799; x_wconf 81' lang='lat' dir='ltr'><strong>gratiam</strong></span> <span class='ocrx_word' id='word_1_180' title='bbox 984 3715 1093 3796; x_wconf 91' lang='lat' dir='ltr'><strong>tuam,</strong></span> <span class='ocrx_word' id='word_1_181' title='bbox 1127 3716 1162 3778; x_wconf 88' lang='lat' dir='ltr'><strong>et</strong></span> <span class='ocrx_word' id='word_1_182' title='bbox 1192 3708 1368 3780; x_wconf 87' lang='lat' dir='ltr'><strong>visitentur</strong></span> <span class='ocrx_word' id='word_1_183' title='bbox 1400 3727 1462 3801; x_wconf 87' lang='lat' dir='ltr'><strong>per</strong></span> <span class='ocrx_word' id='word_1_184' title='bbox 1492 3708 1640 3780; x_wconf 89' lang='lat' dir='ltr'><strong>misera-</strong></span> 
     </span>
     <span class='ocr_line' id='line_1_28' title="bbox 272 3827 522 3896; baseline -0.016 0"><span class='ocrx_word' id='word_1_185' title='bbox 272 3827 397 3896; x_wconf 93' lang='lat' dir='ltr'><strong>tionem</strong></span> <span class='ocrx_word' id='word_1_186' title='bbox 424 3833 522 3894; x_wconf 88' lang='lat' dir='ltr'><strong>tuam.</strong></span> 
     </span>
    </p>

    <p class='ocr_par' dir='ltr' id='par_1_13' title="bbox 272 3934 1641 4966">
     <span class='ocr_line' id='line_1_29' title="bbox 376 3934 1640 4028; baseline -0.002 -18"><span class='ocrx_word' id='word_1_187' title='bbox 376 3939 528 4010; x_wconf 61' lang='lat' dir='ltr'><strong>Mona</strong></span> <span class='ocrx_word' id='word_1_188' title='bbox 559 3959 684 4010; x_wconf 85' lang='lat' dir='ltr'><strong>ccccm.</strong></span> <span class='ocrx_word' id='word_1_189' title='bbox 731 3934 870 4009; x_wconf 89' lang='lat' dir='ltr'><strong>Robora</strong></span> <span class='ocrx_word' id='word_1_190' title='bbox 896 3946 931 4008; x_wconf 89' lang='lat' dir='ltr'><strong>et</strong></span> <span class='ocrx_word' id='word_1_191' title='bbox 955 3935 1127 4028; x_wconf 81' lang='lat' dir='ltr'><strong>confimo,</strong></span> <span class='ocrx_word' id='word_1_192' title='bbox 1152 3936 1309 4028; x_wconf 89' lang='lat' dir='ltr'><strong>Domina,</strong></span> <span class='ocrx_word' id='word_1_193' title='bbox 1335 3935 1524 4012; x_wconf 82' lang='lat' dir='ltr'><strong>Ecclesiam</strong></span> <span class='ocrx_word' id='word_1_194' title='bbox 1550 3947 1640 4010; x_wconf 92' lang='lat' dir='ltr'><strong>tuam</strong></span> 
     </span>
     <span class='ocr_line' id='line_1_30' title="bbox 273 4052 1641 4151; baseline -0.002 -22"><span class='ocrx_word' id='word_1_195' title='bbox 273 4065 422 4129; x_wconf 88' lang='lat' dir='ltr'><strong>sanctam</strong></span> <span class='ocrx_word' id='word_1_196' title='bbox 456 4077 555 4149; x_wconf 88' lang='lat' dir='ltr'><strong>qnam</strong></span> <span class='ocrx_word' id='word_1_197' title='bbox 587 4055 793 4151; x_wconf 85' lang='lat' dir='ltr'><strong>acquisivisti</strong></span> <span class='ocrx_word' id='word_1_198' title='bbox 827 4075 873 4126; x_wconf 83' lang='lat' dir='ltr'><strong>cx</strong></span> <span class='ocrx_word' id='word_1_199' title='bbox 898 4052 1077 4145; x_wconf 84' lang='lat' dir='ltr'><strong>gentibus,</strong></span> <span class='ocrx_word' id='word_1_200' title='bbox 1112 4061 1147 4124; x_wconf 90' lang='lat' dir='ltr'><strong>at</strong></span> <span class='ocrx_word' id='word_1_201' title='bbox 1180 4053 1320 4128; x_wconf 86' lang='lat' dir='ltr'><strong>salvasti</strong></span> <span class='ocrx_word' id='word_1_202' title='bbox 1351 4077 1413 4151; x_wconf 90' lang='lat' dir='ltr'><strong>per</strong></span> <span class='ocrx_word' id='word_1_203' title='bbox 1445 4056 1641 4148; x_wconf 79' lang='lat' dir='ltr'><strong>sanguinem</strong></span> 
     </span>
     <span class='ocr_line' id='line_1_31' title="bbox 272 4167 1639 4268; baseline -0.002 -24"><span class='ocrx_word' id='word_1_204' title='bbox 272 4172 431 4264; x_wconf 85' lang='lat' dir='ltr'><strong>unigeniti</strong></span> <span class='ocrx_word' id='word_1_205' title='bbox 457 4170 532 4242; x_wconf 88' lang='lat' dir='ltr'><strong>Filii</strong></span> <span class='ocrx_word' id='word_1_206' title='bbox 558 4173 613 4242; x_wconf 87' lang='lat' dir='ltr'><strong>tul.</strong></span> <span class='ocrx_word' id='word_1_207' title='bbox 666 4171 855 4243; x_wconf 87' lang='lat' dir='ltr'><strong>Praescrva</strong></span> <span class='ocrx_word' id='word_1_208' title='bbox 882 4193 956 4243; x_wconf 91' lang='lat' dir='ltr'><strong>eam</strong></span> <span class='ocrx_word' id='word_1_209' title='bbox 984 4167 1026 4242; x_wconf 93' lang='lat' dir='ltr'><strong>ab</strong></span> <span class='ocrx_word' id='word_1_210' title='bbox 1053 4167 1205 4244; x_wconf 92' lang='lat' dir='ltr'><strong>omnihus</strong></span> <span class='ocrx_word' id='word_1_211' title='bbox 1227 4171 1422 4246; x_wconf 86' lang='lat' dir='ltr'><strong>haeresibus</strong></span> <span class='ocrx_word' id='word_1_212' title='bbox 1449 4172 1639 4268; x_wconf 88' lang='lat' dir='ltr'><strong>perversis:</strong></span> 
     </span>
     <span class='ocr_line' id='line_1_32' title="bbox 274 4282 1640 4385; baseline -0.001 -26"><span class='ocrx_word' id='word_1_213' title='bbox 274 4286 405 4382; x_wconf 88' lang='lat' dir='ltr'><strong>depelle</strong></span> <span class='ocrx_word' id='word_1_214' title='bbox 432 4283 474 4358; x_wconf 89' lang='lat' dir='ltr'><strong>ab</strong></span> <span class='ocrx_word' id='word_1_215' title='bbox 502 4308 544 4358; x_wconf 91' lang='lat' dir='ltr'><strong>ea</strong></span> <span class='ocrx_word' id='word_1_216' title='bbox 569 4282 683 4359; x_wconf 86' lang='lat' dir='ltr'><strong>hostes</strong></span> <span class='ocrx_word' id='word_1_217' title='bbox 711 4284 862 4360; x_wconf 88' lang='lat' dir='ltr'><strong>occultos</strong></span> <span class='ocrx_word' id='word_1_218' title='bbox 889 4297 923 4360; x_wconf 92' lang='lat' dir='ltr'><strong>et</strong></span> <span class='ocrx_word' id='word_1_219' title='bbox 948 4285 1158 4360; x_wconf 82' lang='lat' dir='ltr'><strong>manifestos:</strong></span> <span class='ocrx_word' id='word_1_220' title='bbox 1185 4309 1365 4385; x_wconf 87' lang='lat' dir='ltr'><strong>compesce</strong></span> <span class='ocrx_word' id='word_1_221' title='bbox 1391 4286 1433 4362; x_wconf 90' lang='lat' dir='ltr'><strong>ab</strong></span> <span class='ocrx_word' id='word_1_222' title='bbox 1454 4311 1496 4360; x_wconf 89' lang='lat' dir='ltr'><strong>ea</strong></span> <span class='ocrx_word' id='word_1_223' title='bbox 1522 4291 1640 4381; x_wconf 83' lang='lat' dir='ltr'><strong>virgas</strong></span> 
     </span>
     <span class='ocr_line' id='line_1_33' title="bbox 274 4399 1638 4499; baseline 0.001 -25"><span class='ocrx_word' id='word_1_224' title='bbox 274 4423 391 4476; x_wconf 88' lang='lat' dir='ltr'><strong>omncs</strong></span> <span class='ocrx_word' id='word_1_225' title='bbox 416 4401 539 4474; x_wconf 85' lang='lat' dir='ltr'><strong>bnoris</strong></span> <span class='ocrx_word' id='word_1_226' title='bbox 565 4412 599 4474; x_wconf 89' lang='lat' dir='ltr'><strong>et</strong></span> <span class='ocrx_word' id='word_1_227' title='bbox 624 4399 854 4489; x_wconf 88' lang='lat' dir='ltr'><strong>rebellionum,</strong></span> <span class='ocrx_word' id='word_1_228' title='bbox 880 4404 980 4475; x_wconf 74' lang='lat' dir='ltr'><strong>malta</strong></span> <span class='ocrx_word' id='word_1_229' title='bbox 1006 4425 1082 4476; x_wconf 91' lang='lat' dir='ltr'><strong>cam</strong></span> <span class='ocrx_word' id='word_1_230' title='bbox 1108 4405 1336 4499; x_wconf 83' lang='lat' dir='ltr'><strong>pergratiam</strong></span> <span class='ocrx_word' id='word_1_231' title='bbox 1363 4414 1472 4492; x_wconf 92' lang='lat' dir='ltr'><strong>tuam,</strong></span> <span class='ocrx_word' id='word_1_232' title='bbox 1505 4414 1538 4477; x_wconf 87' lang='lat' dir='ltr'><strong>ct</strong></span> <span class='ocrx_word' id='word_1_233' title='bbox 1570 4402 1638 4476; x_wconf 91' lang='lat' dir='ltr'><strong>be-</strong></span> 
     </span>
     <span class='ocr_line' id='line_1_34' title="bbox 273 4516 1639 4615; baseline 0.003 -25"><span class='ocrx_word' id='word_1_234' title='bbox 273 4518 372 4592; x_wconf 87' lang='lat' dir='ltr'><strong>nedic</strong></span> <span class='ocrx_word' id='word_1_235' title='bbox 398 4517 486 4590; x_wconf 89' lang='lat' dir='ltr'><strong>illam</strong></span> <span class='ocrx_word' id='word_1_236' title='bbox 513 4517 655 4591; x_wconf 88' lang='lat' dir='ltr'><strong>dextera</strong></span> <span class='ocrx_word' id='word_1_237' title='bbox 669 4528 725 4591; x_wconf 89' lang='lat' dir='ltr'><strong>tua</strong></span> <span class='ocrx_word' id='word_1_238' title='bbox 752 4520 984 4613; x_wconf 88' lang='lat' dir='ltr'><strong>omnipotenti:</strong></span> <span class='ocrx_word' id='word_1_239' title='bbox 1011 4516 1123 4591; x_wconf 89' lang='lat' dir='ltr'><strong>habita</strong></span> <span class='ocrx_word' id='word_1_240' title='bbox 1150 4541 1252 4615; x_wconf 90' lang='lat' dir='ltr'><strong>super</strong></span> <span class='ocrx_word' id='word_1_241' title='bbox 1267 4542 1342 4593; x_wconf 89' lang='lat' dir='ltr'><strong>eam</strong></span> <span class='ocrx_word' id='word_1_242' title='bbox 1367 4520 1639 4612; x_wconf 85' lang='lat' dir='ltr'><strong>misericorditer,</strong></span> 
     </span>
     <span class='ocr_line' id='line_1_35' title="bbox 273 4631 1640 4731; baseline 0.003 -25"><span class='ocrx_word' id='word_1_243' title='bbox 273 4644 308 4706; x_wconf 91' lang='lat' dir='ltr'><strong>et</strong></span> <span class='ocrx_word' id='word_1_244' title='bbox 332 4656 395 4731; x_wconf 87' lang='lat' dir='ltr'><strong>per</strong></span> <span class='ocrx_word' id='word_1_245' title='bbox 419 4636 662 4731; x_wconf 86' lang='lat' dir='ltr'><strong>protectionem</strong></span> <span class='ocrx_word' id='word_1_246' title='bbox 688 4635 830 4730; x_wconf 85' lang='lat' dir='ltr'><strong>potentis</strong></span> <span class='ocrx_word' id='word_1_247' title='bbox 857 4631 983 4706; x_wconf 90' lang='lat' dir='ltr'><strong>brachii</strong></span> <span class='ocrx_word' id='word_1_248' title='bbox 1014 4638 1081 4724; x_wconf 87' lang='lat' dir='ltr'><strong>tui,</strong></span> <span class='ocrx_word' id='word_1_249' title='bbox 1115 4644 1151 4707; x_wconf 92' lang='lat' dir='ltr'><strong>nt</strong></span> <span class='ocrx_word' id='word_1_250' title='bbox 1183 4633 1307 4726; x_wconf 83' lang='lat' dir='ltr'><strong>gaudio</strong></span> <span class='ocrx_word' id='word_1_251' title='bbox 1343 4636 1433 4731; x_wconf 90' lang='lat' dir='ltr'><strong>quod</strong></span> <span class='ocrx_word' id='word_1_252' title='bbox 1467 4639 1501 4709; x_wconf 92' lang='lat' dir='ltr'><strong>in</strong></span> <span class='ocrx_word' id='word_1_253' title='bbox 1527 4647 1561 4712; x_wconf 89' lang='lat' dir='ltr'><strong>te</strong></span> <span class='ocrx_word' id='word_1_254' title='bbox 1587 4648 1640 4710; x_wconf 85' lang='lat' dir='ltr'><strong>est</strong></span> 
     </span>
     <span class='ocr_line' id='line_1_36' title="bbox 274 4749 1638 4846; baseline 0.001 -20"><span class='ocrx_word' id='word_1_255' title='bbox 274 4750 456 4826; x_wconf 86' lang='lat' dir='ltr'><strong>afficiantur</strong></span> <span class='ocrx_word' id='word_1_256' title='bbox 485 4749 543 4824; x_wconf 84' lang='lat' dir='ltr'><strong>filii</strong></span> <span class='ocrx_word' id='word_1_257' title='bbox 576 4754 660 4844; x_wconf 84' lang='lat' dir='ltr'><strong>ojus,</strong></span> <span class='ocrx_word' id='word_1_258' title='bbox 687 4772 860 4846; x_wconf 81' lang='lat' dir='ltr'><strong>vocesque</strong></span> <span class='ocrx_word' id='word_1_259' title='bbox 886 4771 1030 4840; x_wconf 88' lang='lat' dir='ltr'><strong>suaves,</strong></span> <span class='ocrx_word' id='word_1_260' title='bbox 1061 4760 1096 4823; x_wconf 89' lang='lat' dir='ltr'><strong>et</strong></span> <span class='ocrx_word' id='word_1_261' title='bbox 1124 4761 1240 4844; x_wconf 83' lang='lat' dir='ltr'><strong>gratas</strong></span> <span class='ocrx_word' id='word_1_262' title='bbox 1274 4755 1457 4846; x_wconf 82' lang='lat' dir='ltr'><strong>gratiarum</strong></span> <span class='ocrx_word' id='word_1_263' title='bbox 1489 4757 1638 4828; x_wconf 89' lang='lat' dir='ltr'><strong>actiones</strong></span> 
     </span>
     <span class='ocr_line' id='line_1_37' title="bbox 273 4865 1428 4966; baseline 0.002 -26"><span class='ocrx_word' id='word_1_264' title='bbox 273 4865 422 4942; x_wconf 80' lang='lat' dir='ltr'><strong>referant</strong></span> <span class='ocrx_word' id='word_1_265' title='bbox 448 4865 518 4956; x_wconf 88' lang='lat' dir='ltr'><strong>tihi,</strong></span> <span class='ocrx_word' id='word_1_266' title='bbox 545 4876 579 4938; x_wconf 92' lang='lat' dir='ltr'><strong>et</strong></span> <span class='ocrx_word' id='word_1_267' title='bbox 603 4866 690 4939; x_wconf 90' lang='lat' dir='ltr'><strong>Filio</strong></span> <span class='ocrx_word' id='word_1_268' title='bbox 717 4875 774 4940; x_wconf 92' lang='lat' dir='ltr'><strong>tuo</strong></span> <span class='ocrx_word' id='word_1_269' title='bbox 800 4869 970 4958; x_wconf 79' lang='lat' dir='ltr'><strong>unigenito</strong></span> <span class='ocrx_word' id='word_1_270' title='bbox 997 4879 1031 4940; x_wconf 89' lang='lat' dir='ltr'><strong>ct</strong></span> <span class='ocrx_word' id='word_1_271' title='bbox 1056 4867 1193 4966; x_wconf 85' lang='lat' dir='ltr'><strong>Spiritui</strong></span> <span class='ocrx_word' id='word_1_272' title='bbox 1219 4879 1335 4944; x_wconf 88' lang='lat' dir='ltr'><strong>sancto</strong></span> <span class='ocrx_word' id='word_1_273' title='bbox 1362 4878 1428 4944; x_wconf 92' lang='lat' dir='ltr'><strong>tuo.</strong></span> 
     </span>
    </p>

    <p class='ocr_par' dir='ltr' id='par_1_14' title="bbox 375 4981 708 5077">
     <span class='ocr_line' id='line_1_38' title="bbox 375 4981 708 5077; baseline -0.003 -22"><span class='ocrx_word' id='word_1_274' title='bbox 375 4981 536 5077; x_wconf 80' lang='lat' dir='ltr'><strong>Populea.</strong></span> <span class='ocrx_word' id='word_1_275' title='bbox 589 4983 708 5056; x_wconf 83' lang='lat' dir='ltr'><strong>Amen.</strong></span> 
     </span>
    </p>
   </div>
   <div class='ocr_carea' id='block_1_3' title="bbox 0 0 2396 6039">
    <p class='ocr_par' dir='ltr' id='par_1_15' title="bbox 0 0 2396 6039">
     <span class='ocr_line' id='line_1_39' title="bbox 0 0 2396 6039; baseline 0 0"><span class='ocrx_word' id='word_1_276' title='bbox 0 0 2396 6039; x_wconf 95' lang='lat' dir='ltr'><strong> </strong></span> 
     </span>
    </p>
   </div>
  </div>
 </body>
</html>
