4712 6032
645 553 698 688 s.
724 596 890 687 monim
916 581 1148 689 lrnnnsnon
1173 612 1353 690 nnsoon.
1619 617 1701 692 sos

426 796 610 868 Sacerdos.
663 797 740 892 lpse
767 799 865 868 etiam
892 807 1106 893 praeceptum
1140 801 1200 873 toti
1233 802 1341 871 coetui
1373 810 1407 871 et
1440 805 1696 894 congregationi

322 913 466 986 fidelium
492 935 554 1009 per
580 911 717 984 eosdem
743 911 930 1006 Apostolos
958 923 1092 985 sanctos
1126 913 1227 1004 dedit,
1258 914 1388 988 dicens:
1420 915 1495 988 Hoc
1527 916 1627 989 facite
1662 923 1696 988 in

322 1031 387 1099 mei
423 1031 636 1115 memoriam,
671 1031 945 1122 quotiescumque
977 1027 1217 1102 manducabitis
1245 1051 1365 1124 panem
1391 1029 1478 1102 buno
1505 1041 1539 1102 et
1564 1035 1695 1103 mistum

323 1143 411 1238 quod
437 1147 471 1213 in
497 1143 560 1214 hoo
588 1143 693 1215 calice
720 1151 772 1214 est
797 1140 930 1230 bibetis,
959 1154 993 1215 et
1018 1143 1083 1216 hoc
1110 1147 1301 1215 convivium
1325 1144 1550 1234 celebrabitis,
1577 1149 1694 1220 mortis

321 1281 418 1329 meae
445 1260 794 1344 commemorationem
821 1261 928 1348 agetis
956 1259 1064 1330 donec
1090 1263 1234 1330 veniam.

424 1371 585 1466 Populos.
637 1373 757 1445 lllortis
784 1383 860 1443 tuae
886 1375 1030 1444 Domine
1056 1377 1249 1446 memoriam
1275 1375 1414 1465 agimus.

424 1487 608 1559 Sacerdos.
661 1488 848 1583 Praecepto
882 1491 984 1580 igitur
1009 1491 1184 1560 Dominico
1219 1497 1276 1561 tuo
1310 1489 1556 1586 obsequentes,
1592 1515 1692 1565 com-

320 1607 592 1676 memorationem
620 1607 736 1675 mortis
764 1613 798 1674 et
823 1606 1077 1676 resurrectionis
1103 1614 1181 1675 tuae
1207 1626 1270 1700 per
1296 1607 1492 1679 sacrificium
1517 1608 1581 1679 boc
1606 1631 1692 1703 per-

321 1727 422 1814 petuo
449 1719 660 1792 celebrantes
693 1722 726 1789 in
756 1721 937 1814 mysterio:
971 1727 1187 1814 expectamus
1224 1741 1357 1814 quoque
1391 1722 1570 1794 adventum
1603 1733 1693 1796 tuum

319 1833 511 1924 secundum,
537 1837 792 1906 renovationem
818 1837 954 1926 generis
981 1836 1104 1923 nostri,
1137 1845 1170 1906 et
1196 1835 1455 1908 vivificationem
1484 1838 1691 1911 mortalitatis

319 1957 465 2022 nostrae.
518 1949 593 2022 Non
621 1952 706 2020 enim
735 1950 939 2044 simpliciter,
966 1949 1027 2021 sed
1054 1972 1127 2021 cum
1155 1949 1263 2041 gloria
1291 1951 1366 2023 Deo
1394 1951 1514 2044 digna,
1548 1956 1582 2026 in
1608 1955 1692 2048 Spi-

318 2066 382 2134 ritu
409 2063 563 2134 inellabili
590 2063 778 2134 terribiliter
804 2063 985 2152 advenies,
1012 2075 1046 2135 et
1073 2087 1174 2159 super
1200 2063 1351 2138 thronum
1379 2067 1553 2139 excelsum
1578 2073 1691 2160 maje-

321 2181 414 2250 statis
450 2187 528 2248 tuae
563 2179 705 2266 sedens,
745 2179 947 2269 agnitionem
984 2181 1101 2268 regine
1136 2182 1310 2271 potestatis
1351 2191 1428 2252 tuae
1461 2181 1503 2254 ab
1538 2181 1691 2254 omnibus

320 2294 459 2382 creatis,
493 2303 527 2364 et
552 2293 649 2366 lactis
677 2296 813 2385 exiges3
841 2293 1065 2386 ultionemque
1091 2295 1244 2384 imaginis
1272 2304 1366 2384 tuae,
1402 2295 1443 2367 ab
1480 2301 1520 2368 iis
1548 2300 1604 2391 qui
1630 2317 1692 2391 per

320 2407 424 2480 malas
451 2412 627 2503 passiones
655 2431 727 2480 enm
755 2417 985 2501 corruperunt,
1008 2410 1099 2500 juste
1125 2407 1240 2480 lacios.
1294 2407 1498 2482 Sacrilicium
1520 2410 1597 2500 boc,
1624 2410 1692 2484 illic

321 2522 536 2614 celebratum,
564 2525 623 2597 tibi
649 2523 1104 2598 commemoramusDomine
1131 2534 1165 2594 et
1190 2528 1365 2619 passiones
1394 2548 1476 2620 quos
1502 2548 1565 2620 pro
1591 2526 1690 2600 nobis

321 2641 500 2712 sustinuisti
527 2644 560 2711 in
587 2663 697 2713 cruce.
749 2641 917 2735 Propitius
945 2649 1029 2729 esto,
1057 2661 1078 2710 o
1105 2639 1194 2712 bone
1221 2651 1255 2711 et
1281 2652 1411 2715 amator
1436 2641 1622 2730 bominum,
1656 2645 1691 2715 in

319 2752 400 2826 hora
426 2753 481 2826 illa
508 2755 607 2850 plena
634 2757 774 2842 timoris,
801 2765 835 2828 et
861 2755 1101 2850 trepidationis,
1118 2759 1374 2849 congregationi
1390 2755 1465 2828 buia
1479 2757 1691 2830 adorantium

321 2879 370 2958 tc,
405 2879 439 2941 et
465 2869 616 2942 omnibus
647 2871 721 2944 liliis
747 2869 923 2942 Ecclesiae
951 2881 1086 2943 sanctae
1119 2871 1314 2967 redemptae
1345 2874 1509 2964 sanguine
1540 2875 1686 2967 pretioso

318 2995 386 3058 tuo.
438 2985 656 3081 Dcpellantur
681 2984 846 3058 carbones
872 2987 972 3078 ignis,
998 2986 1040 3058 ab
1068 2985 1132 3058 illis
1160 2989 1214 3080 qui
1245 2980 1259 3022 ³
1293 2990 1384 3058 tincti
1418 2995 1493 3059 sunt
1526 2990 1690 3080 sanguine

319 3107 386 3188 tuo,
414 3109 447 3172 et
474 3105 596 3194 signati
622 3101 848 3174 sacramentis
876 3104 958 3188 tuis,
990 3103 1024 3172 in
1055 3103 1189 3173 nomine
1220 3111 1277 3174 tuo
1312 3111 1447 3189 sancto,
1482 3102 1575 3174 velut
1610 3103 1690 3174 olim

318 3213 449 3288 llamma
475 3215 700 3312 Babylonica,
733 3240 752 3288 a
784 3221 896 3312 pueris
933 3215 1049 3288 domus
1085 3216 1268 3288 Hananiae.
1330 3216 1449 3310 Neque
1484 3219 1570 3288 enim
1605 3217 1689 3290 alios

317 3343 453 3426 praeter
478 3343 512 3404 te
537 3337 704 3416 novimus,
730 3335 836 3423 Deus,
862 3353 972 3426 neque
997 3334 1032 3402 in
1060 3332 1125 3403 alio
1153 3353 1246 3426 spem
1272 3330 1446 3402 babemus
1460 3331 1575 3404 salutis
1599 3353 1689 3405 con-

320 3447 533 3543 sequendae,
569 3452 598 3522 si
626 3449 756 3544 quidem
784 3448 981 3536 auxiliator,
1014 3456 1047 3518 et
1082 3447 1232 3520 salvator
1266 3451 1402 3538 generis
1436 3451 1542 3520 nostri
1577 3458 1612 3519 tu
1639 3469 1688 3518 es.

317 3561 361 3635 Et
380 3573 560 3660 eapropter
589 3569 722 3661 sapiens
745 3563 900 3637 Ecclesia
924 3573 993 3652 tua,
1021 3585 1083 3658 per
1102 3585 1162 3634 om
1183 3574 1216 3635 et
1235 3562 1366 3655 linguas
1381 3565 1524 3634 omnium
1540 3571 1689 3634 nostrum

319 3677 517 3773 deprecatur
543 3689 593 3768 te,
622 3687 655 3751 ct
680 3702 742 3774 per
769 3689 820 3767 te,
848 3689 881 3750 et
906 3689 1014 3750 tecum
1041 3678 1174 3750 Patrem
1201 3689 1309 3766 tumn,
1338 3678 1462 3749 dicens.
1494 3733 1500 3740 .

421 3796 582 3888 Populos.
636 3795 811 3868 Miserere.

420 3909 604 3983 Sacerdos.
657 3909 727 3982 Nos
759 3931 900 4005 quoqne.

420 4027 607 4099 Diaconos.
662 4028 769 4114 Quam
796 4025 939 4097 timenda
966 4035 1019 4098 est
1044 4023 1128 4096 baec
1155 4023 1248 4096 bora.

350 4367 525 4441 Sacerdos
551 4370 734 4439 inclinatos
760 4368 845 4438 dicit
871 4367 1069 4438 Orationem
1094 4347 1329 4437 invocationis
1353 4364 1505 4458 Spiritus
1530 4370 1651 4437 sancti.

420 4589 471 4662 'l'e
497 4595 619 4666 invoco
645 4592 739 4664 Deus
765 4591 883 4663 Pater:
910 4593 1073 4661 miserere
1097 4590 1221 4677 nostri,
1257 4595 1291 4659 et
1326 4585 1423 4660 ablue
1455 4610 1517 4684 per
1543 4591 1686 4681 gratiam

316 4714 415 4795 tuam,
442 4705 675 4778 immunditiam
704 4727 842 4801 operum
869 4726 1018 4777 meorum
1045 4703 1219 4792 malorum,
1247 4701 1322 4774 dele
1344 4724 1406 4797 per
1424 4703 1685 4776 misericordiam

315 4832 422 4910 tuam,
459 4844 544 4916 qnae
579 4819 656 4895 odio
692 4821 790 4914 digna
824 4822 983 4892 commisi.
1036 4819 1168 4890 Etenim
1201 4839 1269 4888 non
1303 4818 1448 4890 extendo
1481 4818 1524 4890 ad
1550 4828 1584 4889 te
1611 4839 1686 4890 cum

315 4935 433 5008 fiducia
460 4960 577 5012 manus
604 4959 718 5024 mess3
745 4958 855 5032 noque
882 4937 967 5006 enim
994 4955 1132 5029 possum
1149 4937 1183 5005 in
1205 4931 1336 5004 coelum
1356 4937 1521 5029 aspicere,
1548 4941 1685 5028 propter

314 5051 551 5125 multitudinem
582 5056 784 5148 iniquitatum
818 5072 984 5139 mearum,
1020 5059 1053 5121 et
1086 5051 1276 5145 spurcitiam
1308 5047 1493 5120 facinorum
1525 5069 1685 5119 meorum.

1391 5164 1481 5238 29*
1600 5161 1604 5168 ’
