4728 6028
695 531 745 604 sa
1071 507 1686 610 onsanvsurouus

390 734 450 788 pff.
468 735 514 786 ta.
533 733 589 789 aa,
603 753 626 789 a.
638 736 680 788 13.
694 709 847 778 servatum
868 722 954 779 recte
981 733 998 777 a
1028 713 1200 780 doctissimo
1231 713 1389 778 cardinale
1419 713 1519 777 Bona:
1550 731 1649 795 neque
1677 713 1839 796 quidquam
1868 715 1949 780 cirea
1982 718 2059 783 hano

693 814 878 896 disciplinam
899 821 1040 877 mutatum
1063 821 1110 878 ast
1131 816 1162 876 iu
1184 813 1316 877 Romana
1339 813 1480 877 editione.
1503 813 1535 878 Si
1557 813 1623 892 quis
1645 812 1758 876 incidat
1773 815 1803 876 in
1819 815 1933 895 aliquot
1946 833 2062 886 racen-¹

692 915 823 977 tissimos
852 912 999 992 Codices,
1033 913 1138 994 quales
1166 913 1326 976 nonnullos
1355 913 1481 976 vidimus
1510 912 1540 973 ia
1571 912 1678 991 quihus
1701 912 1830 976 elevatio
1852 914 2059 980 Eucharistiae

690 1013 794 1076 verbis
818 1011 928 1076 Christi
950 1013 1134 1094 subjiciatur,
1158 1012 1234 1075 sciat
1254 1011 1451 1092 interpolatos
1472 1010 1540 1074 illos
1563 1009 1658 1074 luisse
1680 1012 1717 1074 ah
1729 1011 1941 1094 Orientalibus,
1964 1033 2060 1096 prse—
2156 1016 2159 1024 ’

691 1114 795 1175 sertim
817 1112 952 1190 advenis,
975 1111 1045 1173 dum
1058 1109 1227 1174 orthodoxi
1249 1111 1355 1174 haberi
1366 1109 1480 1189 volunt,
1504 1110 1638 1190 quamvis
1653 1128 1776 1174 errores
1792 1129 1865 1176 suos
1881 1114 2058 1196 plerumque

643 1283 646 1290 ,
690 1211 856 1274 retineant:
880 1218 930 1272 aut
952 1211 979 1272 si
1001 1228 1041 1272 ex
1063 1211 1160 1272 animo
1183 1209 1252 1274 illos
1267 1209 1475 1289 deposuerint,
1498 1227 1565 1272 cum
1580 1210 1793 1290 imperitissimi
1814 1212 1883 1292 sint,
1907 1213 2059 1294 exaliqua

690 1309 825 1390 vulgaris
836 1309 1022 1392 Theologiae
1036 1307 1176 1387 scintilla,
1189 1308 1282 1372 lihros
1294 1326 1367 1372 suos
1380 1307 1547 1372 reformare
1557 1309 1787 1391 aggrediuntur,
1801 1317 1914 1374 temere
1929 1329 2062 1393 prorsus·

691 1419 722 1473 et
744 1410 892 1490 imperite.
937 1407 980 1472 lta
1001 1425 1092 1470 uuum
1114 1408 1242 1470 vidiruus
1265 1427 1352 1489 quem
1376 1407 1525 1472 Sacerdos
1549 1406 1668 1488 quidam
1694 1407 1977 1489 Mesopotamenos,
2007 1411 2059 1491 qui

692 1516 761 1571 ante
783 1508 933 1571 biennium
954 1507 1091 1571 Lutetiae
1114 1507 1192 1568 diem
1214 1525 1299 1570 suum
1322 1507 1411 1586 obiit,
1434 1506 1646 1587 descripserat,
1669 1507 1755 1587 quasi
1777 1508 1900 1571 formam
1914 1509 2059 1590 Syrorum

691 1607 845 1689 LiturgIae
868 1607 1053 1670 contineret:
1076 1607 1124 1668 cui
1147 1605 1301 1669 addiderat
1323 1626 1363 1669 ex
1378 1604 1491 1669 llissali
1504 1604 1637 1668 Romano
1653 1605 1754 1685 multa,
1778 1614 1868 1687 atque
1889 1609 1968 1672 iuter
1990 1608 2061 1685 alia,

691 1705 889 1768 elevationem
911 1704 1117 1768 Eucharistiae
1142 1713 1212 1786 post
1240 1705 1437 1787 pronunciata
1466 1703 1577 1768 Christi
1605 1705 1715 1782 verha,
1747 1722 1824 1784 quae
1853 1707 1884 1769 in
1912 1708 2000 1789 Syria
2028 1717 2059 1771 et

690 1812 755 1868 toto
777 1805 902 1868 Oriente
931 1804 1030 1868 locum
1058 1805 1146 1866 alium
1172 1803 1272 1867 habet.
1316 1804 1419 1884 ltaque
1446 1803 1527 1868 nulla
1555 1803 1631 1866 fides
1653 1803 1820 1867 adhihenda
1842 1813 1889 1868 est
1911 1804 2059 1887 ejusmodi

689 1904 786 1983 lihris
809 1905 867 1967 nisi
889 1903 1009 1967 aliunde
1032 1911 1151 1967 constet
1173 1903 1291 1967 illorum
1313 1904 1476 1967 autoritas:
1499 1910 1531 1966 et
1551 1902 1641 1966 laoile
1663 1902 1891 1986 dignoscuntur.

404 2007 442 2060 lte
465 2008 615 2078 quibusdam
630 2010 677 2063 hi·
774 2005 888 2066 Verum
909 2003 1031 2083 majoris
1054 2004 1174 2067 ommno
1198 2004 1338 2066 momenti
1360 2004 1497 2084 quaestio
1521 2021 1555 2066 se
1578 2002 1685 2079 cllert,
1711 2021 1749 2065 eo
1773 2003 1869 2085 magis
1891 2003 2057 2082 uacwnda,

368 2097 458 2164 surplis
476 2111 542 2165 quae
559 2094 772 2187 h⁰⁰¹⁰⁰⁰quod
795 2102 832 2166 ad
856 2103 949 2185 Syros
972 2103 1113 2184 proprie,
1137 2119 1252 2183 eosque
1273 2101 1437 2179 isachius,
1459 2119 1518 2165 uon
1541 2102 1580 2165 ad
1602 2101 1676 2165 alios
1698 2103 1837 2182 pertinet.
1878 2103 1989 2165 Omnes
2012 2105 2058 2166 si·

369 2179 609 2268 depraedassent
691 2202 810 2285 qrridero
832 2201 985 2284 liturgiae
1006 2201 1146 2279 Latinae,
1171 2201 1322 2279 Graecae,
1345 2209 1404 2264 tam
1427 2200 1749 2296 Constantinopohtani
1770 2203 1845 2265 ritus
1868 2220 1956 2283 quam
1977 2202 2057 2266 Ale-

689 2300 846 2374 xandriui;
869 2301 1011 2383 Syriacae
1023 2299 1277 2382 Orthodoxorum,
1292 2301 1549 2378 Nestorianorum,
1562 2307 1594 2363 et
1611 2299 1823 2380 Jacohitsrum,
1846 2287 2072 2382 Aethiopicae,⁸

688 2399 887 2474 Armenicae,
916 2398 1009 2462 verha
1032 2399 1158 2478 Christi,
1188 2400 1254 2463 Eoo
1275 2408 1322 2463 est
1342 2419 1453 2480 corpas
1473 2419 1588 2464 meran:
1631 2399 1691 2463 Eio
1716 2407 1762 2462 ast
1787 2401 1871 2463 colia
1900 2403 2057 2482 comparilis

687 2501 749 2562 mei
767 2505 1014 2579 repraesentant,
1036 2500 1106 2579 quia
1127 2498 1261 2576 scilicet,
1282 2507 1315 2562 ut
1336 2500 1515 2580 loquuntur,
1543 2498 1663 2562 illorum
1685 2497 1850 2581 'lheologi,
1874 2499 2056 2564 Sacerdotes

688 2598 890 2676 pronunciare
912 2596 1023 2660 dehent
1045 2614 1082 2662 aa
1104 2599 1198 2662 verha
1221 2617 1298 2679 quae
1321 2597 1458 2662 Christus
1481 2598 1703 2679 pronunciavit,
1730 2605 1761 2660 et
1782 2599 1840 2662 illis
1863 2599 1985 2663 fundata
2008 2607 2056 2662 est

687 2694 896 2760 Eucharistiae
917 2705 1002 2760 carta
1024 2697 1109 2762 fides.
1145 2697 1280 2762 Laudant
1301 2716 1421 2780 quoque
1444 2699 1566 2762 celehre
1588 2698 1713 2762 loannis
1736 2695 1944 2781 Chrysostomi
1966 2701 2056 2762 testi-

687 2795 818 2858 monium
839 2796 877 2858 de
898 2797 1060 2860 verhordm
1082 2795 1200 2860 illorum
1223 2796 1370 2876 alicacia,
1402 2805 1433 2861 et
1462 2806 1493 2860 ut
1515 2797 1585 2860 aliisi
1606 2796 1702 2862 fusius
1725 2797 1933 2879 prohanimus,
1960 2814 2056 2877 prae-

688 2895 805 2975 cipuam
828 2895 1027 2959 consecrandi
1049 2897 1107 2958 vim
1130 2898 1161 2958 in
1183 2895 1241 2958 illis
1265 2905 1442 2978 agnoscunt.
1487 2895 1657 2960 Occurrunt
1679 2907 1778 2962 umen
1805 2898 1835 2960 iu
1861 2896 1935 2961 llss.
1959 2895 2056 2958 Codi-

688 2993 772 3056 aihus
794 2994 947 3078 Liturgiae
962 2995 1099 3076 aliquot,
1122 2995 1152 3057 iu
1175 2995 1283 3076 quihus
1307 2995 1525 3060 desiderantur.
1555 2997 1651 3058 Prima
1666 3007 1714 3061 est
1726 3015 1803 3079 quae
1817 2996 1898 3059 Patri
1908 2995 2055 3074 Principis

687 3093 904 3174 Apostolorum
927 3093 1050 3174 dicitur,
1072 3110 1132 3175 quo
1154 3093 1239 3158 titulo
1262 3101 1345 3157 extat
1365 3112 1426 3158 una
1446 3097 1477 3159 in
1499 3095 1612 3159 llissali
1636 3094 1815 3174 Chaldaieo,
1837 3095 1893 3158 sed
1916 3111 1983 3158 curu
2004 3093 2055 3154 in-

687 3193 771 3277 signi
778 3193 965 3259 diversitate.
998 3194 1042 3257 Ea
1066 3200 1164 3256 autem
1186 3192 1281 3256 verba
1303 3195 1342 3256 ita
1365 3193 1476 3257 hahent
1497 3195 1569 3258 lllss.
1594 3193 1734 3260 Codices.
1770 3194 1942 3258 compellet
1959 3211 2055 3273 pono

686 3300 812 3374 pastore
823 3300 948 3374 morien
957 3311 1017 3373 pro
1035 3294 1133 3373 mdis,
1156 3301 1187 3356 et
1206 3293 1329 3356 Pascha
1349 3295 1429 3356 iuter
1447 3313 1595 3375 vesperos
1616 3294 1783 3372 celebrare,
1805 3295 1925 3374 aceepit
1942 3311 2055 3374 paueat

686 3411 777 3472 suaper
796 3411 904 3454 manas
925 3411 1009 3469 usos,
1031 3392 1195 3472 hmedisit,
1218 3394 1428 3473 sanctificavit,
1449 3393 1550 3474 frcpit,
1573 3394 1711 3474 deditque
1723 3394 1829 3458 turhoe
1842 3392 2055 3473 Apostolorum

686 3499 870 3568 sanctuaria
893 3499 923 3554 et
941 3493 1039 3554 disits
1062 3493 1201 3574 accipite,
1224 3491 1399 3556 manducate
1422 3492 1453 3554 in
1468 3493 1675 3556 remissionem
1690 3500 1896 3573 peccatorum,
1919 3501 1950 3556 et
1963 3493 2054 3554 vitam

687 3598 840 3655 aeternam
861 3590 968 3655 Amen.
1011 3589 1155 3654 Similiter
1177 3593 1303 3654 calmem
1324 3593 1454 3654 macene
1474 3593 1545 3654 cino
1568 3600 1598 3654 et
1617 3607 1708 3672 apaan
1730 3591 1893 3667 benedicit,
1916 3591 2054 3669 samali-

687 3691 779 3764 cuoit,
800 3697 830 3752 et
851 3691 932 3752 dicit
950 3692 1014 3753 eis:
1045 3691 1200 3771 Accipite,
1223 3690 1315 3753 hihite
1337 3710 1377 3754 ex
1399 3709 1438 3754 eo
1460 3708 1517 3753 vos
1540 3707 1643 3754 omnes
1666 3690 1704 3753 ad
1726 3691 1842 3753 veniam
1864 3689 2053 3769 delictorum,

687 3795 718 3850 et
745 3789 836 3851 vitam
863 3797 1017 3853 aeternam
1038 3789 1145 3854 Amen.
1185 3789 1320 3871 Longius
1341 3789 1433 3853 multo
1457 3805 1474 3851 a
1497 3807 1570 3852 vera
1592 3789 1723 3853 lectione
1745 3789 1853 3852 absunt
1875 3786 1951 3851 aliae
1975 3789 2053 3852 duae

686 3887 849 3970 Litargiae,
873 3907 997 3969 quarum
1019 3907 1078 3952 una
1099 3889 1189 3970 Xysti
1210 3890 1308 3969 Papae
1332 3889 1454 3953 dicitur:
1476 3889 1572 3952 altera
1594 3886 1952 3971 Dionysiihletropolitaa
1965 3887 2054 3952 hmi-

687 3985 776 4064 dcni,
804 3987 883 4050 illius
905 3991 956 4070 qui
979 3990 1207 4070 cognominatus
1231 3996 1279 4050 est
1306 3988 1468 4066 Barsalihi,
1498 3989 1585 4070 cujus
1614 4007 1708 4070 saepe
1732 3987 1909 4050 testimoniis
1932 3989 2052 4051 utimur.

686 4085 720 4146 ln
741 4084 791 4148 illa
813 4088 932 4150 scilicet
952 4089 991 4151 ita
1014 4087 1135 4170 legitur.
1181 4085 1256 4150 Cam
1277 4107 1350 4150 caro
1372 4088 1517 4151 Passioni
1532 4090 1694 4169 prosimos
1715 4095 1809 4162 asset,
1831 4090 1863 4150 in
1882 4106 1980 4168 poue,
2002 4088 2055 4168 qai

685 4186 727 4248 uh
752 4189 820 4266 ipso
848 4186 1034 4264 herwdiotas,
1062 4189 1283 4268 sanctificatas,
1310 4186 1431 4266 fractas
1460 4195 1490 4250 et
1515 4188 1634 4250 diuisas
1660 4188 1815 4268 Apostolis
1843 4187 1958 4248 caneda
1982 4186 2051 4266 fait,

687 4304 798 4365 corpas
826 4304 912 4348 suam
940 4287 1090 4365 oioifimsm
1111 4288 1195 4350 dedit
1219 4286 1307 4349 nobis
1334 4288 1378 4350 ad
1398 4290 1492 4350 eitam
1514 4294 1680 4350 murnum,
1707 4285 1811 4348 ΑΜ
1855 4284 2001 4348 Similiter
2022 4286 2054 4348 et

685 4386 719 4447 ia
741 4386 852 4460 calice,
878 4387 931 4466 qai
958 4384 998 4446 ah
1027 4386 1079 4447 illo
1105 4387 1256 4466 simulas,
1287 4386 1474 4462 benedictas,
1503 4394 1534 4448 et
1561 4387 1652 4450 datas
1672 4385 1827 4466 Apostolis
1847 4387 1963 4448 maoth
1981 4384 2051 4464 fait,

684 4485 859 4565 saapaiasm
880 4503 966 4546 maun
982 4485 1227 4564 propitiatoriam
1247 4487 1332 4549 dedit
1350 4485 1438 4548 nobi
1458 4487 1501 4548 ad
1521 4487 1616 4548 sitam
1626 4493 1790 4549 aetenam.
1813 4484 1916 4549 Amen.
1945 4483 1979 4546 ln
1993 4485 2051 4548 ists

683 4580 849 4645 Barsalihio
871 4583 1024 4663 iuscripta.
1067 4583 1110 4646 Et
1137 4603 1204 4646 aaa
1231 4585 1275 4647 ad
1295 4585 1473 4647 Passionem
1494 4603 1528 4646 se
1544 4590 1727 4664 praeparet,
1752 4602 1863 4664 possem
1884 4603 1970 4665 qasm
1992 4602 2051 4646 aa·

685 4683 764 4762 oepit
782 4682 822 4744 irs
835 4699 944 4744 mansas
964 4701 1048 4760 raas,
1069 4683 1232 4760 immod,
1254 4684 1465 4763 sanctificavit,
1485 4682 1593 4764 saepit,
1623 4690 1654 4746 at
1674 4701 1785 4764 coepas
1805 4702 1891 4746 asma
1913 4689 2051 4745 saaomm

683 4781 815 4858 ooouoit,
836 4782 880 4843 ud
899 4783 993 4844 atam
1014 4789 1170 4844 cekrrmm
1190 4784 1422 4862 summentium.
1448 4781 1557 4847 Amen.
1574 4781 1616 4844 Et
1636 4783 1761 4846 οαίἰοοηι
1774 4799 1841 4844 mam
1861 4783 2049 4856 mismsisset5

682 4881 857 4960 suapas‘saem
879 4899 964 4943 mm
981 4883 1147 4962 pretiosam
1163 4880 1304 4961 perfecit,
1326 4883 1369 4944 ad
1388 4883 1483 4944 mmm
1504 4888 1668 4946 wunsam.
1713 4881 1821 4946 Amen.
