4730 6038
599 621 776 701 urrouotl
808 621 1008 700 Plllldllllll
1033 621 1202 702 orlsoorr
1228 624 1430 703 umoouns
1446 626 1476 704 S.
1659 623 1729 699 301

473 809 635 903 Populus.
688 809 806 881 Amen.

472 925 660 996 Diaconos.
713 925 846 998 Stemus
873 925 1041 998 docenter.

474 1041 635 1134 Papulas.
687 1040 949 1114 Misericordiae.

474 1157 659 1230 Sacerdos.
713 1155 845 1230 Caritas
871 1159 935 1230 Dei
965 1157 1083 1232 Patris.
1139 1175 1145 1186 “

473 1273 635 1367 Populos.
688 1274 771 1348 Cum
798 1277 914 1369 spiritu
940 1284 1005 1345 tuo.

473 1388 657 1462 Sacerdos.
711 1389 851 1462 Sursum
878 1389 989 1462 corda.

473 1505 634 1598 Paprdos.
687 1503 856 1580 Habemus
884 1506 927 1578 ad
952 1508 1140 1579 Dominum.

473 1619 656 1694 Sacerdos.
711 1619 843 1696 Gratias
870 1643 1008 1714 agamus
1037 1622 1190 1694 Domino.
1299 1675 1305 1686 .

474 1737 636 1831 Papulas.
689 1740 832 1830 Dignum
861 1748 894 1810 et
916 1741 1040 1829 justum
1066 1747 1128 1810 est.

474 1851 649 1926 Sacerdos
673 1854 865 1924 inclinatas.
917 1854 1061 1947 Dignum
1088 1863 1123 1925 et
1143 1856 1268 1947 justum
1295 1863 1361 1940 est,
1396 1865 1431 1926 ut
1465 1859 1553 1927 omni
1587 1852 1668 1929 bora
1701 1865 1735 1927 to

371 1968 548 2041 adoremus
576 1979 609 2040 et
634 1969 816 2060 laudemus,
842 1972 952 2058 Pater,
980 1969 1043 2042 Fili
1065 1979 1098 2042 et
1111 1969 1253 2065 Spiritus
1269 1980 1395 2058 sancte,
1422 1994 1506 2045 uuus
1522 1971 1616 2043 Deus
1638 1993 1734 2044 vcro.

473 2085 623 2156 ludecano
654 2109 778 2158 nocem.
854 2085 905 2158 Tc
937 2084 1070 2158 laudant
1105 2087 1291 2176 coelestes,
1325 2085 1485 2177 Domine,
1520 2097 1554 2160 te
1589 2089 1738 2160 exaltant

370 2209 565 2274 terrestres:
596 2211 722 2273 turmae
748 2205 846 2274 etiam
874 2201 1060 2298 spirituales
1088 2224 1227 2297 quonum
1253 2205 1386 2294 agmina
1411 2205 1582 2274 innumera
1605 2227 1737 2300 suppu-

370 2319 433 2389 tari
467 2340 535 2390 non
570 2328 728 2413 possunt,
761 2318 803 2389 ad
834 2321 976 2391 invicem
1007 2340 1113 2392 voces
1148 2318 1376 2414 triumphales,
1412 2318 1475 2391 sibi
1508 2319 1736 2406 succedentes,

372 2456 446 2508 cum
465 2433 721 2506 exaltationibus
736 2435 919 2530 praeclaris
941 2434 1079 2508 ederunt
1098 2435 1282 2525 laudantes,
1309 2433 1502 2526 clamantes,
1528 2445 1562 2508 et
1579 2435 1736 2510 dicentes.

478 2549 637 2644 Papulas.
690 2549 852 2640 Sanctus,
879 2550 1041 2640 Sanctus,
1069 2550 1222 2624 Sanctus.

475 2665 650 2737 Sacerdos
681 2665 872 2738 inclinatas.
932 2668 1075 2740 Sanctus
1108 2677 1142 2739 et
1175 2666 1357 2740 laudandus
1399 2689 1437 2740 es
1469 2666 1612 2740 Domine
1642 2668 1736 2744 Deus

372 2791 500 2873 noster,
528 2785 583 2878 qui
610 2784 726 2855 misisti
752 2781 869 2854 Filium
895 2795 983 2856 turum
1010 2788 1043 2856 in
1070 2783 1237 2874 mundum,
1262 2785 1290 2856 is
1311 2793 1419 2856 numm
1440 2806 1562 2880 corpus
1582 2789 1738 2860 assumsit

375 2922 421 2971 ex
447 2899 586 2993 Virgine
612 2898 736 2987 Maria,
763 2898 968 2996 perfecitque
995 2900 1292 2995 dispensationem,
1319 2910 1353 2972 ct
1378 2900 1522 2972 salvavit
1547 2899 1736 2994 figmentmn

374 3039 480 3107 suum,
507 3015 548 3088 ab
575 3038 617 3088 eo
644 3014 732 3110 quod
759 3025 831 3086 erat
856 3017 961 3102 Deus,
989 3037 1054 3088 non
1080 3016 1255 3088 recedens.

480 3133 631 3204 Eteonos
663 3153 787 3203 vocem.
840 3132 967 3204 Volens
996 3142 1105 3204 autem
1130 3133 1301 3205 voluntate
1333 3153 1393 3202 sua
1421 3141 1560 3224 gustare
1585 3143 1737 3224 mortem,

373 3271 435 3345 pro
462 3247 580 3337 uobis,
613 3257 646 3319 ct
672 3247 835 3344 perlicere
860 3247 989 3320 Pascha
1016 3246 1147 3341 legale,
1189 3243 1203 3281 ²
1235 3251 1365 3342 accepit
1398 3271 1518 3344 panem
1552 3251 1586 3319 in
1619 3269 1736 3321 manus

373 3387 452 3444 suas
480 3373 629 3450 sanctas,
662 3373 695 3435 et
721 3363 869 3436 elevavit
897 3364 1014 3437 oculos
1040 3386 1121 3438 suos
1158 3363 1199 3435 ad
1233 3373 1267 3436 te
1292 3364 1400 3437 Deum
1425 3365 1576 3436 Patrem:
1608 3367 1736 3455 gratias

333 3561 343 3581 ‚
374 3483 452 3576 ogit,
478 3488 499 3564 †
524 3479 707 3568 benedixit,
734 3486 754 3562 †
781 3479 1008 3568 sanctificavit,
1034 3479 1182 3573 †iregit,
1210 3489 1243 3552 et
1257 3478 1358 3558 ,dedit
1374 3479 1479 3552 ordini
1496 3479 1735 3575 Apostolorum

350 3608 578 3684 sanctorum,
605 3606 640 3668 ct
665 3595 756 3670 dixit.
808 3595 882 3668 Hoc
908 3607 961 3668 est
987 3619 1109 3692 corpus
1136 3618 1244 3668 meum
1272 3594 1359 3690 quod
1385 3618 1447 3691 pro
1476 3595 1575 3669 vobis
1609 3605 1642 3667 et
1673 3617 1736 3692 pro

374 3711 482 3784 multis
508 3711 689 3806 frangitur,
725 3722 758 3782 et
784 3710 957 3803 dividitur,
991 3716 1024 3784 in
1056 3715 1286 3786 remissionem
1312 3721 1543 3808 pcccatorum,
1577 3718 1611 3782 et
1635 3713 1737 3782 utam

375 3837 553 3900 aeternam.

478 3943 638 4037 Populus.
691 3942 809 4014 Amen.

478 4057 660 4131 Sacerdos.
710 4059 868 4131 Similiter
894 4067 928 4130 et
953 4055 1091 4130 calicem
1116 4060 1198 4131 vino
1225 4068 1259 4130 ot
1284 4081 1371 4154 aqua
1397 4060 1537 4149 miscuit,
1563 4065 1584 4141 †
1609 4063 1736 4152 gratias

378 4179 459 4269 ogit,
486 4182 506 4258 †
526 4175 708 4264 benedixit,
736 4182 756 4258 †
778 4174 1007 4264 sanctificavit,
1035 4185 1069 4246 et
1089 4174 1177 4246 dedit
1198 4183 1324 4246 turmae
1339 4174 1578 4270 Apostolorum
1594 4182 1736 4249 saucto-

374 4311 459 4381 rum,
486 4301 520 4363 et
547 4292 643 4364 dixit:
670 4292 845 4387 Accipite,
879 4291 983 4364 bibite
1016 4315 1062 4363 cx
1093 4313 1135 4364 eo
1161 4312 1226 4364 vos
1254 4312 1379 4364 omnes.
1432 4292 1494 4364 Hic
1521 4301 1574 4364 est
1599 4292 1735 4383 sanguis

374 4428 481 4499 mous,
508 4412 563 4505 qui
588 4431 651 4504 pro
678 4407 777 4482 vobis
804 4416 838 4479 et
863 4430 925 4504 pro
953 4407 1061 4480 multis
1088 4405 1271 4497 edimditur,
1296 4410 1330 4478 in
1356 4409 1584 4482 remissionem
1603 4429 1735 4502 pecca·

376 4533 484 4595 torum
510 4533 544 4596 et
569 4527 672 4606 vitam
699 4534 877 4597 aeternam.

481 4639 640 4733 Populos.
692 4641 812 4715 Amen.

480 4755 663 4828 Sacerdos.
707 4756 781 4830 Hoc
808 4759 905 4828 etiam
931 4757 1112 4852 praecepit,
1139 4764 1174 4826 et
1200 4752 1369 4826 admonuit
1394 4775 1471 4826 eos:
1499 4755 1738 4842 Quotiescum-

376 4892 441 4967 que
466 4875 625 4968 mysteria
651 4871 735 4944 haec
761 4871 988 4961 celebrabitis,
1022 4871 1064 4943 ad
1093 4879 1231 4945 mortem
1266 4879 1300 4942 ot
1324 4874 1600 4944 resurrectionem
1628 4893 1735 4944 meam

376 4987 699 5062 commemorandam
724 4987 864 5076 iacietis,
894 4988 1001 5061 donec
1027 4989 1169 5061 veniam.

478 5104 638 5199 Populus.
691 5104 809 5179 Mortis
834 5115 920 5177 tuae.

1347 5185 1352 5194 ’
1454 5221 1547 5296 41*
