4784 6040
697 649 900 728 Pffltoxuru
925 649 1095 730 bristou
1120 651 1396 732 cucurbitus.
1659 657 1736 731 403

359 840 439 911 tiam
465 847 499 909 et
524 837 754 910 rectitudinem
779 837 976 912 Pastoribus
1003 840 1099 930 ejus:
1126 838 1344 931 vigilantiam,
1371 851 1404 912 et
1430 840 1638 914 honestatem
1663 841 1736 914 Sa-

360 953 553 1026 cerdotibus
581 955 670 1046 ejus:
707 953 866 1026 decorem
892 963 926 1025 et
961 951 1192 1026 sublimitatem
1218 953 1379 1028 Diaconis
1414 959 1504 1049 ejus:
1537 956 1735 1030 modestiam

362 1078 396 1139 et
430 1071 639 1142 sanctitatem
672 1068 747 1141 liliis
778 1072 871 1161 ejus:
912 1069 1121 1143 sedulitatem
1158 1080 1192 1141 et
1224 1069 1492 1166 tranquillitatem
1527 1075 1614 1144 natis
1646 1074 1736 1166 ejus:

359 1186 515 1256 unitatem
543 1195 578 1256 et
603 1185 817 1258 concordiam
845 1185 1163 1278 congregationibus
1191 1187 1282 1277 ejus;
1308 1185 1547 1260 exultationem
1574 1195 1607 1260 et
1632 1186 1736 1259 laeti-

359 1301 438 1372 tiam
460 1300 524 1374 ilhs
547 1304 602 1395 qui
625 1303 659 1372 in
679 1303 753 1392 ejus
773 1301 876 1374 tutela
898 1310 983 1376 sunt.
1017 1301 1182 1388 Quoniam
1201 1300 1332 1393 adjutor
1357 1311 1392 1373 et
1418 1303 1568 1376 salvator
1590 1307 1735 1375 omnium

358 1424 393 1486 tu
425 1437 483 1503 es,
516 1414 640 1511 tibique
676 1416 819 1509 gloriam
853 1416 1047 1508 referimus,
1074 1427 1108 1488 et
1133 1419 1303 1509 unigenito
1329 1414 1416 1490 Filio
1444 1425 1512 1504 tun,
1540 1425 1575 1488 et
1596 1417 1733 1513 Spiritui

358 1539 421 1602 tuo.
443 1542 559 1604 sancto
587 1554 691 1621 nunc,
717 1543 782 1606 etc.

464 1647 625 1740 Populus.
677 1649 799 1722 Amen.

462 1763 638 1836 Sacerdos
662 1764 856 1836 inclinatur.
909 1763 1079 1838 Memento
1106 1765 1218 1851 etiam,
1244 1765 1398 1852 Domine,
1424 1764 1554 1837 illorum
1582 1765 1637 1858 qui
1657 1762 1733 1834 Iic-

358 1875 496 1949 clesiam
524 1889 611 1950 tuam
638 1889 786 1953 sanctam
802 1879 911 1954 verbo
930 1879 1112 1967 doctrinae,
1139 1889 1174 1950 et
1191 1883 1389 1976 operatione
1409 1878 1577 1953 bonorum
1593 1901 1734 1975 operum

354 1996 491 2086 juvant:
519 2001 634 2066 eorum
661 2018 793 2090 quoque
820 1999 875 2091 qui
900 1998 1037 2070 visitant
1062 1994 1222 2085 infirmus,
1249 2006 1283 2068 ct
1308 1998 1496 2069 vinctorum
1522 2019 1636 2068 curam
1663 2017 1733 2088 ge-

357 2116 448 2179 runt:
476 2109 599 2203 adjuva
624 2109 701 2184 illos
728 2134 789 2207 per
814 2114 1049 2186 miserationes
1076 2121 1163 2200 tuas,
1191 2122 1224 2184 et
1243 2112 1400 2184 auxihum
1419 2111 1484 2185 illis
1504 2109 1646 2208 praebe,
1672 2131 1734 2207 per

334 2222 566 2297 ¹clementiam
594 2237 693 2298 tuam.

463 2340 612 2412 Eleaorrs
637 2363 763 2415 nocero.
816 2341 941 2416 Libera
974 2353 1009 2415 et
1040 2343 1139 2416 salva
1175 2365 1238 2416 nos
1265 2342 1409 2415 Domine
1435 2344 1529 2416 Deus
1564 2366 1584 2414 a
1616 2341 1732 2414 lurore

356 2455 465 2547 malo,
497 2465 531 2528 et
557 2481 577 2529 a
603 2461 775 2531 tormentis
803 2460 908 2531 duris:
936 2459 977 2530 ab
1005 2458 1159 2532 incendio
1186 2467 1221 2529 et
1246 2468 1358 2531 terrae
1384 2468 1492 2546 motu,
1525 2483 1545 2530 a
1572 2455 1733 2530 submer-

357 2574 453 2643 sione
480 2581 514 2644 et
539 2573 745 2670 pestilentia:
772 2574 976 2671 apericulis
1004 2583 1037 2646 et
1062 2572 1370 2671 persecutionibus:
1399 2597 1419 2644 a
1445 2571 1543 2645 bellis
1570 2582 1605 2645 et
1620 2565 1733 2668 capti'-

356 2687 514 2762 vitatibus
543 2688 692 2763 acerbis:
725 2691 903 2787 apopulis
938 2690 1275 2780 immisericordibus,
1311 2699 1345 2762 et
1375 2688 1571 2784 expertibus
1604 2689 1733 2760 timoris

356 2804 420 2890 tui,
454 2815 489 2876 et
522 2803 564 2876 ab
597 2804 750 2878 omnibus
782 2805 863 2893 illis,
899 2828 986 2901 quae
1020 2816 1158 2903 propter
1190 2816 1332 2902 peccata
1364 2815 1482 2879 nostra
1516 2829 1536 2877 a
1572 2814 1607 2876 ta
1632 2824 1733 2899 super

354 2937 418 2990 nos
444 2917 655 2993 inducuntur:
692 2923 768 3016 quia
795 2930 830 2994 tu
856 2943 894 2996 es
925 2920 1105 2994 auxiliator
1140 2925 1301 3010 omnium,
1338 2930 1372 2994 et
1405 2920 1556 2994 salvator
1589 2923 1734 2992 omnium

355 3036 411 3127 qui
436 3036 595 3108 invocant
620 3047 671 3110 te:
705 3037 832 3133 tibique
862 3037 1006 3130 gloriam
1040 3046 1077 3109 ct
1109 3037 1241 3110 laudem
1273 3027 1459 3110 referemus
1496 3045 1530 3108 et
1562 3037 1732 3127 unigenito

354 3145 441 3223 Filio
468 3159 544 3242 hro,
573 3161 638 3224 etc.

457 3264 617 3359 Populus.
672 3267 794 3340 Amen.

458 3380 634 3456 Sacerdos
666 3383 859 3456 inclinatur.
918 3382 1089 3456 Memento
1123 3384 1269 3455 Domine
1302 3401 1417 3453 eorum
1454 3383 1508 3476 qni
1542 3378 1733 3452 obtulerunt

354 3494 455 3569 hodie
482 3497 668 3572 oblationes
693 3499 888 3596 praeclaras
916 3518 1018 3596 super
1053 3498 1159 3571 altore
1191 3481 1282 3569 tuum
1315 3507 1484 3570 sanctum:
1519 3505 1553 3568 et
1583 3491 1731 3568 retribue

354 3609 443 3685 bona
471 3613 630 3710 operibus
656 3615 804 3689 illorum:
830 3615 963 3711 comple
985 3612 1250 3687 benedictionem
1270 3623 1359 3686 tuam
1383 3614 1418 3683 in
1436 3610 1587 3684 domibus
1603 3631 1730 3698 eurum,

357 3737 390 3800 et
414 3728 520 3802 libera
549 3752 609 3803 ecs
637 3755 657 3803 a
684 3732 784 3804 malo.

458 3845 610 3918 Elcconr
634 3868 762 3918 rocem.
815 3846 985 3920 Memento
1011 3849 1156 3921 Domine
1192 3868 1308 3918 eorum
1342 3848 1398 3940 qui
1423 3847 1584 3917 invocant
1608 3864 1731 3916 nomen

357 3971 448 4034 mum
475 3970 643 4034 sancum:
673 3961 796 4055 adjuva
823 3973 858 4034 et
883 3962 1037 4036 conforta
1063 3962 1139 4036 illos
1165 3964 1199 4058 in
1225 3962 1372 4056 praelio:
1406 3960 1534 4034 custodi
1568 3969 1601 4032 et
1626 3957 1733 4030 libera

354 4076 429 4148 illos
457 4100 476 4148 a
504 4077 606 4152 malo:
634 4089 708 4152 esto
730 4077 795 4152 illis
814 4078 914 4171 galea
932 4080 1060 4170 salutis,
1087 4087 1122 4150 et
1135 4076 1306 4151 brachium
1327 4074 1569 4174 insuperabile:
1597 4073 1730 4168 comple

354 4214 473 4287 pacem
500 4203 588 4266 tuam
614 4195 647 4266 in
674 4193 829 4268 cordibus
857 4217 984 4283 eorum,
1012 4204 1048 4268 et
1073 4195 1214 4291 dispone
1242 4197 1393 4267 timorem
1419 4202 1509 4266 tuum
1536 4194 1570 4262 in
1597 4192 1730 4263 anima-

354 4306 417 4382 bus
444 4330 578 4397 eorum,
611 4303 687 4406 quia
715 4320 749 4382 tu
776 4331 814 4383 as
842 4310 992 4385 salvator
1020 4321 1136 4384 noster
1162 4311 1325 4382 Domine:
1360 4319 1394 4380 et
1427 4310 1485 4382 tibi
1519 4307 1662 4400 gloriam
1697 4314 1732 4375 et

353 4422 485 4496 laudem
511 4423 698 4514 referimus,
725 4429 963 4521 unigenitoque
989 4427 1076 4500 Filio
1103 4449 1212 4517 nunc,
1239 4435 1300 4498 etc.

461 4539 623 4632 Populus.
665 4543 785 4614 Amen.

457 4655 634 4728 Sacerdos
659 4657 852 4730 inclinatus.
893 4660 1033 4732 Praesta
1060 4656 1158 4732 nobis
1184 4657 1329 4730 Domine
1355 4663 1390 4726 ut
1416 4656 1611 4727 memoriam
1637 4597 1730 4744 ka-

353 4791 427 4842 mus
460 4770 526 4844 hoc
558 4781 710 4867 tempore
744 4783 883 4846 sanctae
909 4773 1087 4848 Genitricis
1113 4775 1179 4846 Dei
1212 4773 1356 4859 Mariae,
1389 4770 1528 4841 loannis
1559 4769 1731 4864 Baptistae

353 4894 387 4957 ct
413 4883 572 4981 Stephani
599 4889 695 4982 primi
720 4890 967 4982 Diaconorum,
995 4894 1206 4986 omniumque
1233 4909 1350 4961 eorum
1378 4889 1434 4982 qui
1461 4907 1481 4956 a
1509 4882 1645 4960 saeculo
1674 4881 1731 4954 tibi

353 4998 557 5094 placuerunt.

405 5137 531 5182 commu.
1469 5116 1519 5190 54
