4782 6068
776 1043 1386 1226 LllUllGlA

428 1376 934 1496 BEATORUM
984 1380 999 1422 ⁸
1054 1377 1752 1500 APOSTOLORUM

476 1613 689 1694 conposita
703 1619 730 1694 Α
751 1617 781 1694 S.
796 1617 925 1695 ADAEO
942 1619 990 1696 ΕΤ
1009 1621 1040 1698 S.
1055 1619 1148 1698 llllll
1167 1619 1423 1698 omonimum
1440 1615 1690 1700 DOCTORIBUS.

396 1887 547 1960 Accedit
571 1889 747 1962 Sacerdos
773 1891 821 1961 ccl
846 1891 1104 1982 celebrandum,
1141 1900 1261 1988 terque
1296 1891 1481 1963 inclinatur
1508 1911 1626 1964 corom
1652 1895 1769 1986 ultori,

449 2011 544 2098 cujus
567 2006 711 2078 cecilium
737 2007 929 2080 orcolotor:
955 2016 1022 2080 tum
1050 2031 1158 2081 corno
1184 2010 1341 2081 lectrum
1367 2013 1403 2079 ct
1427 2013 1619 2098 mammona,
1647 2017 1683 2082 ct
1706 2015 1767 2082 io-

451 2122 599 2194 clt'ootor
624 2123 673 2193 ccl
698 2128 770 2216 ejus
792 2131 928 2217 portem
953 2125 1197 2198 sublimiorem:
1237 2125 1286 2197 Et
1311 2125 1405 2195 dicit.

501 2318 678 2422 Bnuumc
711 2346 864 2419 Domine.
919 2347 1025 2421 Orate
1059 2372 1122 2446 pro
1155 2371 1209 2420 me
1241 2348 1380 2440 Patres,
1411 2346 1534 2423 fratres
1567 2359 1602 2422 et
1635 2351 1768 2424 Domini

396 2466 479 2551 mei,
505 2473 542 2534 ut
566 2463 660 2535 Deus
687 2462 744 2535 det
768 2463 846 2535 mihi
873 2467 1029 2538 virtutem
1055 2476 1090 2537 et
1114 2463 1382 2561 possibilitatem,
1409 2487 1475 2560 quo
1501 2465 1670 2561 perficiam
1696 2469 1768 2539 mi-

396 2582 568 2652 nisterium
593 2578 674 2667 hoc,
702 2578 744 2651 cd
771 2578 858 2674 quod
886 2585 1033 2668 accessi,
1061 2585 1328 2680 suscipiaturque
1354 2580 1480 2654 oblatio
1506 2580 1591 2655 haec
1617 2604 1663 2654 ex
1688 2606 1768 2656 ma-

397 2695 495 2769 nibus
521 2693 754 2768 imbecillitatis
780 2717 896 2785 meae,
924 2719 987 2794 pro
1013 2721 1088 2790 me,
1114 2722 1177 2796 pro
1204 2698 1324 2787 vohis,
1357 2707 1392 2770 et
1423 2718 1486 2794 pro
1519 2708 1590 2772 toto
1623 2721 1768 2796 corpore

397 2809 575 2886 Ecclesiae
602 2821 739 2886 sanctae
766 2810 978 2904 Catholicae,
1008 2838 1070 2912 per
1096 2820 1237 2908 gratiam
1265 2820 1339 2910 ejus
1366 2825 1400 2888 et
1424 2816 1656 2888 miserationes
1683 2819 1793 2914 ejush

394 2926 599 3002 insaecula.
652 2927 772 3002 Amen.

498 3045 547 3116 Et
579 3044 796 3137 respondent.
857 3041 1007 3116 Christus
1040 3043 1199 3116 exaudiat
1237 3049 1407 3118 orationes
1442 3057 1534 3136 tuas,
1570 3055 1798 3147 gratumque⁸

394 3158 517 3233 haheat
543 3159 739 3232 sacrificium
765 3168 870 3232 mum:
898 3161 1056 3256 suscipiat
1082 3157 1286 3233 oblationem
1317 3173 1425 3254 mam,
1460 3163 1670 3260 honoretque
1702 3187 1767 3238 sa-

395 3275 579 3350 cerdotium
605 3285 712 3364 tuum3
740 3285 774 3348 et
800 3274 856 3347 det
881 3274 980 3349 nobis
1012 3295 1075 3372 per
1107 3275 1339 3352 mediationem
1370 3289 1475 3368 tuam,
1508 3283 1642 3353 veniam
1675 3281 1766 3354 ‹leli-

394 3400 523 3464 ctorum
547 3403 753 3482 nostrorum,
779 3401 813 3462 et
831 3391 1064 3464 remissionem
1083 3402 1299 3490 peccatorum
1317 3405 1521 3488 nostrorum,
1547 3400 1767 3494 pergratiam

394 3528 489 3580 suam
515 3517 550 3580 et
575 3509 805 3581 miserationes
832 3529 911 3581 suas
936 3510 972 3580 in
998 3509 1142 3582 saecula.

498 3624 585 3696 Moc
610 3623 755 3695 inclinat
786 3646 824 3696 ce
855 3626 902 3695 od
932 3631 1069 3717 portem
1099 3629 1315 3720 infcriorm
1350 3629 1469 3700 collem
1496 3628 1764 3723 pronuntiando,

394 3740 578 3836 coccoque
603 3743 702 3813 modo
728 3743 781 3814 illi
806 3745 1031 3839 respondent:
1049 3752 1124 3817 tom
1141 3747 1327 3820 inclinatur
1346 3773 1465 3822 cerm
1484 3723 1597 3822 altore
1616 3757 1651 3823 ct
1670 3751 1765 3824 ‹ttctt

497 3857 591 3929 Deus
627 3861 770 3931 omnium
806 3860 987 3952 Dominus,
1022 3866 1065 3935 sit
1097 3885 1172 3936 cum
1206 3865 1359 3940 omnibus
1397 3864 1495 3940 nobis
1531 3889 1593 3964 per
1626 3869 1767 3962 gratiam

396 3994 489 4046 suam
517 3983 551 4046 et
576 3976 830 4065 miserationes,
856 3981 891 4050 in
917 3977 1062 4051 saecule.
1113 3981 1234 4054 Amen.

500 4089 548 4160 Et
580 4089 767 4164 inclinatos
798 4094 845 4164 od
876 4093 1070 4167 Diccoooot
1102 4099 1161 4190 qui
1193 4103 1245 4168 oct
1277 4121 1301 4166 a
1330 4101 1492 4190 sinistro,
1524 4099 1619 4172 dicit.
1671 4098 1765 4170 Deus

394 4207 537 4278 omnium
563 4206 725 4281 Dominus
752 4208 924 4282 confirmet
948 4208 1055 4283 verba
1083 4221 1150 4300 tua,
1177 4223 1212 4284 et
1237 4222 1387 4309 praestet
1412 4213 1471 4286 tibi
1492 4236 1623 4310 pacem,
1650 4218 1764 4289 susci-

394 4325 529 4419 piatque
557 4322 758 4398 ohlationem
784 4326 870 4399 hanc
896 4350 943 4399 ex
968 4327 1120 4402 manibus
1147 4331 1248 4419 meis,
1274 4350 1338 4425 pro
1365 4351 1439 4421 me,
1472 4339 1507 4401 et
1531 4351 1594 4426 pro
1622 4338 1673 4419 te,
1702 4351 1765 4426 pro

393 4448 464 4514 toto
491 4462 637 4537 corpore
662 4440 839 4516 Ecclesiae
873 4454 1011 4517 sanctae
1038 4443 1249 4538 Catholicae,
1284 4454 1320 4518 et
1350 4467 1412 4542 pro
1448 4447 1609 4521 universo
1643 4444 1765 4519 mundo

393 4579 455 4652 per
480 4561 624 4651 gratiam
650 4561 724 4651 ejus
751 4571 785 4634 ct
810 4543 1042 4635 miserationes
1069 4562 1142 4653 ejus
1168 4563 1202 4632 in
1229 4561 1374 4638 saecula.

697 4833 848 4909 loclioot
872 4859 911 4908 cc
936 4835 984 4908 od
1008 4837 1122 4910 ultore
1148 4842 1183 4908 ct
1208 4841 1343 4910 secreto
1369 4838 1463 4910 otctt.

496 5023 639 5098 Domine
665 5035 700 5098 et
725 5028 819 5101 Deus
844 5036 961 5099 noster
985 5047 1030 5099 ne
1056 5029 1201 5125 aspicias
1229 5027 1272 5101 ad
1297 5025 1533 5100 multitudinem
1549 5035 1762 5124 peccatorum

393 5149 600 5231 nostrorum,
627 5163 737 5242 neque
764 5152 935 5218 avertatur
970 5142 1112 5238 cognitas
1145 5154 1201 5219 tua
1233 5153 1371 5242 propter
1403 5145 1604 5238 gravitatem
1638 5145 1763 5238 nequ-

1487 5259 1563 5335 76*
