4728 6028
700 675 754 750 ΙΝ
783 671 1074 750 tttttttotts
1108 668 1378 750 statuuat.
1649 670 1723 744 123

348 859 451 926 sertim
473 875 550 921 vero
572 857 757 940 Baptismum
780 864 812 922 et
834 855 1052 920 Eucharistiam
1075 855 1247 940 designant,
1271 862 1304 918 ut
1326 873 1366 918 ex
1379 854 1602 918 recentioribus
1618 854 1725 918 'lhec-

347 959 426 1043 logis
449 957 637 1022 manifestum
660 966 718 1020 est.
762 957 806 1020 Ea
835 973 957 1038 quoque
987 957 1121 1035 ratione,
1149 955 1399 1018 Nestorianornm
1429 952 1602 1017 Catholicae
1630 954 1723 1034 Elias,

349 1075 425 1122 voce
447 1057 578 1120 Arabica
601 1056 687 1137 cujus
709 1057 757 1119 vis
780 1053 886 1118 eadem
916 1061 983 1130 est,
1009 1071 1098 1116 sacra
1120 1054 1263 1136 mysteria
1285 1052 1448 1133 appellavit
1470 1054 1501 1115 in
1521 1051 1723 1134 Expositicne

348 1155 418 1219 fidei
441 1155 637 1219 Christianae.
681 1153 715 1216 ln
738 1155 833 1236 prima
855 1152 906 1217 illa
929 1155 1107 1233 acceptione
1129 1171 1191 1216 vox
1215 1153 1292 1233 Syra
1313 1143 1447 1236 τελετήν
1468 1169 1524 1214 εειι
1539 1152 1724 1215 Sacramen-

348 1262 410 1318 tum
430 1253 639 1318 Eucharistiae
653 1253 841 1336 significabit.
885 1253 1009 1330 Verum,
1029 1261 1168 1333 utsupra
1191 1251 1429 1325 observavimus,
1452 1249 1638 1313 cumeadem
1660 1270 1723 1315 vox

353 1351 526 1416 Carbonem
548 1371 670 1434 quoque
692 1352 853 1434 significet,
877 1359 908 1414 et
930 1351 970 1412 ita
984 1351 1152 1432 appellatas
1175 1356 1306 1428 constet,
1328 1367 1390 1411 non
1412 1347 1528 1430 aSyris
1543 1349 1644 1429 modo,
1667 1350 1723 1414 sed

350 1470 367 1514 a
395 1452 522 1532 Coptitis
555 1451 718 1533 particulas
751 1452 838 1532 panis
869 1449 1070 1514 Eucharistioi
1098 1450 1284 1526 consecrati,
1306 1465 1363 1528 per
1391 1446 1597 1528 metaphoram
1625 1467 1643 1510 a
1672 1448 1723 1510 vi-

348 1553 433 1615 sione
457 1551 554 1614 Isaiae
577 1568 769 1633 expressam,
793 1567 890 1632 aeque
917 1548 986 1611 huie
1015 1548 1084 1612 loco
1106 1549 1183 1611 haec
1212 1547 1390 1629 significatio
1416 1553 1521 1627 potest
1547 1548 1723 1612 convenire.

349 1649 518 1714 Secundum
541 1648 619 1712 hano
641 1649 891 1733 significationem
913 1647 1030 1710 dicunt:
1054 1647 1156 1710 Carbo
1173 1649 1408 1728 propitiotcriua
1429 1647 1571 1725 corporis
1591 1654 1622 1708 et
1642 1665 1722 1708 sun-
1768 1645 1854 1700 traam
1870 1664 1894 1700 e.
1910 1647 1938 1702 ⁶·

347 1751 449 1829 pomis
471 1747 585 1810 Oba-imi
604 1747 678 1825 Dei,
702 1748 771 1829 quia
793 1745 872 1829 apud
895 1745 1073 1826 Prophetam
1094 1746 1224 1830 legitur:
1252 1744 1334 1808 Ecce
1354 1745 1451 1824 tetigit
1470 1743 1530 1806 boo
1552 1743 1636 1806 lubio
1658 1752 1723 1821 tou,

350 1854 380 1910 ει
406 1846 564 1926 auferetur
594 1848 738 1926 iniquitas
767 1853 834 1923 tuo,
868 1853 898 1908 et
923 1851 1084 1924 peccatum
1119 1853 1200 1908 utum
1228 1842 1429 1906 mundabitur.
1474 1841 1590 1906 Dicitur
1624 1851 1725 1905 autem

348 1931 479 2028 τελετή,
501 1963 557 2008 εειι
580 1944 689 2023 carbo,
713 1945 854 2026 eorporis
876 1951 908 2008 et
929 1944 1085 2026 sanguinis
1108 1942 1237 2022 Christi,
1261 1944 1329 2024 quio
1352 1940 1500 2024 particula
1530 1959 1608 2023 quac
1637 1957 1724 2003 oom-

349 2044 567 2107 municantibus
589 2043 771 2124 praebetur,
794 2061 852 2124 par
873 2043 1015 2106 unionem
1037 2060 1093 2106 seu
1119 2032 1226 2126 Ἀγίαν
1254 2037 1383 2120 ἕνωσιν,
1415 2039 1453 2104 de
1482 2058 1542 2122 qua
1571 2041 1724 2122 superius,

350 2148 381 2206 et
410 2143 634 2221 intinctionem,
669 2141 835 2204 secundum
868 2159 1055 2204 communem
1084 2140 1280 2205 Orientalium
1308 2140 1413 2218 tidem,
1451 2141 1585 2202 continet
1612 2156 1724 2218 corpus

352 2241 461 2306 Christi
484 2247 515 2304 et
537 2241 731 2325 sanguinem,
753 2249 786 2303 ιιι
808 2242 897 2304 etiam
919 2248 1005 2323 gutta
1028 2240 1217 2320 quantumvis
1240 2241 1358 2302 minima
1387 2259 1426 2302 ex
1449 2239 1555 2303 calice.
1599 2237 1725 2300 Doctri-

350 2357 417 2404 nam
439 2340 518 2403 enim
547 2341 815 2417 concomitantiuc,
844 2347 878 2402 ut
906 2339 1011 2402 schola
1039 2338 1132 2422 vulgo
1163 2339 1311 2420 loquitur,
1339 2355 1400 2400 non
1430 2340 1525 2400 minus
1555 2355 1643 2419 quam
1667 2353 1723 2398 nos

315 2451 316 2456 ’
351 2447 536 2522 agnoscunt,
557 2445 590 2500 ιιι
613 2437 651 2502 de
674 2438 800 2501 Graecis
822 2437 1042 2500 recentioribus
1065 2439 1229 2519 perspicue
1243 2445 1373 2516 constat,
1396 2455 1436 2500 ex
1450 2436 1593 2526 Epistolis
1611 2434 1725 2498 Meletii
1773 2435 1848 2504 opus.
1876 2433 1920 2488 ur.
1941 2452 1968 2506 n·
1988 2435 2050 2489 108-

350 2537 422 2620 Piga
451 2535 642 2599 Patriarchae
673 2535 888 2615 Alexandrini,
919 2555 938 2598 a
966 2535 1054 2600 nobis
1089 2537 1187 2600 editis.
1238 2537 1284 2600 De
1315 2535 1536 2615 Orientalibus,
1571 2536 1628 2598 etsi
1658 2552 1724 2597 rem
1736 2530 1760 2574 et
1777 2537 1828 2590 seq.

351 2637 445 2717 ipsam
468 2634 657 2717 theologice
679 2653 741 2698 non
763 2641 987 2710 tractaverunt,
1010 2653 1072 2698 non
1094 2637 1191 2700 minus
1214 2643 1330 2699 certum
1352 2645 1399 2699 est
1421 2655 1462 2698 ex
1484 2635 1634 2699 constanti
1651 2633 1724 2695 illo-

351 2753 415 2800 rum
438 2735 614 2816 disciplina,
637 2734 802 2798 secundum
825 2753 931 2816 quam,
953 2734 1023 2797 dum
1045 2735 1186 2798 viaticum
1208 2735 1331 2798 infirmis
1354 2735 1504 2811 delerant,
1527 2734 1623 2798 solam
1637 2733 1723 2813 panis

352 2835 521 2898 consecrati
544 2832 720 2914 particulam
742 2832 800 2896 illis
823 2831 979 2913 praebent.
1024 2831 1219 2913 lniantibus,
1237 2835 1264 2897 si
1290 2834 1368 2898 illam
1392 2833 1542 2919 deglutire
1564 2850 1625 2896 non
1648 2849 1725 2912 pos-

352 2941 433 3013 sunt,
457 2933 552 3017 digito
575 2933 604 2994 in
628 2932 723 2994 calice
745 2933 869 2994 intincto
892 2933 1014 3013 plenam
1037 2934 1175 3014 corporis
1207 2941 1238 2996 et
1260 2934 1417 3017 sanguinis
1447 2933 1559 2998 Christi
1587 2949 1725 2995 commu-

351 3033 469 3094 nionem
491 3029 565 3094 dare
587 3049 622 3095 se
645 3049 705 3094 non
729 3030 871 3095 dubitant.
915 3031 998 3094 llaec
1020 3039 1119 3095 autern
1142 3030 1238 3095 fusius
1261 3034 1401 3114 exposita
1424 3042 1494 3096 sunt
1515 3033 1545 3094 in
1560 3031 1725 3096 Commen-

351 3133 426 3193 tario
449 3128 487 3193 ad
509 3128 611 3192 Basilii
633 3129 787 3211 Coptioam
810 3130 992 3211 Liturgiam,
1016 3138 1047 3192 et
1070 3130 1140 3194 alibi
1167 3149 1235 3194 oum
1264 3131 1302 3194 de
1333 3130 1550 3195 Communione
1579 3131 1635 3194 sub
1666 3149 1726 3193 una

351 3229 399 3292 vel
421 3237 550 3310 utraque
571 3230 676 3309 speeie
699 3237 857 3293 tractatum
881 3237 943 3292 est:
967 3245 1044 3310 quae
1065 3237 1211 3310 repetere
1233 3248 1311 3310 opus
1333 3247 1394 3293 uon
1417 3237 1474 3307 est,
1497 3247 1565 3292 oum
1576 3228 1665 3292 valde
1677 3230 1724 3292 si-

351 3329 427 3391 milis
449 3327 561 3407 ubique
584 3328 641 3390 bae
663 3329 693 3390 in
716 3336 803 3409 parte
825 3329 864 3392 sit
887 3327 1083 3390 Orientalium
1106 3327 1272 3408 disciplina.

436 3425 579 3508 Sequitur
601 3427 630 3489 iu
660 3427 768 3490 eodem
797 3426 900 3490 Ollicio
924 3427 1072 3488 communi
1095 3425 1272 3490 Oolbertino
1301 3426 1499 3490 Sacerdotem
1522 3435 1652 3508 portare
1674 3427 1727 3488 di-

352 3544 434 3588 scum
456 3526 603 3600 deutera,
631 3527 756 3588 culicem
783 3527 928 3588 rinietru:
956 3545 1080 3606 cumque
1103 3543 1285 3606 progressus
1310 3525 1405 3604 fuerit
1430 3545 1452 3588 o
1474 3535 1567 3606 purte
1594 3532 1726 3604 septetu-
1766 3597 1775 3624 x

352 3625 475 3687 trimtuli
497 3625 541 3686 ud
561 3626 736 3703 australem,
759 3625 879 3687 elcaore
900 3624 1069 3710 dexterum,
1093 3625 1424 3706 utmagredimprteaiu
1441 3625 1507 3687 sive
1521 3623 1725 3700 Sacramenta,

351 3721 408 3784 hoo
431 3731 480 3786 est
503 3731 588 3786 extra
611 3723 813 3786 sanctuarium
837 3721 959 3800 deferri,
984 3724 1027 3785 ud
1047 3724 1283 3785 communionem
1304 3721 1412 3784 boicis
1434 3731 1464 3785 et
1483 3730 1591 3802 postca
1611 3722 1726 3801 foemi-

350 3824 399 3883 m'a
420 3824 659 3902 impertiendum.
705 3822 787 3884 llaec
810 3823 1000 3885 caeremonia
1023 3822 1250 3884 accuratissime
1273 3821 1455 3886 describitur
1477 3823 1506 3883 in
1529 3820 1638 3884 Rituali
1661 3819 1726 3882 Oa-

351 3919 453 3983 brielis
478 3920 669 3984 Patriarcbae
690 3919 906 3999 Alexandrini,
936 3919 973 3982 ab
1002 3919 1119 3983 Autore
1141 3921 1287 3983 scientiae
1310 3920 1560 3997 Ecclesiasticae,
1589 3927 1619 3982 ει
1649 3917 1725 3980 aliis.

353 4019 494 4092 Quamvis
526 4028 625 4083 autern
652 4021 757 4100 paucis
784 4019 887 4082 verbis
916 4019 995 4082 illam
1018 4021 1135 4101 Syriaci
1157 4019 1291 4082 Rituales
1322 4019 1479 4098 deliniant,
1510 4018 1607 4099 qualis
1636 4016 1728 4081 luerit

352 4117 534 4181 sullicienter
555 4117 739 4200 intelligitur.
785 4117 894 4180 Discus
918 4117 997 4180 eninr
1020 4137 1109 4181 sacer
1130 4118 1293 4200 particulas
1315 4118 1626 4196 habetconsecratas,
1648 4136 1726 4198 quae

352 4217 525 4292 elevantur,
549 4224 580 4280 et
604 4217 815 4280 ostenduntur.
859 4215 920 4297 lpsi
942 4225 1041 4280 autem
1063 4217 1268 4280 Protestantes
1291 4216 1493 4281 elevationem
1518 4217 1728 4281 Eucharistiae

353 4333 420 4379 cum
451 4317 520 4398 ejus
548 4315 725 4380 adoratione
760 4322 919 4396 tantopere
947 4317 1137 4398 conjunctam
1164 4315 1318 4398 judicant,
1347 4325 1381 4380 ut
1409 4317 1491 4397 quod
1513 4316 1594 4378 illam
1616 4333 1728 4380 caere·

352 4415 480 4477 moniam
515 4416 544 4476 in
576 4414 699 4477 Graecis
730 4413 892 4478 codicibus
921 4414 1020 4477 multis
1049 4433 1109 4478 non
1138 4415 1325 4496 reperirent,
1360 4433 1420 4478 non
1450 4416 1570 4478 adorari
1601 4416 1638 4479 ab
1668 4416 1727 4480 illis

351 4513 570 4576 Eucharistiam
600 4513 821 4576 affirmaverint·
876 4513 972 4597 Igitur
1006 4515 1095 4576 etiam
1131 4533 1173 4578 ex
1206 4515 1325 4578 illorum
1353 4515 1504 4578 sententia
1538 4515 1589 4578 ubi
1619 4514 1728 4579 eleva-

352 4618 418 4692 tur,
453 4612 611 4675 adoratur:
648 4619 738 4693 atque
766 4611 843 4676 adeo
873 4630 942 4676 cum
965 4613 1103 4676 elevetur
1125 4613 1205 4694 apud
1229 4613 1336 4695 Syros,
1359 4613 1480 4677 adorari
1501 4632 1623 4697 quoque
1645 4615 1727 4678 illam

352 4729 481 4774 necesse
502 4719 558 4773 est.
587 4712 700 4773 Verum
719 4711 816 4774 cultus
839 4710 890 4774 ille
912 4712 1076 4796 religiosus
1099 4721 1158 4775 tam
1181 4713 1348 4794 perspicuis
1372 4715 1557 4797 argumentis
1581 4715 1727 4796 probatus

353 4819 399 4874 est
427 4813 458 4873 in
489 4809 710 4873 Commentario
739 4811 777 4874 ad
803 4811 969 4892 liturgiam
999 4811 1100 4875 Basilii
1123 4811 1294 4893 Coptioam,
1323 4820 1354 4876 ει
1376 4813 1461 4894 alibi,
1484 4822 1518 4876 ut
1540 4814 1647 4878 eadem
1669 4831 1728 4876 re-

352 4913 460 4988 petere
482 4926 611 4972 necesse
634 4911 768 4974 nonsit:
792 4927 859 4973 cum
881 4910 952 4973 talia
974 4912 1050 4989 sint,
1073 4919 1106 4973 ut
1128 4911 1246 4974 illorum
1268 4912 1316 4974 vis
1345 4921 1377 4976 et
1406 4913 1552 4976 autoritas
1582 4931 1640 4994 per
1667 4911 1727 4975 lri-

352 5006 439 5071 volas
475 5007 682 5074 cavillationes
712 5009 792 5074 eludi
824 5020 985 5092 nequeant.
1029 5010 1234 5091 Egredirmtur
1253 5013 1415 5093 mysterio,
1447 5014 1517 5093 quia
1543 5011 1642 5075 Laicis
1676 5013 1727 5073 in-

352 5112 398 5168 tra
441 5110 642 5172 sanctuarium
677 5110 917 5174 communionem
946 5111 1087 5191 accipere
1119 5126 1180 5172 non
1211 5108 1294 5173 licet:
1325 5110 1417 5175 multo
1447 5112 1545 5176 minus
1575 5110 1725 5192 foeminis,

391 5241 514 5288 neuun
1470 5230 1518 5302 19
