4782 6068
708 559 785 636 610
1165 553 1573 634 ttruuotn

705 764 815 809 norum
837 744 926 808 iidem
947 741 1384 806 Ebu-ElimbNestorianus:
1407 737 1492 802 Natii
1509 737 1588 800 filius
1610 738 1725 800 Yemen
1746 735 1901 801 Metcbita:
1923 735 2082 801 Ebnassa-

706 844 765 922 lus,
787 851 819 908 et
840 841 1017 906 Abulbircnt
1038 840 1204 920 Jacobitae,
1227 859 1394 922 omnesque
1415 838 1535 902 tandem
1557 836 1728 900 Orientales
1751 835 1899 920 theologi
1921 844 2081 902 testantur.

794 943 954 1007 Orationes
976 944 1140 1026 gratiarum
1166 941 1293 1004 actionis
1321 939 1443 1016 variae,
1472 955 1550 1020 quae
1578 938 1609 998 in
1635 937 1728 1001 btissa
1756 935 1941 1000 biatabarica
1965 941 2081 1018 primae

706 1041 757 1108 isti
778 1042 933 1126 biturgiae
954 1043 1114 1124 subjuncta
1135 1049 1219 1120 sunt,
1250 1042 1279 1102 in
1302 1042 1413 1102 nostris
1436 1037 1615 1116 codicibus,
1644 1039 1753 1100 tertiae
1775 1055 1853 1118 quae
1875 1035 2009 1100 Nestorii
2033 1042 2082 1098 est

707 1142 960 1224 subjiciebantur:
982 1160 1090 1222 nempe
1113 1141 1264 1222 quianon
1287 1139 1446 1216 adunam,
1469 1137 1525 1200 sed
1548 1137 1586 1200 ad
1608 1155 1713 1201 omnes
1736 1139 1888 1218 pertinent
1900 1133 2082 1219 deligendae

708 1241 747 1306 ad
771 1240 945 1306 Sacerdotis
967 1241 1132 1304 arbitrium.

1081 2113 1686 2294 tttuuott

724 2446 1254 2568 t‘naouoat
1340 2445 2076 2566 tarnanensis

802 2689 854 2764 tn
872 2687 1114 2764 ostreatum
1126 2689 1154 2764 A
1166 2685 1355 2766 Domitor
1379 2689 1496 2766 PRIMA
1513 2683 1848 2778 ANNUNTIATIONIS,
1869 2685 1993 2774 USQUE

1140 2805 1192 2881 tt)
1211 2803 1429 2882 uomttontt
1443 2804 1660 2881 emturum.

940 3007 1081 3082 Domine
1107 3008 1231 3102 adjuvo
1257 3031 1313 3082 me
1338 3031 1400 3105 per
1426 3010 1657 3080 miserationes
1684 3017 1770 3097 tuas,
1797 3015 1860 3080 etc.

1191 3283 1313 3356 Oratio
1341 3308 1458 3356 corum
1484 3286 1612 3356 Alteri.

783 3499 943 3602 Dones
976 3523 1069 3596 Dens
1103 3523 1220 3614 sortis,
1252 3523 1354 3596 Pater
1390 3529 1619 3622 omnipotens,
1645 3527 1701 3618 qni
1728 3545 1766 3596 es
1795 3522 1887 3596 solus
1915 3532 2087 3616 ueterum,

714 3643 869 3716 conditor
896 3645 1039 3715 omniurn
1067 3652 1303 3734 creaturarum,
1330 3641 1408 3714 Rex
1435 3641 1617 3736 gloriosus,
1644 3643 1699 3736 qui
1725 3639 1808 3713 iacis
1836 3639 2004 3732 magnalia
2026 3645 2087 3712 in-

715 3755 1048 3856 comprehensibilia,
1083 3756 1258 3853 praeclara
1292 3769 1325 3830 et
1361 3757 1516 3848 excelsa,
1552 3780 1637 3852 quae
1671 3753 1787 3830 verbis
1824 3755 1985 3852 explicari
2018 3778 2088 3828 nou

715 3884 864 3973 possunt.
925 3873 977 3945 Tu
1009 3895 1072 3968 ρετ
1108 3876 1201 3965 cujus
1240 3873 1520 3970 dispensationem
1561 3871 1785 3946 admirabilem
1826 3883 1860 3945 et
1898 3872 2087 3963 timendam,

716 4014 815 4088 quam
841 4013 903 4087 ρετ
929 3988 1103 4062 humanam
1128 3998 1279 4063 naturam
1306 4002 1453 4064 nostrum
1481 3995 1589 4083 gessit
1614 3993 1802 4082 unigenitus
1829 4000 1903 4063 tuus
1926 3988 2088 4062 Dominus

715 4118 832 4182 noster
857 4109 976 4198 tosus,
1010 4109 1204 4202 praestitisti
1229 4103 1327 4180 nobis
1355 4110 1603 4180 innovationem
1630 4110 1722 4180 vitae
1748 4130 1876 4194 novae,
1905 4106 2090 4200 dedistique

716 4226 815 4298 nobis
841 4228 962 4321 pignus
990 4223 1131 4320 Spiritus
1159 4225 1265 4295 sancti
1291 4226 1324 4294 iu
1352 4221 1509 4296 cordibus
1535 4227 1672 4297 nostris:
1707 4235 1741 4294 et
1771 4245 1900 4296 rursum
1933 4245 1996 4318 per
2022 4243 2090 4293 co-

717 4342 901 4432 gnitionem
918 4343 1056 4412 istorum
1074 4343 1321 4435 mysteriorum,
1339 4339 1600 4438 praeclarorum,
1623 4349 1825 4427 sanctorum,
1853 4341 2091 4412 vivificantium

718 4465 753 4526 et
769 4454 967 4545 divinorum,
980 4476 1043 4526 nos
1057 4453 1166 4528 iecisti
1185 4455 1305 4548 dignos
1320 4461 1535 4551 pergratiam
1551 4465 1652 4547 tuam,
1666 4479 1741 4530 cum
1756 4479 1799 4528 ne
1815 4457 1996 4530 accedendi
2009 4461 2091 4552 qui-

719 4569 794 4642 dem
822 4571 913 4666 digni
940 4593 1103 4660 essemus,
1131 4581 1187 4644 aut
1212 4573 1268 4645 illu
1294 4573 1497 4667 perficiendi,
1522 4584 1558 4646 ut
1581 4575 1636 4646 illa
1663 4577 1923 4671 susciperemus,
1950 4583 1983 4646 ct
2008 4575 2091 4669 ipsis

719 4691 1057 4760 communicaremus:
1093 4710 1160 4760 non
1193 4691 1337 4785 aspicias
1364 4691 1507 4764 Domine
1532 4688 1746 4763 bumilitatem
1773 4701 1807 4764 et
1833 4691 2092 4766 imbecillitatem

719 4812 881 4893 nostram,
908 4803 968 4876 sed
995 4813 1128 4899 praesta
1154 4826 1216 4899 ρετ
1241 4809 1385 4896 gratiam
1411 4815 1510 4893 tuam,
1538 4817 1572 4878 et
1597 4810 1828 4883 miserationes
1855 4817 1929 4882 tuas
1955 4809 2093 4898 uberes,

718 4917 839 5014 plenas
866 4923 973 5012 gratia
1000 4919 1144 5017 Spiritus
1171 4925 1289 5010 sancti,
1315 4931 1351 4993 ut
1377 4923 1451 4995 dum
1479 4925 1688 4998 consistimus
1709 4946 1821 4997 coram
1848 4935 1882 4998 te
1909 4927 2094 4998 conscien-

719 5039 773 5108 tiis
799 5035 940 5126 mundis,
968 5046 1002 5108 et
1028 5035 1195 5111 offerimus
1219 5037 1277 5111 tibi
1300 5035 1496 5113 sacrificium
1513 5037 1579 5112 boc
1595 5045 1721 5135 vivum,
1741 5053 1902 5132 sanctum,
1929 5051 2095 5138 accepta-
