4712 6032
444 955 510 1046 IN
561 955 942 1068 ttttnptttt
984 957 1167 1050 tutti
1216 957 1434 1051 PAPAE

849 1157 1024 1240 totto.
1119 1217 1122 1222 -

361 1355 444 1434 Junn
465 1366 591 1430 Romani
612 1365 762 1429 Pontificis
786 1366 907 1430 nomine
922 1367 1085 1449 Liturgiam
1107 1365 1352 1448 apudJacobitas
1375 1373 1481 1431 exure
1504 1378 1619 1434 certum

253 1479 313 1550 est,
344 1469 514 1534 testimonio
542 1469 700 1532 multorum
723 1467 868 1532 Codicum
889 1469 961 1534 Mss.
992 1473 1042 1551 qui
1066 1488 1131 1532 eam
1153 1478 1399 1552 repraesentant:
1429 1479 1491 1534 turn
1518 1475 1617 1552 etiam,

253 1569 333 1650 quod
348 1569 516 1631 Maronitae
538 1569 725 1632 recentiores
749 1586 815 1630 eam
836 1569 915 1631 inter
937 1589 1007 1634 suas
1020 1577 1188 1648 numerent,
1210 1577 1243 1632 ut
1257 1567 1493 1633 lecitAbrabam
1505 1571 1620 1636 Echel-

252 1670 356 1748 lensis,
378 1670 410 1731 in
431 1667 517 1730 Notis
541 1668 578 1728 ad
601 1665 815 1746 llebed-Jesu,
838 1667 959 1732 Gabriel
982 1670 1094 1734 Sionita
1115 1668 1250 1749 Epistola
1274 1670 1310 1731 ad
1330 1669 1501 1732 Burtoldum
1523 1671 1619 1734 Nlhu-

253 1770 329 1831 sium
351 1775 382 1830 et
404 1767 463 1829 alii.
508 1765 635 1845 Tamen,
664 1785 723 1848 qua
745 1766 862 1829 ratione
884 1770 1032 1847 nescitur,
1062 1770 1139 1830 inter
1162 1785 1213 1830 eas
1237 1786 1315 1849 quae
1336 1768 1366 1830 in
1389 1768 1501 1832 lllissali
1525 1768 1619 1832 Chal-

252 1868 338 1931 daicc
362 1866 461 1930 editae
483 1865 619 1942 luerunt,
646 1867 744 1930 locum
765 1885 826 1930 non
847 1865 966 1943 babuit3
994 1886 1050 1930 nee
1073 1867 1229 1930 immerito.
1274 1866 1379 1948 Neque
1402 1867 1480 1930 enim
1502 1867 1618 1948 Latine,

253 1965 380 2045 Graece,
404 1973 455 2027 aut
478 1964 533 2027 alia
557 1983 643 2047 quarn
656 1967 780 2048 Syriaca
795 1967 897 2048 lingua
920 1969 1071 2048 reperitur
1091 1965 1163 2044 ulla,
1187 1983 1264 2048 quae
1288 1965 1367 2028 hune
1388 1966 1503 2028 titulum
1526 1985 1619 2047 prae·
1701 1957 1707 1964 ’

254 2064 331 2128 ferat
352 2063 499 2148 Liturgia.
529 2065 685 2128 Jacobitae
708 2065 777 2146 Syri
800 2066 849 2146 qui
871 2084 966 2128 novas
987 2065 1094 2128 multas
1118 2073 1360 2146 composuerunt,
1384 2073 1417 2127 ut
1426 2065 1507 2130 Juli'o
1519 2067 1619 2148 Papae

251 2181 340 2226 unam
363 2162 571 2241 attribuerent,
595 2182 685 2226 causa
707 2164 782 2226 baec
804 2163 867 2228 luit.
903 2164 1054 2246 Epistolas
1077 2163 1235 2227 nonnullas
1250 2163 1337 2227 istius
1353 2163 1515 2241 Pontificis,
1538 2185 1617 2248 quae

254 2261 363 2324 dudum
385 2281 403 2324 a
425 2263 498 2324 viris
521 2262 701 2325 doctissimis
724 2263 870 2344 explosae
893 2271 971 2342 sunt,
994 2265 1024 2326 in
1047 2263 1155 2344 quibus
1177 2263 1360 2343 praesidium
1378 2263 1498 2344 aliquod
1521 2265 1620 2327 errori

251 2377 318 2438 suc,
341 2359 574 2441 monophysitae
595 2363 748 2440 reperisse
779 2381 813 2424 se
844 2363 1028 2439 existimant,
1061 2361 1269 2424 commendant
1298 2377 1499 2443 magnopere,
1531 2369 1561 2425 ct
1588 2363 1617 2424 in

146 2497 152 2510 ·
252 2459 455 2524 Collectaneis
485 2459 544 2521 illis
572 2476 650 2542 qnae
681 2460 771 2522 multa
800 2469 936 2523 veterum
965 2462 1083 2523 Patrem
1113 2460 1297 2538 testimonia,
1321 2459 1359 2522 ad
1382 2461 1469 2523 unius
1492 2469 1618 2524 naturae

251 2557 460 2640 probationem
482 2559 646 2636 continent,
669 2576 727 2622 non
751 2577 846 2641 pauca
869 2579 908 2622 ex
930 2559 988 2623 illis
1010 2560 1153 2642 Epistolis
1176 2557 1358 2622 referuntur.
1390 2558 1450 2624 Sed
1473 2561 1503 2622 id
1525 2579 1619 2643 prae-

254 2659 341 2738 cipue
365 2659 547 2720 observatur
567 2659 598 2720 in
620 2657 697 2720 libro
719 2659 865 2722 maximae
889 2659 966 2740 epud
988 2659 1141 2723 lacebitas
1164 2659 1346 2737 autoritatiS,
1369 2661 1420 2740 qui
1442 2660 1532 2722 Fides
1553 2659 1619 2721 Po÷

254 2766 332 2819 trem
355 2757 537 2839 appellatur:
560 2766 593 2820 ut
614 2759 644 2820 in
667 2747 855 2822 Tra'ctatibus
878 2758 1024 2823 adversus
1040 2759 1194 2823 blelchitos
1218 2765 1249 2821 ct
1270 2757 1476 2836 Nestorianos,
1498 2757 1546 2821 isa
1568 2757 1620 2819 lilii

254 2855 358 2934 Zoraa,
383 2865 413 2920 et
435 2857 533 2920 multis
557 2856 631 2920 aliis.
675 2856 753 2919 Nihil
776 2866 874 2920 tamen
897 2860 927 2920 in
949 2861 1006 2922 ista
1021 2857 1155 2940 liturgia
1178 2855 1432 2936 animadvertitur,
1456 2857 1536 2940 quod
1549 2857 1619 2919 blo-

253 2955 478 3037 nopbysitarum
502 2956 642 3019 haeresin
664 2957 802 3021 insinuet.
848 2957 936 3032 Quod
959 2959 1037 3020 enim
1060 2959 1089 3019 in
1112 2955 1261 3038 lliptycho
1284 2973 1393 3020 nomen
1416 2955 1531 3021 Severi
1550 2954 1620 3018 An-

253 3055 384 3118 tiocbeui
405 3056 535 3140 legatur,
558 3055 637 3118 illam
660 3056 697 3118 ad
711 3056 864 3120 Jacobitas
879 3059 1064 3139 pertinuisse
1080 3056 1273 3133 demonstrat,
1296 3053 1351 3117 scd
1366 3055 1437 3118 nihil
1452 3056 1522 3118 inde
1540 3055 1620 3118 circa

253 3153 331 3216 illius
344 3156 549 3236 antiquitatem
564 3153 671 3218 deduci
686 3163 802 3235 potest:
819 3175 885 3218 eum
900 3157 1012 3219 librarii
1028 3173 1121 3236 saepo
1134 3153 1242 3218 addant
1257 3172 1317 3218 non
1333 3156 1422 3218 modo
1436 3164 1619 3230 sanctorum,

255 3271 331 3333 qnae
360 3255 435 3334 ipsis
458 3256 640 3317 innuentem
663 3256 787 3318 veniunt
810 3256 946 3334 nomina,
970 3255 1025 3318 sed
1048 3272 1153 3317 eorum
1175 3253 1314 3331 manime,
1338 3255 1399 3334 qui,
1422 3261 1455 3316 ut
1476 3253 1618 3330 Severus,

255 3353 284 3414 in
313 3351 451 3416 Ecclesia
484 3372 539 3416 sua
567 3355 731 3417 sanctitatis
759 3362 791 3417 et
824 3355 977 3418 doctrinae
1006 3354 1148 3434 opinione
1182 3351 1433 3414 commendantur.
1478 3351 1619 3425 Quamvis

254 3468 346 3532 porro
378 3452 458 3514 lulio
481 3452 614 3516 Romano
643 3451 796 3531 Pontifici,
829 3461 878 3515 aut
907 3453 971 3539 ejus
999 3452 1088 3514 aetati
1115 3451 1190 3512 banc
1220 3450 1383 3534 liturgiam
1412 3451 1532 3513 attribui
1559 3467 1620 3512 non

254 3568 346 3631 posse
368 3553 560 3633 perspicuum
583 3553 636 3627 sit,
667 3553 745 3614 inter
768 3553 904 3634 antiquas
927 3552 1044 3634 Syriaci
1066 3552 1141 3614 ritus
1163 3549 1345 3612 numeranda
1368 3557 1466 3612 tamen
1488 3547 1618 3627 videtur,

255 3651 433 3730 praesertim
449 3651 487 3714 ob
502 3651 678 3714 brevitatem
692 3657 722 3714 et
737 3651 798 3713 stili
811 3635 1040 3732 simplicitatem,
1063 3670 1079 3712 a
1103 3669 1161 3731 qua
1185 3649 1373 3713 dellexerunt
1395 3657 1427 3712 ut
1449 3648 1618 3729 plurimum,

257 3750 306 3829 qui
330 3748 403 3811 alias
426 3752 463 3813 ad
486 3752 684 3813 vetustiorum
706 3749 830 3811 sormam
853 3758 1097 3832 composuerunt.
1133 3747 1211 3812 Nihil
1234 3756 1334 3811 autem
1355 3749 1386 3810 in
1409 3766 1445 3810 ea
1467 3746 1621 3830 singulare

257 3849 405 3926 occurrit,
437 3837 519 3930 quod
547 3849 755 3930 explicandum
785 3851 824 3911 sit
854 3846 961 3912 lesiori
990 3851 1219 3913 commentario:
1255 3865 1322 3910 cum
1351 3863 1429 3928 quac
1459 3844 1497 3908 de
1526 3844 1620 3907 forma

257 3946 418 4011 verborum
441 3947 567 4026 Christi,
590 3957 621 4012 et
643 3949 844 4012 invocationis
868 3947 997 4030 Spiritus
1020 3947 1115 4012 sancti
1138 3947 1218 4012 dicta
1240 3954 1310 4010 sunt
1332 3945 1370 4008 ad
1391 3944 1497 4009 iacobi
1518 3944 1621 4007 Litor-

256 4045 351 4126 giam,
372 4048 421 4110 isti
444 4065 564 4130 quoque
588 4049 778 4112 conveniant.

685 4375 1199 4420 ’ψ
